1993 3195
649 339 688 384 C
722 341 762 381 A
793 343 823 381 P
854 343 894 384 U
923 341 964 383 Τ
1022 344 1112 386 ῙΠ.
1520 363 1606 408 209

247 399 511 447 Subnectitur
533 398 654 442 etiam
672 399 804 445 verbis
818 398 988 451 ‚fci'talla
1004 414 1216 460 proroget,
1233 401 1418 446 clausula
1439 423 1547 463 ,qua
1558 421 1611 454 te·

132 479 209 509 nus
236 465 410 512 duren13
442 458 571 517 idque
595 473 644 501 ea
665 459 823 502 ratione
847 460 922 510 fit,
940 461 1037 516 quia
1071 463 1104 504 si
1125 461 1259 504 fatalia
1293 463 1578 519 expiraverint
1597 498 1614 519 ,

131 538 216 568 non
235 534 364 580 potest
378 520 457 578 peti
478 516 739 577 prorogati03
757 533 854 561 nam
868 522 1078 578 prorogari
1095 522 1262 579 proprie
1283 522 1459 574 dicitur,
1474 541 1606 579 quan·

131 583 185 626 do
211 581 348 624 adhuc
379 579 575 622 terminus
605 579 759 627 durat,
795 592 833 622 et
866 579 1041 637 proinde
1075 582 1107 623 si
1148 579 1284 624 fatalia
1317 596 1405 624 non
1436 598 1607 630 currant

127 641 341 701 prorogari
376 651 620 696 nequeunt;
659 637 843 695 sequitur
863 669 878 690 ,
909 654 951 683 et
987 641 1063 683 alia
1093 641 1276 684 clausula
1305 655 1317 682 =
1359 651 1397 684 et
1410 653 1609 700 quatenus

127 702 246 762 lapsa
270 698 351 743 sint
366 729 380 749 ,
412 713 563 742 novum
580 699 799 741 terminum
827 698 1028 757 praefigat
1047 700 1215 743 arbitrio
1234 715 1309 744 suo
1329 715 1342 751 ;
1370 714 1409 744 et
1429 703 1525 745 addi
1544 703 1609 746 de·

129 763 223 807 bet:
237 770 388 803 attento
405 760 516 816 quod
528 758 570 801 in
578 758 713 817 prima
730 791 744 809 ‚
761 760 809 800 ad
828 756 1095 803 differentiam
1116 762 1287 804 aliarum
1305 761 1608 812 instantiarum,

130 835 228 864 nam
248 821 289 862 in
305 819 488 863 secunda
508 847 521 868 ,
538 832 576 862 et
591 819 760 861 caeteris
777 819 978 862 instantiis
997 817 1430 879 fatalia-prorogantur
1442 851 1454 869 ‚
1469 822 1500 865 si
1525 822 1606 865 du«

132 893 252 932 rent,
283 895 399 924 secus
425 893 560 922 autem
586 879 617 921 si
637 878 746 937 lapsa
775 879 857 922 sint
878 910 887 921 ,

366 970 430 1012 De
460 967 814 1011 Commissionibus
831 968 872 1010 in
894 969 1066 1025 judiciis
1086 969 1364 1028 possessoriis.

250 1057 397 1115 Quum
431 1058 691 1114 possessionis
721 1073 863 1101 causae
891 1060 944 1100 ad
963 1059 1037 1101 tria
1071 1060 1359 1104 tantummodo
1376 1074 1523 1117 genera
1541 1076 1602 1106 re-

129 1118 324 1176 digantur
344 1147 357 1167 ,
390 1133 569 1173 quorum
591 1117 769 1175 primum
803 1117 1118 1175 adipiscendae,
1151 1118 1323 1161 alterum
1354 1119 1604 1172 retinendae.

128 1177 294 1221 tertium
323 1191 420 1218 vero
442 1177 744 1232 recuperandae
774 1192 795 1217 a
815 1177 1116 1222 jurisconsultis
1140 1178 1364 1232 appellatur
1379 1209 1393 1226 ,
1426 1179 1473 1219 de
1497 1195 1602 1222 uno-

126 1248 294 1293 quoque
327 1248 470 1291 genere
504 1248 636 1291 pauca
667 1234 900 1275 disserendo
929 1264 942 1283 ,
978 1235 1303 1278 commissiones
1333 1235 1602 1281 exhibemus„

129 1295 168 1336 A
202 1293 369 1347 judicio
402 1292 686 1349 adipiscendae
721 1292 1004 1344 exmdiemes,
1038 1294 1262 1336 indubium
1295 1308 1378 1343 est,
1412 1293 1478 1346 jus
1510 1297 1602 1338 adi—

128 1352 346 1409 piscendae
364 1352 621 1410 possessionis
640 1350 901 1394 multifariam
935 1353 1061 1403 oriri,
1078 1367 1118 1395 et
1149 1354 1325 1410 primum
1358 1368 1429 1411 per
1446 1354 1603 1399 clausu-

127 1412 209 1455 lam
224 1411 438 1458 consu’tuti,
455 1425 562 1466 quae
582 1412 624 1451 in
644 1412 924 1453 Instrumentis
940 1413 1091 1470 apponi
1110 1414 1223 1462 solet,
1241 1427 1278 1454 et
1299 1428 1380 1469 qua
1399 1414 1490 1468 quis
1509 1429 1603 1457 con-

126 1471 327 1516 trahendo
345 1469 618 1518 constituerit,
639 1483 678 1510 se
708 1469 843 1524 aliqua
866 1472 971 1511 bona
994 1471 1155 1512 alterius
1184 1472 1350 1511 nomine
1379 1472 1601 1528 possidere,

126 1532 350 1586 eodemque
383 1542 557 1588 ternpore
588 1527 630 1568 in
659 1527 770 1570 illum
788 1527 1000 1570 transferat
1018 1544 1156 1573 veram
1176 1560 1189 1577 ‚
1216 1542 1255 1571 et
1285 1529 1430 1571 realem
1447 1546 1602 1587 posses-

127 1590 305 1640 sionem3
332 1589 436 1632 itaut
450 1587 779 1631 Constitutarius
797 1601 881 1629 non
915 1588 1093 1646 indigeat
1122 1589 1200 1630 alio
1221 1589 1418 1632 mandato
1452 1591 1500 1632 de
1532 1591 1602 1635 im»

126 1650 355 1697 mittendo,
389 1649 459 1691 sed
493 1649 545 1689 illi
571 1647 662 1690 satis
692 1648 741 1690 sit
768 1646 952 1690 obtinere
987 1650 1230 1690 mandatum
1264 1650 1311 1690 de
1345 1650 1597 1701 associando,

127 1723 175 1753 ut
202 1709 364 1767 pacifice
386 1708 628 1752 continuare
648 1707 770 1764 possit
794 1707 1085 1763 possessionem
1117 1709 1169 1750 ita
1198 1709 1413 1763 quaesitam
1434 1722 1446 1757 ;
1481 1709 1615 1764 quod·

125 1768 349 1820 Judicium,
367 1768 625 1810 Assistentiae
644 1767 685 1808 in
702 1766 792 1808 foro
810 1766 1082 1824 Neapolitano
1101 1766 1325 1825 appellatur
1340 1796 1352 1815 ‚
1365 1782 1413 1809 ex
1432 1782 1480 1809 eo
1498 1768 1599 1825 quia

128 1826 440 1870 constitutarius
470 1840 491 1865 a
523 1826 663 1872 judice
697 1825 822 1881 petit,
860 1839 905 1867 ut
937 1825 1213 1868 Assistentiam
1246 1827 1320 1868 sibi
1349 1840 1520 1884 praestet
1555 1827 1600 1870 in

129 1884 466 1929 Continuatione
490 1881 750 1941 possessionis
767 1913 776 1922 .
805 1881 1053 1935 Huiusmodi
1078 1884 1231 1938 Judicii
1269 1885 1519 1930 commissio
1534 1901 1598 1929 see

134 1959 266 2001 quens
288 1957 345 1987 est
362 1973 374 1986 .
727 1990 733 1993 „

458 1999 701 2042 Commissio
733 2000 775 2041 in
803 2001 944 2044 Causa
971 1999 1232 2045 Immissionis
1252 2029 1265 2044 .

757 2061 940 2103 Romana
965 2090 975 2102 .

658 2119 888 2161 Beatissime
916 2123 1062 2163 Pater*-

247 2179 305 2224 N.
327 2181 383 2223 N.
422 2175 697 2221 Adversarius
725 2192 898 2220 assertus
933 2179 1120 2221 Creditor
1139 2183 1343 2236 quondam
1379 2180 1514 2226 N.N.
1554 2180 1594 2226 in

129 2240 247 2285 scutis
264 2243 320 2282 N.
345 2250 528 2281 monetae
561 2237 643 2297 egit
659 2251 796 2281 coram
827 2239 934 2281 AC.
951 2239 1008 2280 N.
1026 2254 1063 2281 et
1090 2238 1259 2283 obtinuit
1276 2252 1411 2286 contra
1447 2242 1506 2283 N.
1535 2243 1591 2285 N.

131 2302 316 2343 devotum
343 2302 386 2342 S.
415 2300 462 2344 V.
484 2300 691 2341 Oratorem
713 2297 945 2339 sentenciam
962 2297 1232 2356 favorabifiem
1251 2317 1368 2359 super
1386 2301 1597 2344 immissio—

134 2375 182 2402 ne
213 2360 253 2401 ἱη
275 2359 513 2417 possessione
547 2357 666 2399 unius
690 2358 835 2399 domus
853 2386 865 2403 ,
888 2368 924 2399 et
939 2359 1114 2401 aliorum
1134 2363 1328 2403 bonorum
1352 2362 1500 2404 valoris
1514 2375 1598 2402 scu-

132 2433 266 2462 torum
286 2420 390 2460 mille
409 2452 421 2470 ,
432 2434 506 2478 per
523 2417 729 2460 Oratorem
750 2419 880 2472 spatio
913 2431 964 2458 10
1009 2435 1208 2461 annorum
1230 2452 1242 2468 ‚
1271 2432 1311 2461 et
1329 2423 1436 2461 ultra
1466 2419 1595 2475 legiti-

134 2493 198 2521 me
221 2494 487 2536 possessortem
509 2511 521 2528 ‚
556 2492 692 2521 verum
733 2476 824 2534 quia
855 2476 956 2518 idem
987 2480 1041 2519 N.
1070 2478 1125 2520 Ν.
1151 2480 1306 2520 nullam
1331 2496 1449 2536 super
1480 2479 1598 2523 dictis

134 2538 248 2580 bonis
271 2540 384 2579 habet
406 2540 652 2595 hypothecam
672 2568 684 2586 ,
715 2548 752 2578 et
771 2536 811 2577 in
837 2552 992 2578 omnem
1021 2553 1156 2580 casum
1203 2550 1331 2580 cessat
1361 2554 1415 2581 ex
1449 2541 1591 2582 Omma

133 2598 189 2642 ris
215 2597 451 2657 possessione
478 2598 703 2648 decennali,
736 2597 838 2641 ultra
870 2600 973 2656 quod
996 2599 1136 2701 αὲἰῑιιὲ
1162 2600 1208 2641 cle
1226 2599 1335 2642 bonis
1354 2599 1597 2659 Emphyteu-

1034 2660 1076 2701 D
1496 2659 1608 2713 ticisg,
