2075 3167
450 294 479 336 4
734 276 812 319 DE
845 277 979 330 JURE
1010 274 1358 319 SIGNATURAE
1390 276 1646 326 JUSTlTIAE

446 346 612 398 gnatum
643 336 798 397 Digest.
833 339 877 378 cle
912 338 1127 381 Ver-hoium
1158 336 1476 396 sigrzficatione·
1465 370 1478 387 ‚
1513 350 1557 379 ut
1589 351 1673 394 prae
1705 334 1856 379 caeteri's
1883 346 1942 379 te·

452 411 581 441 statur
604 397 815 454 Gonqalcq
849 396 923 453 (1)

572 456 738 498 Accedit
752 456 848 497 huic
869 457 1078 497 sententiae
1098 454 1357 505 Faztinellus,
1370 455 1441 512 (2)
1459 466 1497 497 et
1513 457 1711 497 Romanae
1727 453 1870 496 Curiae
1885 453 1941 496 Si-

454 529 672 572 gnaturam
688 515 803 557 talem
821 529 899 557 esse
916 515 1089 556 ostendit
1122 528 1206 554 non
1245 514 1323 554 alio
1341 528 1436 556 sane
1479 527 1747 571 argumento
1780 527 1903 570 quam
1919 514 1942 555 ὲ

454 574 633 627 ῐηωςῑηιο
668 574 928 615 Praelatorum
951 603 963 621 ,
994 587 1082 613 earn
1119 573 1497 628 repraesentantium
1528 573 1663 616 officio
1691 602 1705 622 ,
1741 585 1940 630 porrectas

455 647 598 688 nempe
632 631 810 687 Principi
835 645 969 688 preces
989 659 1001 677 ,
1032 645 1077 672 ac
1113 631 1422 686 supplicationes
1441 632 1668 682 referendi,
1706 633 1841 688 eisque
1877 645 1941 672 re-

456 705 651 747 sponsum
680 690 906 739 reddendi;
927 701 966 731 at
981 703 1214 746 perperam
1248 703 1343 730 nam
1368 691 1580 741 officium,
1607 691 1688 735 sive
1706 689 1857 740 judicis
1874 705 1943 748 po·

452 761 573 791 testas
592 763 781 796 summa,
815 762 1080 805 supremum,
1113 747 1177 791 vel
1211 749 1584 804 praestantissimum
1617 749 1820 793 Tribunal
1851 749 1943 790 red-

455 808 549 856 dit,
569 807 792 874 ..antiquum
824 821 921 852 Vero
946 821 1091 856 secus3
1113 806 1333 862 antiquitas
1363 809 1472 850 enim
1508 809 1711 852 metienda
1737 822 1793 851 est
1808 808 1888 849 ab
1879 821 1944 848 tn-

453 867 673 910 stitutionis
703 880 876 924 tempore
906 881 992 908 non
1016 881 1112 909 vero
1147 882 1169 907 a
1202 866 1506 933 Jusdicentium
1543 868 1777 911 auctoritate
1808 881 1821 914 ;
1850 881 1945 907 cum

452 925 643 990 pleraque
664 926 744 969 sint
764 925 1007 967 Tribunalia
1029 925 1257 968 recentioris
1279 925 1486 975 instituti,
1505 941 1600 982 quae
1620 924 1946 990 praestantissima

455 997 575 1026 etiam
596 995 837 1041 reputantur
853 986 906 1024 ob
928 984 1127 1040 amplam,
1153 983 1214 1027 vel
1243 985 1484 1038 peculiarem
1516 982 1870 1035 jurisdictionem.
1899 981 1949 1023 Et

456 1057 505 1084 eo
522 1043 647 1096 magis
667 1042 896 1097 incongrua
922 1042 1083 1083 videtur
1101 1041 1221 1081 altera
1242 1040 1422 1093 ejusdem
1440 1039 1638 1080 Fattz'nelli
1663 1038 1918 1081 ratiocinatio
1933 1070 1948 1089 ,

456 1115 540 1156 qua
564 1101 617 1141 ad
636 1099 979 1155 comprobandam
1010 1098 1240 1153 Signaturae
1271 1096 1498 1138 Pontificiae
1523 1095 1806 1150 antiquitatem
1823 1112 1951 1139 cona-

456 1174 522 1202 tur
555 1158 722 1200 ulterius
746 1157 984 1205 ostendere,
1012 1156 1276 1197 Praelatorum
1295 1169 1445 1197 munus
1461 1186 1474 1204 ,
1509 1154 1532 1196 ὲ
1557 1155 1709 1209 quibus
1726 1155 1945 1213 signatura

458 1216 720 1266 'efformatur‚
739 1215 1065 1271 antiquissimum
1083 1229 1131 1256 ex
1150 1228 1197 1255 eo
1217 1228 1323 1263 esse,
1344 1215 1457 1269 quod
1476 1229 1575 1255 usus
1587 1214 1809 1256 libellorum
1829 1216 1947 1257 Prin-

460 1277 539 1333 cipi
561 1274 864 1317 offerendorum
898 1275 1008 1332 apud
1028 1288 1170 1315 omnes
1191 1273 1393 1314 Nationes
1428 1288 1578 1330 semper
1611 1273 1718 1314 fuit·
1708 1306 1721 1322 .,
1758 1288 1779 1314 a
1799 1287 1947 1316 natura

460 1335 668 1392 enimipsa
707 1334 922 1375 didicimus
953 1333 1128 1389 Principt
1143 1331 1293 1374 libellos
1320 1328 1535 1381 exhibere,
1566 1347 1696 1388 quum
1717 1334 1817 1374 vel
1809 1349 1849 1373 m
1883 1335 1950 1374 in-

460 1394 648 1436 feriorem
668 1393 766 1435 desit
786 1393 955 1435 facultas
975 1390 1243 1439 decernendi,
1274 1390 1358 1434 vel
1348 1392 1497 1448 ,ustitia
1513 1364 1758 1449 denegetur,
1787 1407 1824 1433 at
1843 1391 1950 1448 quid

458 1453 589 1495 inde?
624 1468 743 1496 usum
770 1453 888 1492 etiam
922 1450 1073 1492 citandi
1093 1442 1204 1508 apud
1236 1452 1440 1493 Romanos
1463 1451 1641 1494 fuissem
1673 1465 1876 1510 comperto
1890 1467 1949 1494 sa-

460 1513 511 1555 tis
528 1525 584 1555 est
602 1541 614 1558 ‚
653 1525 746 1567 ergo
766 1509 943 1551 dicemus
960 1510 1161 1551 Cursores
1185 1524 1343 1552 nostros
1364 1511 1711 1568 praestantissimos
1727 1526 1811 1569 prae
1829 1526 1949 1553 caete-

460 1570 528 1612 ris
549 1585 656 1617 esse,
692 1582 730 1611 et
745 1568 977 1611 Cursorum
1010 1568 1239 1626 Collegium
1274 1570 1633 1626 antiquissimum?
1669 1587 1716 1613 ex
1736 1572 1797 1612 his
1825 1570 1947 1626 igitur

459 1629 575 1670 facile
599 1628 772 1684 quisque
793 1628 1010 1686 percipiet,
1048 1644 1148 1670 num
1169 1643 1272 1671 recte
1290 1644 1311 1670 a
1338 1630 1523 1686 superius
1554 1631 1720 1674 laudato
1746 1629 1947 1673 Fattinello

457 1687 690 1743 Signaturae
727 1686 947 1730 pontificiae
968 1688 1187 1743 antiquitas
1207 1691 1464 1745 comprobata
1482 1690 1531 1733 sit
1550 1721 1560 1730 .

577 1747 804 1789 Indubium
832 1758 966 1788 tamen
984 1761 1041 1789 est
1059 1779 1071 1796 ,
1104 1747 1331 1802 antiquitus
1360 1750 1518 1805 negotia
1539 1779 1552 1798 ,
1571 1763 1664 1804 quae
1683 1750 1736 1792 ad
1749 1751 1787 1790 S.
1810 1746 1951 1790 Sedem

463 1806 774 1855 deferebantur,
813 1806 1001 1847 Summos
1038 1806 1248 1848 Pontifices
1291 1809 1544 1847 consuevisse
1575 1822 1646 1860 per
1661 1808 1806 1861 seipsos
1831 1820 1951 1860 expe-

461 1865 574 1913 dire,
605 1864 733 1904 donec
768 1864 986 1904 multitudo
1005 1864 1348 1919 expediendarurn
1380 1878 1513 1901 rerum
1534 1863 1636 1900 adeo
1667 1862 1871 1908 excrevit,
1905 1875 1951 1904 ut

459 1922 699 1972 difficultas,
729 1937 815 1978 qua
849 1922 1108 1977 angebantur
1139 1930 1350 1973 sequentes
1378 1917 1587 1959 Pontifices
1619 1917 1660 1957 in
1694 1920 1950 1961 rescribendo

459 1994 548 2029 tot,
577 1980 783 2037 tantisque
819 1979 1018 2036 negotiis,
1053 1992 1147 2034 quae
1186 1992 1207 2017 a
1241 1989 1326 2019 toto
1345 1987 1542 2017 terrarum
1568 1975 1676 2018 Orbe
1708 1977 1760 2017 ad
1786 1993 1950 2021 eorum-

460 2041 551 2082 dem
583 2040 909 2083 Audientiamin
933 2038 1018 2080 dies
1046 2037 1334 2079 deferebantur
1352 2064 1364 2082 ,
1393 2049 1645 2077 occasmnem
1661 2050 1843 2092 praestitit
1862 2039 1950 2081 Au-

460 2099 653 2142 ditorium
669 2098 884 2156 erigendi,
914 2096 1183 2139 constitutum
1197 2093 1447 2147 quibusdam
1463 2095 1806 2150 prudentissimis,
1831 2113 1948 2152 aeque

459 2172 505 2199 ac
535 2158 771 2201 doetissimis
799 2156 909 2198 Viris
932 2184 944 2202 ,
982 2155 1053 2210 qui
1087 2154 1407 2211 supplicantium
1441 2153 1703 2211 petitionibus
1722 2157 1865 2212 praesto
1899 2171 1953 2197 es-

432 2251 435 2253 *
460 2230 576 2266 sent,
608 2218 655 2258 de
674 2216 769 2259 facti
801 2215 968 2259 veritate
988 2214 1144 2272 plenius
1162 2228 1200 2255 se
1219 2213 1518 2263 informarent,
1547 2226 1585 2256 et
1615 2215 1780 2255 Summo
1814 2215 1953 2257 Ponti-

459 2274 525 2317 fici
543 2275 733 2317 referrent
751 2305 761 2314 .

577 2335 682 2376 Sunt
701 2334 811 2377 enim
831 2333 902 2388 qui
919 2332 1122 2376 affirmant
1139 2363 1153 2383 ‚
1180 2331 1265 2375 illos
1283 2331 1457 2390 primum
1476 2331 1690 2389 appellatos
1706 2331 1823 2374 fuisse
1841 2332 1956 2376 Con-

1840 2391 1952 2432 silia-

507 2479 561 2515 (κ)
584 2478 678 2518 Super
699 2478 776 2520 Reg.
803 2477 832 2510 S.
862 2476 1069 2511 cancellariae
1085 2477 1182 2511 Gloss.
1292 2478 1343 2514 (2)
1367 2480 1412 2508 De
1426 2478 1718 2518 Referendariorum
1768 2478 1949 2509 Votantium

457 2522 511 2552 60.
535 2531 564 2552 n.
581 2530 633 2562 53.
1248 2523 1424 2565 signatum
1438 2524 1573 2560 Iustitiae
1590 2522 1724 2564 collegio
1743 2523 1843 2564 Capit.
1865 2531 1893 2553 1.
