1993 3195
97 392 215 437 verba
245 388 394 431 faciens
412 387 485 447 (1)
502 391 720 433 remedium
754 392 986 449 praescribit
1005 422 1016 440 ,
1034 406 1079 436 ut
1107 393 1159 435 ad
1176 392 1369 438 tollendas
1394 359 1579 459 ambage{

94 447 412 507 jurisdictionis,
445 464 656 508 congruat,
676 453 892 493 Summum
909 452 1146 494 Pontificem
1178 452 1412 509 hujusmodi
1440 458 1579 514 dispu-

92 506 234 550 tationi
268 508 389 549 finem
407 508 608 566 imponere
628 511 669 551 in
683 525 756 552 sua
774 511 988 567 Signatura
1008 510 1170 554 Gratiae
1188 543 1202 562 ,
1228 524 1267 554 et
1285 526 1487 568 quatenus
1507 532 1579 559 va-

91 565 220 606 lidum
253 580 600 624 recognosceretur
621 570 870 627 privilegium
905 569 1147 620 Camerale,
1186 572 1579 629 deputareSignatu-

92 638 178 666 ram
193 625 370 674 justitiae
402 659 416 678 ,
451 629 697 685 utprocedat
725 628 767 670 in
795 628 1030 685 hujusmodi
1063 629 1312 687 pertinentiis
1344 629 1577 675 Causarum

91 682 180 726 loco
206 685 444 740 Signaturae
478 687 638 730 Gratiae
662 719 675 737 ,
709 702 758 729 ne
778 686 850 730 diu
867 688 992 745 hujus
1009 702 1267 745 congressum
1283 702 1488 746 expectare
1511 707 1576 734 co-

90 756 242 798 gantur
260 744 479 801 litigantes,
495 760 533 789 et
550 746 815 789 dilationibus
831 746 895 790 via
930 748 1131 804 aperiatur
1150 777 1160 788 .
1193 749 1308 791 Petra
1327 750 1489 793 demum
1503 752 1576 808 (2)

93 801 205 845 aliter
220 803 338 845 sentit
353 835 368 853 ,
395 806 492 847 dum
505 805 560 847 ait
580 835 593 854 ,
626 806 772 863 optime
790 806 1022 849 consultum
1039 807 1089 850 ita
1107 821 1193 849 non
1226 822 1305 850 esse
1324 839 1338 858 ‚
1371 809 1470 863 quia
1488 825 1574 852 non

90 874 230 903 omnes
249 863 412 906 Causae
439 877 643 907 merentur
674 866 783 908 adire
816 865 976 925 plenam
1001 866 1260 923 Signaturam
1278 898 1291 916 ‚
1320 867 1495 921 ideoque
1514 883 1577 910 re-

89 919 315 973 quireretur
333 923 546 966 Auditoris
573 925 807 981 deputatio,
828 938 962 967 coram
990 940 1075 981 quo
1103 925 1333 981 frequentes
1362 925 1574 969 instantiae

89 977 174 1020 fieri
191 994 378 1036 possent,
410 983 483 1038 qui
510 983 649 1039 utique
678 998 756 1026 esse
790 984 950 1026 deberet
980 984 1161 1027 Auditor
1182 985 1414 1033 Pontificis,
1447 998 1493 1029 ut
1522 986 1578 1027 ad

89 1050 184 1079 eum
202 1053 427 1083 recurratur
444 1041 487 1082 in
507 1042 612 1083 hisce
640 1041 874 1085 Causarum
897 1043 1146 1098 pertinentiis
1165 1071 1180 1091 ,
1210 1058 1315 1098 quae
1333 1043 1575 1099 frequentis-

88 1096 187 1139 sime
210 1111 464 1146 occurrunt,
496 1113 701 1153 quatenus
721 1129 734 1147 ,
765 1099 1021 1156 prosequitur
1039 1101 1097 1142 ille
1113 1132 1127 1150 ,
1158 1101 1258 1143 nolit
1279 1115 1364 1143 eam
1382 1101 1577 1158 cognitio-

87 1167 180 1194 nem
211 1156 402 1194 Summus
436 1156 622 1194 Pontifex
654 1156 852 1196 remittere
882 1158 1011 1196 eidem
1035 1158 1277 1197 Camerario
1297 1186 1311 1203 ,
1342 1160 1414 1212 qui
1448 1160 1573 1209 sicut,

85 1211 200 1253 nefas
218 1226 304 1252 non
332 1225 419 1261 est,
450 1210 664 1265 utjudicet
681 1212 722 1253 in
742 1227 864 1254 cau-sa
891 1211 1054 1269 propria
1089 1213 1218 1262 Fisci,
1256 1213 1309 1254 ita
1327 1228 1489 1269 neque,
1527 1229 1575 1258 ut

86 1269 258 1313 declaret
290 1267 472 1313 Causam
507 1272 560 1312 ad
579 1272 711 1328 ipsum
739 1284 943 1328 spectare,
969 1283 1093 1327 prout
1116 1271 1158 1312 in
1183 1271 1333 1313 Causis
1364 1271 1574 1317 Ministro-

86 1343 179 1372 rum
193 1331 233 1371 S.
254 1329 388 1372 Officii
408 1330 612 1374 observari
641 1330 757 1373 refert
790 1330 983 1372 laudatus
1016 1329 1250 1371 Cardinalis
1279 1332 1466 1374 De‘Luca
1485 1362 1496 1373 .

206 1389 364 1445 Quoad
382 1389 543 1431 Causas
560 1390 772 1432 instructas
790 1421 802 1439 ‚
831 1402 868 1431 et
886 1387 1069 1431 definitas
1096 1389 1138 1429 in
1155 1390 1258 1430 Foro
1280 1389 1521 1446 Capitolino
1556 1423 1573 1442 ,

86 1449 271 1503 quamvis
289 1464 311 1490 a
328 1448 519 1506 Fen30n50
553 1450 605 1489 ad
619 1449 775 1490 Statura
808 1447 924 1490 Urbis
950 1448 1027 1504 (3)
1060 1447 1258 1489 habeatur
1279 1477 1291 1495 ,
1327 1461 1407 1490 tam
1423 1463 1471 1490 ex
1491 1463 1574 1492 sta-

85 1517 200 1554 tuto,
234 1523 358 1563 quam
394 1522 440 1548 ex
457 1507 592 1550 litteris
620 1506 862 1564 Apostolicis
893 1521 979 1547 non
998 1521 1078 1548 esse
1097 1520 1243 1550 verum
1273 1507 1498 1563 simpliciter
1528 1509 1573 1552 iel

26 1601 30 1604 .
84 1567 199 1621 quod
216 1567 338 1624 vulgo
376 1567 454 1610 dici
473 1568 600 1617 solet,
636 1560 897 1624 signaturam
919 1565 1098 1612 ‚Iustitiae
1137 1581 1221 1607 non
1243 1566 1480 1616 rescribere,
1521 1582 1571 1609 ex

83 1637 131 1666 eo
151 1623 252 1679 quia
272 1624 448 1669 rescribit
464 1627 605 1669 eadem
634 1627 851 1684 Signatura
884 1625 932 1668 ad
949 1623 1109 1672 Judices
1127 1624 1382 1682 Capitolinos
1412 1626 1454 1667 in
1473 1641 1572 1669 casu

83 1685 383 1741 prorogationis
399 1686 581 1728 fatalium
600 1718 614 1736 ,
641 1699 679 1728 et
693 1684 926 1742 generaliter
957 1684 999 1724 in
1016 1684 1208 1726 omnibus
1232 1685 1390 1727 casibus
1415 1713 1427 1731 ,
1458 1699 1570 1741 prae-

84 1753 270 1798 terquam
291 1745 332 1786 in
363 1745 439 1794 iis,
476 1746 628 1802 quibus
654 1759 724 1802 per
741 1746 898 1786 Statura
924 1743 1050 1785 Urbis
1076 1743 1194 1800 plene
1225 1742 1435 1800 provisum
1466 1755 1524 1784 est
1555 1759 1571 1793 ;

81 1802 255 1844 attamen
270 1805 392 1846 hodie
413 1803 638 1857 jurisdictio
653 1805 892 1860 Signaturae
911 1802 995 1844 silet
1011 1803 1053 1842 in
1073 1801 1221 1844 Causis
1243 1801 1423 1844 resolutis
1436 1800 1480 1841 in
1497 1802 1570 1841 Fo-

80 1872 129 1900 ro
155 1858 391 1916 Capitolino
414 1876 426 1908 ;
456 1876 551 1900 nam
568 1865 590 1900 e
614 1861 898 1901 reformatione
917 1859 1214 1908 Curiae,facta
1244 1873 1312 1914 per
1332 1861 1474 1900 Innoc.
1493 1860 1564 1900 XI.

79 1929 253 1972 potestas
271 1918 459 1959 Praefecti
495 1917 732 1972 Signaturae
749 1917 888 1958 collata
918 1916 997 1958 fuit
1026 1915 1211 1958 Domino
1234 1916 1462 1972 Capitaneo
1478 1916 1568 1975 Ap-

78 1973 341 2031 pellationum
362 1973 455 2015 dicti
475 1975 564 2014 Fori
584 2002 596 2020 ,
626 1976 729 2016 itaut
746 1975 787 2014 in
806 1974 996 2015 omnibus
1014 1973 1119 2014 illam
1148 1984 1414 2029 repraesentet
1433 2003 1446 2016 .

198 2031 287 2075 Nec
305 2033 427 2074 habet
450 2032 492 2074 in
509 2031 696 2075 facultate
721 2031 925 2089 aperiendi
948 2047 991 2074 os
1004 2031 1195 2075 adversus
1215 2030 1412 2074 clausulas
1431 2062 1444 2082 ,
1475 2034 1565 2075 sub-

83 2089 162 2134 lata
182 2123 196 2142 ,
228 2103 267 2135 et
282 2093 479 2134 decretum
511 2091 670 2134 irritans
685 2123 698 2141 ,
742 2090 802 2133 vel
822 2091 923 2147 quod
951 2091 997 2130 cle
1013 2091 1254 2148 subreptione
1272 2122 1287 2141 ,
1320 2102 1359 2135 et
1376 2091 1565 2148 obreptio-

80 2165 128 2192 ne
159 2151 247 2194 dari
277 2168 354 2195 non
399 2151 518 2207 possit
552 2183 566 2201 ,
609 2149 809 2208 appositas
857 2150 898 2190 in
934 2147 1069 2190 litteris
1115 2149 1355 2207 Apostolicis
1376 2149 1563 2201 ,Chiro-

82 2211 264 2267 graphis,
296 2212 357 2255 vel
392 2210 587 2254 Brevibus
616 2212 740 2267 Papae
769 2240 781 2258 ,
814 2206 937 2251 tradit
961 2209 1059 2250 Rota
1073 2207 1178 2265 (4);
1201 2223 1296 2250 nam
1324 2210 1564 2267 proprium,

84 2281 122 2309 et
138 2270 334 2326 peculiare
362 2269 428 2324 jus
460 2283 516 2313 est
532 2268 696 2312 alterius
733 2268 972 2324 Signaturae
992 2295 1005 2315 ‚
1034 2282 1178 2325 nempe
1226 2269 1420 2318 Gratiae3
1451 2284 1565 2311 exeo

86 2329 236 2387 quippe
263 2330 494 2389 principio,
526 2329 641 2386 quod
675 2328 892 2387 Signatura
924 2326 1107 2381 Justitiae
1137 2342 1223 2369 non
1252 2327 1347 2372 facit
1376 2327 1561 2383 rescripta

86 2472 563 2486 ——ss——ss
574 2467 1556 2485 ————-————

133 2528 178 2565 (ι)
202 2530 287 2561 Disc.
305 2539 359 2570 47.
379 2531 481 2562 Relat.
499 2533 570 2564 Cur.
584 2533 675 2563 Rom.
789 2530 843 2571 (3)
868 2529 985 2561 Annot.
1001 2539 1069 2573 cap.
1085 2537 1234 2570 43.num.
1247 2536 1278 2559 2.

132 2571 187 2613 (2)
209 2576 282 2607 Loc.
298 2575 382 2607 citat.
397 2583 555 2615 num.42.
788 2574 843 2614 (4)
867 2575 971 2608 Decis.
996 2582 1096 2608 1020.
1120 2583 1152 2605 n.
1169 2583 1201 2616 3.
1229 2581 1333 2606 coram
1358 2567 1530 2614 Seraphim
1545 2589 1554 2601 ο
