1993 3195
627 279 656 312 A
695 277 722 311 P
761 277 787 311 P
825 277 851 311 F,
888 279 922 311 N
961 278 997 312 D
1034 279 1049 312 1
1089 277 1124 312 X
1572 289 1623 325 37-

236 326 332 361 XVI.
359 325 400 359 Et
424 323 565 359 omnino
592 324 778 359 abstineant
807 326 847 358 ab
885 324 950 357 illis
983 349 994 364 ,
1026 326 1058 359 in
1084 325 1208 370 quibus
1242 330 1392 358 narratur
1422 328 1622 368 pronuncia-

132 385 207 414 ·tum
238 374 339 409 fuisse
362 397 373 414 ‚
411 383 511 419 prout
539 374 574 408 in
600 373 756 409 Cedula.

237 424 349 458 XVII.
377 424 450 458 Nec
487 423 585 458 etiam
618 435 749 458 manum
780 430 949 468 apponant
969 421 1001 455 in
1031 420 1343 455 Commissionibus
1372 423 1620 469 prorogationis

143 474 296 510 fatalium
318 484 348 506 ιη
379 472 487 507 causis
515 471 769 512 criminalibus,
796 483 855 505 nec
874 471 937 506 illae
963 471 1191 505 concedantur
1219 469 1305 504 ultra
1331 469 1470 512 primam
1488 472 1624 513 vicem,

138 524 203 557 nisi
233 522 358 568 praevia
387 523 632 567 subscriptione
658 521 787 562 Judicis
815 518 986 556 asserentis
1014 517 1302 555 commissionem
1331 517 1396 553 sibi
1425 518 1623 565 signandam

137 572 274 610 videri,
312 580 344 604 et
371 570 473 605 citato
505 571 624 605 Fisco.

236 620 363 657 XVIII.
398 620 432 652 ln
466 618 624 655 civilibus
652 628 762 655 autem
792 620 1046 667 prorogationes
1079 617 1272 659 huiusmodi
1305 617 1393 654 ultra
1409 617 1551 663 primam
1577 620 1626 655 vi-

138 681 236 715 cem,
263 667 391 704 nonnisi
414 679 456 701 ex
485 679 582 704 causa
606 671 856 705 concedantur.

236 717 329 753 XIX.
357 717 399 751 Et
411 715 530 752 similis
543 718 698 753 instantia
716 743 726 758 ,
742 730 816 764 quae
845 719 951 754 causis
967 717 1208 753 discussionem
1225 716 1481 761 praescriptaest
1496 742 1506 758 ‚
1526 718 1620 754 nullo

137 767 242 801 modo
257 791 267 804 ,
297 765 414 800 nisiex
430 777 547 811 magna
563 778 658 801 causa
672 791 683 806 ‚
710 777 743 801 et
769 779 831 812 per
850 768 1059 813 Signaturam
1080 775 1225 800 nostram
1246 765 1372 802 Gratiae
1399 776 1640 813 prorogetur..

242 815 317 850 XX.
343 814 502 859 Quilibet
527 826 636 850 autem
668 816 926 851 Referendarius
954 824 1110 849 teneatur
1140 814 1293 859 recipere
1312 823 1427 848 contra
1454 815 1628 851 Commis-

143 863 253 899 siones
270 889 280 904 ,
314 872 349 897 et
380 874 432 897 eas
446 863 584 898 omnino
610 864 640 899 in
656 865 770 899 eadem
797 865 975 911 Signatura
1002 874 1213 909 proponere,
1245 873 1357 909 eoque
1381 874 1459 899 casu
1485 865 1630 900 sufficiat

137 923 264 958 partem
296 913 465 947 adversam
487 924 546 959 per
575 912 721 958 quinque
754 913 833 949 dies:
852 924 928 950 ante
959 912 1165 957 Signaturam
1197 911 1426 954 suprascripto
1454 911 1588 947 citatam
1618 938 1629 949 .

235 961 327 995 XXI.
355 961 476 996 Causae
499 961 760 996 Matrimoniales
792 985 802 1002 ,
828 970 861 996 et
892 959 1092 995 Criminales
1126 959 1343 994 Clericorum
1369 981 1379 997 ,
1415 966 1448 991 et
1478 959 1625 996 aliarum

139 1020 360 1055 personarum
392 1010 704 1045 Ecclesiasticarum
736 1010 994 1046 committantur
1021 1009 1059 1043 iis
1088 1017 1245 1047 tantum,
1276 1007 1398 1053 quibus
1425 1005 1628 1054 dispositum

136 1067 186 1093 est
203 1071 264 1105 per
291 1059 429 1093 Concil.
455 1059 548 1094 Trid.
573 1059 832 1094 committendas
850 1070 945 1098 esse,

237 1107 351 1142 XXII.
381 1108 502 1142 Causae
529 1119 615 1141 vero
643 1107 846 1143 Criminales
875 1107 1055 1143 Laicorum
1082 1107 1117 1141 in
1146 1105 1258 1140 Terris
1286 1103 1444 1139 Ecclesiae
1471 1105 1629 1142 locorum

136 1154 434 1190 Gubernatoribus
459 1155 740 1189 committantur.

236 1204 364 1241 XXIIl.
393 1203 527 1248 Regens
553 1201 773 1238 Cancellariae
796 1226 807 1243 ‚
825 1211 858 1237 et
886 1202 940 1237 alii
969 1200 1143 1237 Officiales
1160 1226 1170 1241 ,
1186 1202 1225 1236 ad
1243 1200 1492 1246 expeditionem
1523 1203 1630 1238 Com-

138 1252 339 1286 missionum
373 1251 558 1295 Signaturae
582 1250 727 1292 Justitiae
754 1251 929 1296 deputati,
962 1252 1087 1296 absque
1105 1261 1223 1288 mora,
1249 1249 1394 1293 receptis
1411 1250 1642 1286 Commissio..

137 1300 236 1334 nibus
261 1299 333 1335 illas
364 1300 572 1345 expediant,
606 1311 664 1334 nec
680 1300 741 1333 sub
759 1302 879 1344 quovis
896 1309 1060 1344 praetextu
1086 1298 1157 1333 illas
1187 1309 1286 1344 penes
1311 1309 1345 1331 se
1372 1297 1536 1333 retineant
1555 1319 1563 1326 ·
1590 1301 1631 1335 Et

135 1349 196 1393 qui
228 1347 298 1383 illas
335 1360 393 1392 per
429 1357 562 1382 turnum
595 1347 798 1383 distribuere
827 1349 949 1383 debent
983 1373 994 1388 ,
1024 1347 1095 1382 illas
1123 1348 1195 1382 sine
1233 1347 1342 1391 aliqua
1367 1347 1497 1380 ordinis
1525 1347 1628 1393 ipsius

138 1397 228 1430 turni
247 1395 467 1440 perversione
495 1396 721 1432 distribuant,
750 1396 891 1439 illasque
921 1398 960 1430 ad
984 1397 1133 1430 Bancum
1163 1397 1354 1429 Cui-sorum
1371 1418 1381 1432 ,
1407 1394 1508 1428 etiarn
1543 1396 1634 1430 irre-2,

137 1444 254 1489 quisiti
284 1469 295 1484 ,
325 1444 396 1479 sine
423 1454 518 1478 mora
549 1444 774 1478 transmittant
800 1445 860 1478 sub
887 1455 984 1489 poena
1007 1443 1208 1488 privationis
1239 1441 1383 1478 arbitrio
1411 1452 1525 1480 nostro
1551 1467 1575 1486 „
1592 1453 1640 1481 et:

138 1494 382 1531 Successorum
410 1502 603 1530 nostrorum
629 1492 861 1528 Romanorum
882 1492 1085 1529 Pontificum
1105 1514 1116 1526 .

423 1672 617 1719 Decreta
638 1597 1045 1735 colleg-§sidem
1078 1668 1351 1732 Signatum.-

692 1790 754 1822 Dt'e
785 1799 839 1830 15.
869 1789 950 1822 Iulii
978 1791 1078 1829 1659.

237 1837 426 1872 Onvocato
454 1837 617 1883 Collegio
649 1836 736 1870 DD.
759 1837 954 1871 Votantium
985 1836 1166 1880 Signaturae
1191 1835 1337 1876 Justitiae
1369 1843 1428 1879 per
1463 1832 1510 1868 D.
1526 1832 1645 1869 Oetam

249 1887 384 1921 vianum
418 1886 551 1921 Caraffa
580 1886 754 1920 Decanum
770 1886 811 1919 de
841 1885 997 1919 mandato
1026 1883 1241 1918 Eminentiss.
1266 1885 1313 1918 D.
1328 1883 1435 1917 Card.
1463 1883 1639 1917 Sacchetti

136 1935 295 1973 ejusdem
320 1936 504 1981 Signaturae
531 1933 683 1969 Praefecti
708 1958 719 1973 ,
749 1933 779 1967 in
807 1945 848 1968 eo
879 1934 1129 1968 intervenerunt
1156 1931 1357 1977 infrascripti
1379 1931 1521 1967 Domini
1551 1943 1637 1967 coa--

136 1983 259 2018 dunati
291 1995 405 2018 coram
434 1984 526 2018 dicto
544 1982 760 2019 Eminentiss.
789 1983 821 2018 in
837 1984 909 2024 ejus
932 1981 1062 2018 Palatio
1080 2007 1090 2016 .

233 2033 282 2067 D.
310 2033 616 2068 CaraffaDecanus
635 2057 645 2068 .
1041 2032 1088 2066 D.
1116 2033 1267 2068 fanus.-

230 2082 279 2116 D.
308 2082 478 2115 Amadeus
499 2104 523 2115 .›
1041 2081 1090 2115 D.
1118 2081 1297 2115 Dondinus
1313 2104 1334 2115 .,

229 2130 277 2164 D.
305 2129 473 2165 Gaetanus
491 2153 500 2163 .
1040 2128 1090 2162 D.
1120 2129 1233 2163 Ciceri
1253 2154 1262 2163 .

231 2180 280 2213 D.
307 2177 509 2213 Pauluccius
530 2201 540 2211 .
1044 2176 1092 2209 D.
1119 2176 1162 2210 de
1192 2178 1327 2222 Angelis
1340 2184 1363 2211 .1.

229 2228 276 2261 D.
304 2227 501 2261 Manfronus
517 2248 528 2259 .
1037 2224 1088 2259 D.
1115 2225 1250 2260 Emerix
1268 2250 1278 2259 .

138 2273 216 2309 Fuit
243 2287 302 2319 per
333 2288 452 2312 ornnes
483 2275 644 2308 Votantes
672 2273 860 2308 vivavoce
887 2273 1068 2317 deputatus
1096 2273 1127 2307 in
1158 2275 1388 2310 Secretarium
1414 2271 1641 2309 dictiCollex‘

140 2322 183 2369 gii
206 2324 248 2356 D.
280 2325 320 2358 de
351 2324 523 2370 Angelis,
557 2321 734 2367 eidemque
753 2323 942 2355 mandatum
963 2330 1027 2359 ,ut
1056 2321 1180 2356 librum
1206 2323 1415 2361 conficeret,
1445 2322 1558 2366 iniquo
1574 2322 1631 2357 de-

141 2371 333 2407 scribantur
359 2373 478 2410 omnia
495 2373 666 2410 Decreta,
693 2381 878 2414 omnesque
904 2370 1010 2403 Actus
1038 2370 1188 2408 ejusdem
1206 2370 1383 2417 Collegii.

238 2422 432 2457 Successive
465 2421 528 2457 fuit
557 2424 734 2466 deputatus
767 2417 800 2453 in
830 2417 1009 2452 Notarium
1039 2418 1117 2452 dicti
1148 2418 1299 2462 Collegii
1328 2419 1491 2455 Notarius
1511 2419 1631 2453 Archi'-

137 2469 185 2504 vii
213 2483 277 2515 pro
308 2479 538 2515 tempore‚et
568 2470 599 2504 in
625 2467 810 2503 Bidellium
841 2478 924 2501 unus
957 2478 997 2501 ex
1027 2467 1097 2505 ejus
1129 2468 1346 2506 substitutis,
1375 2469 1439 2503 cui>
1461 2468 1633 2502 incumbat·

138 2529 223 2555 onus
253 2519 429 2555 intimandi
465 2519 549 2553 DD.
575 2518 761 2558 Votantes‚
795 2515 1079 2564 quotiescumque
1119 2515 1374 2554 convocandum
1401 2516 1467 2552 erit
1495 2515 1627 2599 dicctutln

1573 2574 1593 2597 O
1609 2581 1623 2599 .-
