1952 3167
341 330 430 377 134
623 316 698 358 DE
729 315 864 364 JURE
897 311 1234 358 SIGNATURAE
1267 313 1526 363 JUSTITIAE

343 380 452 422 tibus
473 375 673 434 pendente
701 375 943 419 inhibitione
971 388 1176 429 exequuta
1194 405 1207 423 ‚
1240 374 1320 418 sive
1349 375 1528 416 intimata
1548 366 1802 416 procuratori

348 438 389 479 in
410 437 535 487 Urbe,
553 450 766 479 censentur
783 450 946 492 quoque
961 448 1148 476 attentata
1168 465 1178 479 ‚
1213 434 1425 490 purganda
1458 448 1590 475 tamen
1607 448 1676 492 per
1689 432 1800 474 viam

348 496 567 546 nullitatis;
599 510 718 553 prout
735 496 907 538 decrevit
935 497 1033 537 Rota
1063 507 1192 535 coram
1225 493 1354 535 Bicliio
1374 524 1385 542 ,
1412 507 1448 534 et
1475 492 1593 534 Cerro
1611 525 1623 541 ‚
1657 504 1695 532 et
1726 494 1800 533 de-

347 572 459 599 mum
484 557 698 614 signatura
735 555 776 594 in
793 554 975 614 SaQ'nen.
1004 551 1227 610 pecuniaria
1262 567 1388 594 mense
1416 552 1614 594 novembri
1635 550 1762 605 1786·
1782 574 1797 594 ι

344 631 382 660 et
414 616 458 657 in
490 617 757 657 Ravennaten.
782 613 859 655 <liei
876 612 1041 671 10.j11lii
1066 613 1190 666 1788.
1215 612 1340 653 Immo
1359 615 1480 654 etiam
1516 610 1707 653 citatione
1747 602 1800 644 ad

344 676 616 719 inhibendum
638 689 720 715 non
750 674 986 729 reproducta
1007 687 1133 727 usque
1152 672 1204 711 ad
1221 684 1378 729 tempus
1390 670 1694 719 Audientiae,in
1715 676 1799 724 quo

347 750 431 777 erat
452 733 775 793 reproducenda,
799 747 843 773 ea
861 745 1050 789 operatur
1069 760 1081 777 ,
1116 743 1161 771 ut
1176 731 1312 772 omnia
1329 745 1433 788 gesta
1462 730 1525 771 illo
1548 729 1678 771 medio
1706 735 1801 770 tem-

347 810 442 852 pore
465 796 690 836 habeantur
709 807 782 850 pro
801 792 1019 839 attentatis3
1038 804 1082 832 ut
1102 790 1429 833 animadvertunt
1446 788 1705 848 Calcagnt'nus
1724 779 1798 843 (Ι),

348 867 386 896 et
404 854 678 897 Constantinus
697 852 769 908 (ε’.)
787 881 798 898 ,
817 867 934 907 atque
953 853 1047 891 Rota
1068 850 1242 894 firmavit
1262 849 1301 889 in
1322 849 1424 890 dicta
1438 850 1575 890 Causa
1596 847 1797 890 Pisauren.

467 912 888 954 Animadvertendum
919 924 1049 951 tamen
1074 921 1156 956 est,
1180 908 1294 964 quod
1310 908 1416 949 aliter
1442 922 1648 955 servatur,
1668 921 1799 961 quan-

348 972 401 1012 do
420 972 551 1026 elapso
564 969 790 1016 decenrlio,
824 969 875 1008 ad
895 968 1175 1023 appellandum
1194 983 1213 1007 a
1232 967 1316 1021 jure
1351 966 1592 1020 praescripto
1610 994 1622 1011 ,
1653 977 1805 1005 execu-

346 1029 502 1071 toriales
522 1027 689 1068 Litterae
708 1027 916 1081 expeditae
937 1024 1088 1064 fuerint
1106 1055 1118 1072 ‚
1151 1038 1187 1065 et
1207 1023 1414 1080 appellatio
1434 1037 1531 1064 tunc
1565 1024 1805 1079 interpona-

347 1101 413 1130 tur
432 1085 616 1134 inactis3
648 1099 696 1126 eo
721 1085 763 1125 in
784 1099 877 1125 casu
911 1083 940 1124 si
962 1085 1054 1123 Pars
1080 1079 1307 1139 collitigans
1335 1081 1515 1125 citaverit
1541 1097 1678 1123 coram
1715 1083 1805 1122 Au-

347 1147 474 1189 ditore
495 1147 733 1202 Signaturae
751 1175 762 1192 ‚
785 1142 931 1184 servari
945 1141 1240 1198 appellationem
1262 1173 1274 1189 ‚
1300 1155 1338 1182 et
1357 1141 1495 1183 notitia
1515 1140 1682 1196 hujusce
1702 1138 1803 1182 cita-

346 1205 473 1249 tionis
495 1219 580 1246 non
601 1202 835 1251 devenerit,
864 1201 925 1244 vel
944 1200 1129 1242 devenire
1152 1200 1327 1256 potuerit
1359 1213 1427 1256 per
1458 1200 1619 1241 solitum
1639 1214 1805 1241 cursum

348 1267 484 1308 Postae
517 1264 557 1302 in
589 1262 771 1318 partibus
795 1292 807 1308 ‚
842 1273 1060 1315 antequam
1094 1259 1319 1315 praedictae
1354 1258 1499 1299 litterae
1531 1256 1803 1311 exequutioni

350 1322 694 1365 demandarentur
712 1352 724 1369 ‚
756 1334 853 1361 tunc
873 1333 977 1373 quae
994 1318 1151 1358 interim
1167 1330 1271 1374 gesta
1294 1330 1478 1373 sunt‚pro
1495 1317 1698 1358 attentatis
1718 1329 1802 1356 non

347 1383 551 1425 habentur
573 1411 580 1420 .
603 1380 651 1421 Et
675 1380 824 1421 idcirco
849 1378 1062 1435 Signatura
1090 1377 1150 1418 die
1181 1377 1245 1416 18.
1266 1376 1474 1418 decembris
1496 1376 1622 1430 1788.
1645 1376 1685 1415 in
1700 1375 1806 1417 Cau-

348 1457 390 1484 sa
407 1442 586 1486 Hortana
608 1437 840 1480 Testamenti
855 1451 969 1492 super
989 1436 1245 1490 Rejudicata
1264 1436 1458 1491 rescripsit
1472 1451 1489 1475 ·:
1505 1437 1551 1475 tle
1572 1435 1710 1476 Causis
1729 1435 1807 1476 Re-

349 1499 556 1543 stitutionis
572 1498 611 1539 in
628 1497 824 1557 integrum
845 1496 929 1537 sine
956 1493 1199 1551 praejudicio
1217 1494 1273 1535 rei
1279 1493 1490 1550 judicatae
1505 1525 1518 1543 ,
1548 1508 1584 1536 et
1605 1495 1647 1535 in
1683 1493 1806 1534 altera

349 1574 469 1618 super
490 1557 690 1601 attentatis
709 1555 902 1613 rescripsit
921 1572 930 1596 ι
962 1553 1070 1595 Nihil
1089 1584 1098 1592 .
1132 1553 1364 1610 Eademque
1389 1553 1529 1595 Causa
1557 1551 1805 1610 reproposita

350 1619 413 1660 die
433 1617 692 1674 29.januarii
712 1620 788 1657 hoc
805 1613 981 1657 currenti
1002 1628 1110 1654 anno
1126 1613 1334 1656 rescribere
1356 1612 1534 1655 censuit:
1553 1613 1592 1654 in
1610 1611 1747 1655 decisis
1767 1640 1776 1651 .

471 1677 611 1730 Quoad
621 1674 889 1734 purgationem
907 1675 1193 1716 Attentatorum
1213 1674 1310 1714 solet
1325 1672 1541 1729 Signatura
1561 1673 1798 1714 rescribere:

354 1736 606 1795 Purgariper
621 1735 722 1776 viam
752 1734 939 1776 nullitotis
956 1765 969 1783 ‚
1001 1746 1038 1775 et
1079 1733 1299 1788 aliquando
1327 1747 1399 1790 per
1422 1732 1523 1773 viam
1556 1732 1795 1790 rig-orosam.

352 1795 580 1837 Discrimen
601 1796 847 1840 inter-unam
868 1826 880 1843 ,
908 1805 951 1835 ‘et
984 1793 1145 1833 alteram
1182 1792 1401 1832 clausulam
1421 1805 1506 1839 est,
1539 1791 1655 1844 quod
1687 1790 1798 1846 prior

352 1855 528 1897 clausula
563 1851 784 1911 apponitur
799 1851 970 1907 quando
986 1850 1120 1904 agitur
1144 1849 1190 1888 de
1209 1848 1423 1889 Attentatis
1459 1862 1543 1888 non
1574 1848 1774 1890 vreiteratis
1793 1880 1808 1899 ,

353 1927 391 1956 et
409 1916 456 1955 de
473 1914 627 1957 levibus
660 1914 779 1954 rebus
798 1940 811 1959 ,
841 1924 973 1966 neque
993 1907 1180 1949 notabilis
1201 1907 1318 1964 culpa
1338 1907 1715 1948 intercesserit‘illius
1733 1908 1806 1960 qui

353 1984 546 2015 attentata
577 1971 775 2013 commisit
790 1986 807 2021 3
839 1983 876 2011 et
906 1969 947 2012 vi
975 1967 1142 2024 hujusce
1168 1966 1373 2009 clausulae
1403 1978 1682 2019 quaecumque
1719 1977 1808 2006 acta

355 2031 557 2074 habentur
569 2044 784 2086 ,tamquam
804 2044 888 2071 non
906 2028 1013 2069 facta
1030 2059 1046 2076 ‚
1072 2040 1117 2068 -et
1139 2023 1423 2067 tantummodo
1436 2023 1545 2064 Parti
1568 2022 1806 2080 collitiganti

355 2091 592 2132 reficiendae
609 2104 706 2132 sunt
725 2088 932 2139 judiciales
947 2099 1142 2141 expensae
1159 2113 1169 2122 .
1204 2084 1348 2137 Quum
1366 2096 1462 2124 Vero
1480 2096 1552 2124 aut
1568 2080 1743 2134 alicujus
1762 2081 1807 2124 in

356 2163 551 2191 carcerem
568 2148 884 2200 conjectiofacta
899 2145 949 2183 sit
964 2170 976 2188 ,
1009 2155 1080 2182 aut
1113 2140 1242 2181 ablata
1262 2141 1385 2182 alicui
1404 2142 1596 2197 possessio
1614 2173 1628 2192 ‚
1662 2141 1723 2184 vel
1741 2156 1807 2182 no·

355 2207 456 2251 toria
474 2221 510 2248 et
529 2208 660 2263 gravis
677 2205 795 2260 culpa
808 2199 1039 2248 accesserit,
1059 2199 1180 2240 altera
1199 2200 1377 2242 clausula
1396 2200 1529 2243 locum
1544 2202 1676 2249 haben
1696 2198 1811 2251 ejus-

343 2281 435 2322 'que
455 2263 615 2306 effectus
631 2276 688 2305 est
710 2292 724 2311 ,
748 2276 794 2303 ut
827 2276 912 2302 non
939 2259 1061 2300 modo
1093 2270 1179 2299 acta
1210 2260 1289 2301 sint
1316 2259 1425 2301 nulla
1446 2293 1460 2310 ,
1493 2261 1565 2302 sed
1582 2272 1719 2301 ornnes
1736 2274 1808 2302 ex-

356 2339 501 2382 pensae
535 2336 617 2364 tam
663 2321 869 2378 judiciales
885 2349 898 2367 ‚
913 2334 1042 2377 quarn
1071 2317 1392 2368 extrajudiciales
1426 2320 1661 2361 reficiendae
1699 2330 1809 2368 sunt;

359 2382 547 2438 quinimo
559 2382 709 2422 damna
726 2411 740 2430 ,
770 2394 874 2435 quae
906 2393 1019 2435 passa
1042 2378 1120 2420 fuit
1152 2380 1206 2421 ob
1224 2379 1329 2422 dicta
1349 2380 1555 2423 Attentata
1577 2382 1670 2422 Pars
1696 2379 1807 2421 colli-

359 2443 518 2500 tigans,
548 2453 645 2482 sunt
672 2439 707 2480 ei
745 2439 970 2496 reparanda
990 2469 1001 2478 .

361 2540 1441 2557 ——t——————
1448 2541 1454 2550 v

410 2571 463 2610 (x)
487 2573 580 2605 Prax.
599 2572 723 2612 Signat.
740 2579 807 2613 cap.
825 2577 853 2599 1.
884 2578 970 2600 num.
988 2576 1041 2598 ιο.
1112 2568 1174 2607 (2)
1191 2568 1244 2600 Ad
1259 2576 1334 2602 stat.
1351 2568 1439 2602 Urbis
1452 2578 1557 2602 annot.
1579 2578 1633 2609 52.
1661 2578 1694 2600 n.
1709 2560 1764 2608 μ.
