1952 3167
368 314 456 358 180
636 315 715 357 DE
741 316 874 364 JURE
902 316 1240 362 SIGNATURAE
1265 316 1521 367 JUSTITIAE
1752 370 1763 380 ·

483 371 665 417 Demum
685 374 779 431 quia
813 379 1013 435 praedicta
1044 381 1140 421 Rota
1155 413 1159 417 .
1173 379 1246 422 sibi
1276 390 1433 434 arrogat
1465 373 1697 419 facultatem
1729 378 1802 414 ctrd

364 433 658 478 cumscribendi
691 435 866 492 judicata
889 467 900 484 ,
931 452 1033 491 quae
1050 438 1154 480 fiunt
1173 453 1194 479 a
1211 437 1424 485 judicibus
1441 435 1483 476 in
1504 436 1630 491 prima
1648 433 1802 474 instan-

363 491 417 535 tia
435 521 448 541 ,
483 505 520 534 et
535 494 557 535 ὲ
574 495 774 536 contrario
788 496 992 538 facultates
1009 496 1043 536 ei
1066 496 1239 537 tributae
1274 510 1295 536 a
1312 495 1469 536 Sixtina
1488 492 1763 535 Constitutione
1782 517 1797 537 ,

363 563 577 594 versantur
590 555 696 596 circa
718 554 995 602 inhibitiones,
1010 555 1060 595 ab
1079 554 1161 611 ipsa
1179 553 1334 595 dandas
1362 553 1403 594 in
1420 552 1502 595 vim
1525 566 1720 600 recursus,
1735 547 1798 593 vel

363 610 638 666 appellationis
672 612 899 669 propositae
935 613 1124 656 adversus
1159 612 1263 654 dicta
1296 611 1473 669 judicata
1504 625 1518 660 ;
1563 609 1676 665 quod
1711 622 1796 650 non

360 667 470 711 aliter
487 684 664 715 servatur
684 672 724 711 in
747 671 947 713 Tribunali
965 673 1015 713 Α.
1037 671 1079 713 C.
1100 672 1142 713 in
1161 672 1257 714 Rota
1274 669 1511 713 Ferrariensi
1526 699 1539 718 2
1560 668 1684 710 aliove
1699 666 1793 709 Tri·

359 726 499 769 bunali
518 760 531 779 ,
563 730 709 772 eisdem
727 729 986 774 facultatibus
1004 731 1204 789 gaudente
1240 762 1253 780 ,
1287 742 1325 772 et
1358 743 1586 783 numquam
1618 727 1794 792 audente

357 785 512 842 absque
530 788 689 844 speciali
709 788 1004 832 Commissione
1017 790 1190 848 supremi
1212 789 1445 833 Tribunalis
1463 787 1705 846 Signaturae
1722 797 1792 851 ctr-

356 847 618 891 cumscribere
654 845 890 901 hujusmodi
922 849 1098 905 judicata
1119 879 1129 890 .
1169 849 1286 891 Hanc
1302 849 1447 906 agendi
1466 846 1705 891 methodum
1735 844 1791 886 St-

353 917 527 958 gnatura
558 908 854 963 reprobandam
883 922 962 950 esse
979 940 992 958 ‚
1013 908 1170 951 censuit
1190 937 1199 949 .

472 962 693 1016 Itidemque
722 965 860 1006 eadem
876 966 1088 1022 Signatura
1125 968 1314 1023 reprobat
1347 967 1466 1009 etiam
1500 966 1658 1022 praxim
1687 963 1794 1005 illam

349 1016 582 1061 Auditorum
601 1021 729 1062 dictae
748 1023 867 1063 Rotae
880 1024 1122 1065 decernendi
1143 1025 1348 1067 sententiis
1361 1024 1598 1073 definitivis,
1614 1037 1698 1064 non
1717 1035 1794 1064 au-

350 1089 426 1118 tem
446 1078 776 1128 interlocutoriis,
793 1080 1088 1123 moderationes
1106 1111 1118 1130 ,
1137 1082 1221 1124 sive
1245 1082 1485 1126 retentiones
1502 1081 1794 1125 inhibitionum

325 1189 329 1193 .
349 1135 400 1176 ab
417 1136 511 1192 ipsis
528 1137 834 1187 factarummon
853 1142 1035 1183 obstante
1047 1142 1161 1197 quod
1176 1140 1378 1185 Tribunal
1394 1141 1445 1183 Α.
1462 1143 1516 1185 C.
1539 1157 1604 1184 eas
1618 1139 1795 1182 modere-

347 1207 416 1236 tur
436 1226 449 1244 ,
488 1196 549 1239 vel
567 1197 735 1242 retineat
757 1199 923 1242 decretis
951 1199 1263 1242 interlocutoriis
1295 1231 1305 1242 .
1356 1200 1406 1242 Et
1431 1215 1479 1242 eo
1506 1202 1630 1257 magis
1650 1229 1663 1247 ,
1691 1198 1790 1253 quia

349 1251 426 1294 hoc
447 1255 569 1295 modo
598 1258 781 1300 nonleve
815 1258 1036 1308 damnum,
1062 1271 1100 1301 et
1114 1274 1329 1315 gravamen
1348 1258 1659 1314 collitigantibus
1674 1256 1794 1297 infer-

299 1338 304 1342 ·
345 1322 438 1359 zur,
457 1313 489 1353 si
504 1312 623 1354 altera
643 1314 788 1357 deinde
808 1316 1022 1372 posteriore
1035 1315 1231 1359 sententia
1245 1331 1307 1358 eas
1324 1317 1565 1372 reintegrare
1585 1314 1760 1358 debeant
1776 1343 1786 1354 .

430 1372 481 1414 Et
494 1374 679 1426 quamvis
697 1373 953 1418 Constitutio
972 1375 1176 1417 Benedicti
1194 1389 1292 1418 xxv.
1314 1374 1387 1431 (1)
1402 1373 1662 1432 praescribat,
1675 1373 1789 1427 quod

346 1428 388 1469 in
406 1430 536 1471 causis
567 1431 754 1488 simplicis
773 1447 958 1475 recursus
971 1434 1104 1485 Jud‘ex
1119 1434 1320 1474 secundae
1337 1431 1552 1475 instantiae
1575 1432 1788 1490 procedere

345 1487 489 1531 debeat
521 1503 614 1532 cum
646 1490 795 1532 eisdem
822 1491 918 1533 actis
934 1492 1088 1546 absque
1109 1491 1311 1533 solutione
1348 1492 1616 1550 propinae‚et
1635 1491 1789 1547 regesti,

342 1560 394 1588 ne
411 1546 674 1604 collitigantes
711 1562 910 1608 cogantur
943 1549 1094 1594 solvere
1130 1564 1204 1607 pro
1224 1552 1410 1609 expensis
1427 1551 1643 1608 plusquam
1661 1550 1789 1595 valeat

343 1619 402 1647 res
443 1620 726 1658 controversa;
760 1608 1022 1652 nihilominus
1048 1610 1251 1667 praedicta
1293 1612 1393 1653 Rota
1423 1609 1533 1652 aliter
1565 1624 1676 1667 agere
1688 1623 1789 1651 con-

338 1664 469 1707 suevit
492 1696 501 1705 .
520 1665 625 1709 Hinc
642 1668 858 1724 Signatura
872 1698 885 1718 ,
905 1683 954 1710 ne
972 1668 1206 1726 hujusmodi
1225 1671 1373 1712 abusus
1390 1668 1559 1723 amplius
1576 1669 1788 1725 irreperet,

338 1721 606 1767 intermissam
625 1726 834 1769 oscitantia
853 1726 956 1770 illius
972 1759 985 1778 ,
1001 1726 1077 1784 qui
1094 1728 1335 1772 Substitutus
1354 1739 1411 1777 est
1428 1727 1587 1770 Notarii
1613 1727 1788 1771 Archivii

340 1779 384 1822 in
410 1783 587 1826 Decretis
614 1785 988 1843 Subdelegationis,
1008 1786 1249 1830 Clausulam
1282 1786 1623 1844 praeservativam
1657 1787 1785 1831 dictae

336 1840 572 1893 sanctionis,
589 1845 868 1888 renovandam
884 1859 961 1886 esse
979 1846 1119 1888 statuit
1137 1875 1147 1885 .
1169 1846 1220 1887 Et
1239 1845 1389 1887 idcirco
1406 1845 1448 1886 in
1467 1860 1587 1888 causa
1603 1848 1790 1890 Maeera·
1848 1852 1851 1854 ’

331 1910 410 1942 ten.
447 1900 548 1943 anni
568 1903 797 1961 praesertim
839 1917 969 1960 nuper
988 1903 1107 1962 elapsi
1146 1904 1275 1960 1778.
1296 1919 1362 1946 21.
1379 1904 1512 1961 aprilis
1540 1905 1713 1949 decrevit
1729 1907 1787 1948 Si-

330 1972 531 2016 gnaturae
549 1963 742 2012 Auditor,
764 1976 810 2006 ut
827 1963 1009 2018 sequitur
1030 1978 1040 2004 :
1061 1964 1234 2006 Extunc
1248 1963 1384 2005 Illrrzus
1400 1963 1517 2005 Dr’ius
1531 1965 1585 2003 ad
1599 1965 1782 2019 effectum

329 2020 585 2076 cognoscendi
601 2022 649 2064 de
663 2021 892 2079 gravamine
918 2037 992 2079 pro
1010 2022 1240 2066 admissione
1256 2051 1270 2071 ‚
1303 2022 1362 2064 vel
1378 2019 1628 2080 denegatione
1644 2036 1781 2065 recur-

330 2091 396 2117 sus
411 2079 672 2138 subdelegavit
705 2081 747 2122 in
767 2083 793 2129 J
795 2081 939 2123 adicem
953 2114 966 2130 ,
976 2082 1140 2124 alterum
1168 2097 1221 2125 ex
1236 2080 1491 2124 Auditoribus
1506 2081 1632 2122 Rotae
1647 2083 1783 2126 Mace-

329 2136 511 2186 ratensis,
539 2139 660 2194 quiin
678 2153 794 2180 causa
819 2152 896 2178 non
921 2138 1171 2188 iudicaverit,
1187 2152 1231 2179 ut
1238 2140 1427 2196 procedat
1450 2153 1521 2196 per
1543 2141 1675 2183 eadem
1691 2152 1779 2185 acta

328 2192 485 2235 Notarii
497 2196 619 2249 primi
636 2193 837 2251 judicati,
863 2207 900 2235 et
923 2196 1062 2251 absque
1089 2195 1271 2240 solutione
1291 2197 1486 2255 propitiae
1502 2228 1516 2248 ,
1547 2208 1585 2241 et
1605 2200 1779 2259 regesti,

330 2264 416 2293 cum
424 2249 682 2303 facultatibus
714 2253 875 2309 desuper
889 2253 1111 2297 necessariis
1125 2287 1139 2305 ,
1171 2267 1209 2298 et
1229 2257 1472 2314 opportunis,
1505 2269 1543 2300 et
1567 2260 1779 2317 praecipue

328 2318 516 2364 quatenus
538 2311 675 2355 Partes
703 2312 750 2367 in,
763 2325 849 2352 eum
869 2328 947 2355 non
963 2314 1203 2357 consentiant
1231 2317 1440 2373 deputandi
1472 2318 1590 2361 alium
1609 2317 1777 2363 Audito-

330 2381 407 2409 rem
424 2366 463 2409 in
481 2367 543 2410 sui
559 2370 684 2413 locum
710 2370 758 2412 de
773 2373 989 2414 earumdem
1026 2372 1197 2417 Partium
1234 2389 1417 2420 consensu
1434 2408 1448 2429 ,
1480 2376 1538 2422 sin
1563 2376 1692 2421 minus
1722 2394 1776 2423 ex

1689 2438 1774 2493 offi.

350 2497 979 2518 —n———-——
1141 2503 1769 2526 *Q*

366 2551 422 2594 (¹)
446 2558 607 2592 Romanae
627 2560 738 2596 Curiae
757 2564 985 2607 praestantiam
1005 2584 1013 2593 0
