1952 3167
324 323 394 363 166
649 321 712 357 DE
740 320 853 364 JURE
881 319 1169 357 SIGNATURAE
1193 319 1404 363 JUSTITIAE

322 374 384 411 stri
418 371 479 408 sub
498 369 626 407 Datum
656 382 689 417 7.
706 371 818 406 Martii
851 374 956 406 1626.
979 371 1189 406 declaramus
1207 382 1324 406 onmes
1339 369 1579 406 Universitates
1594 392 1606 409 ,
1624 368 1828 405 Communi-

326 432 434 462 tates3
465 421 660 461 Civitates,
690 419 877 466 Collegia,
908 421 1112 455 Monasteria
1129 444 1138 459 ,
1165 428 1198 455 et
1225 419 1390 465 quaslibet
1419 419 1496 454 alias
1523 419 1688 453 Personas
1716 419 1828 458 cujus-

325 473 378 509 vis
407 472 471 506 sint
502 470 698 517 dignitatis,
727 469 856 505 etiamsi
887 469 977 503 foret
1005 480 1140 503 necesse
1177 469 1218 501 de
1249 467 1314 501 illis
1343 467 1492 501 facienda
1520 467 1674 506 mentio,
1703 469 1826 512 quibus

326 523 483 557 Onerum
519 518 749 555 Cameralium
770 516 1067 559 solutioimposita
1093 524 1166 554 est,
1196 516 1329 554 teneri,
1356 523 1388 549 et
1403 514 1568 559 obligatas
1596 526 1666 549 esse
1694 516 1828 552 solvere

328 572 416 607 dicta
448 570 563 604 Onera
592 567 785 602 Cameralia
800 565 892 599 omni
918 565 1104 608 postposita
1120 574 1238 604 mora,
1267 562 1346 598 alias
1368 563 1506 608 procedi
1529 563 1633 608 possit
1651 574 1767 599 contra
1781 565 1830 600 di·

328 629 398 656 ctas
424 618 697 654 Communitates
714 639 723 654 ‚
752 612 1000 647 Universitates
1017 636 1028 653 ,
1047 611 1215 648 Civitates
1232 635 1242 652 ‚
1261 621 1295 648 et
1308 624 1536 658 quascumque
1557 614 1711 657 superius
1727 624 1830 648 enun-

329 670 431 707 ciatas
456 669 617 704 Personas
641 667 682 700 ad
708 661 1011 697 “transmissionem
1040 661 1388 702 Commissariorum,
1416 663 1585 709 Manuque
1603 662 1710 708 Regia
1724 663 1763 697 ad
1781 673 1837 697 re-

330 716 488 767 presalias
506 742 516 758 ‚
547 723 718 753 arrestus‚
749 711 940 756 captionem
971 710 1153 756 pignorum
1173 736 1184 752 ‚
1213 711 1526 752 subhastationem‚
1555 721 1586 747 et
1616 712 1832 755 deliberatio-

330 780 432 806 nem,
461 766 532 802 sola
561 763 654 799 Facti
681 761 824 797 veritate
855 760 1005 804 inspecta
1031 784 1041 801 ,
1079 769 1112 795 et
1141 760 1260 806 quavis
1294 759 1518 806 appellatione
1548 772 1703 801 remota,
1735 766 1836 796 dum-

331 817 435 854 modo
463 824 597 852 servata
616 812 720 848 fuerit
748 812 854 846 forma
875 810 1068 855 praescripta
1083 810 1114 844 in
1137 810 1257 846 Edicto
1274 810 1352 845 alias
1380 807 1630 854 publicato'per
1655 812 1711 845 bo.
1726 823 1832 846 mern.

326 866 544 902 Cardinalem
574 860 899 898 Aldobrandinum‚
933 858 1045 894 taliter
1062 861 1153 904 quod
1186 859 1248 904 ipsi
1278 859 1466 894 Dohanerii
1485 884 1494 900 ‚
1518 861 1577 894 seu
1610 858 1828 894 Thesaurarii

329 927 392 962 pro
418 922 598 958 tempore,
628 920 818 954 eorumque
845 908 1084 944 Commissnrii
1103 933 1113 948 ,
1140 907 1212 944 sine
1239 909 1310 943 ullo
1337 908 1514 944 obstaculo
1537 908 1751 944 Citationum
1773 920 1829 944 co-

330 975 399 999 ram
427 962 701 1008 quibuscumque
728 956 906 999 judicibus
939 967 1183 998 accuratum,
1214 958 1272 992 nisi
1307 960 1432 993 aeedem
1465 959 1568 994 Manu
1603 967 1739 998 nostra,
1771 969 1831 993 no-

328 1012 456 1057 strique
487 1007 665 1045 Auditoris
683 1032 694 1048 ,
725 1016 758 1041 et
777 1007 881 1042 citato
913 1007 1012 1042 etiam
1044 1008 1199 1042 Camerae
1214 1016 1334 1043 nostrae
1355 1008 1606 1042 Commissario
1637 1007 1762 1043 fuerint
1787 1007 1832 1042 si-

329 1071 434 1108 gnatae
459 1061 501 1095 ad
530 1060 700 1105 praemissa
739 1058 925 1103 procedere
952 1056 1113 1103 possint,
1138 1066 1173 1092 et
1203 1056 1334 1092 valeant
1353 1081 1365 1097 ‚
1397 1057 1522 1103 absque
1552 1056 1640 1093 vitio
1674 1060 1831 1092 Attenta-

327 1120 443 1147 torum
464 1135 473 1144 .

427 1159 624 1195 Mandantes
650 1154 831 1201 propterea
859 1154 1021 1202 predictis
1051 1155 1347 1191 Reverendissimo
1376 1155 1581 1191 Camerario
1599 1180 1610 1196 ‚
1643 1156 1830 1191 Thesaura⁴

325 1208 379 1244 rio
403 1207 565 1244 Generali
584 1231 595 1247 ‚
625 1206 766 1240 Decano
782 1229 792 1245 ‚
825 1214 857 1240 et
878 1204 1024 1240 Clericis
1045 1205 1304 1241 Praesidentibus
1335 1215 1454 1241 nostrae
1471 1207 1625 1240 Camerae
1639 1230 1650 1246 ‚
1680 1204 1830 1242 caeteris-

323 1270 392 1303 que
417 1255 601 1300 judicibus
619 1280 629 1295 ,
663 1264 697 1289 et
715 1254 930 1290 Officialibus
966 1254 1239 1300 quibuscumque
1267 1256 1388 1301 quavis
1413 1256 1631 1290 Authoritate
1657 1253 1829 1300 fungenti-

325 1308 390 1343 bus
405 1332 414 1347 ‚
453 1315 486 1341 et
501 1303 694 1344 functuris,
725 1316 761 1338 ac
789 1314 854 1339 tam
875 1304 1084 1345 conjunctim
1100 1329 1112 1344 ,
1137 1317 1235 1353 quam
1265 1304 1401 1340 divisim
1422 1329 1433 1346 ,
1461 1314 1500 1339 ut
1521 1304 1692 1348 praemissa
1714 1302 1829 1338 omnia

324 1357 535 1396 observent,
563 1364 596 1389 et
614 1350 860 1388 inviolabiliter
888 1355 1062 1388 observari
1080 1355 1226 1389 faciant.
1251 1356 1443 1389 Avocantes
1475 1363 1655 1400 propterea
1682 1355 1722 1388 ad
1753 1352 1827 1387 Nos

325 1417 468 1445 omnes,
489 1413 521 1439 et
549 1414 782 1450 quascumque
808 1403 937 1439 Causas
958 1428 968 1443 ,
997 1403 1089 1438 Lites
1106 1428 1117 1444 ‚
1145 1414 1179 1439 et
1209 1404 1473 1440 Controversias
1490 1427 1500 1443 ‚
1529 1403 1612 1439 alias
1629 1412 1737 1438 motas
1754 1425 1766 1441 ,
1793 1408 1828 1435 et

324 1454 440 1490 forsan
461 1455 670 1499 inposterum
693 1454 878 1488 movendas
911 1464 1013 1498 super
1039 1454 1215 1498 praemissis
1247 1466 1307 1499 per
1341 1454 1417 1488 Nos
1445 1462 1600 1498 utsupra
1627 1449 1823 1494 dispositis,

322 1503 532 1539 declaratis,
563 1500 754 1538 innovatis,
787 1502 978 1538 concessis,
1014 1502 1245 1540 confirmatis,
1273 1504 1476 1542 easdemque
1490 1500 1536 1533 sic
1553 1508 1709 1533 avocatas
1723 1495 1827 1532 etiam

324 1561 413 1585 nunc
447 1555 550 1592 prout
571 1559 611 1580 ex
625 1554 710 1579 tunc
737 1548 975 1591 extinguantes
993 1547 1208 1583 decernimus
1225 1574 1237 1589 ‚
1272 1551 1315 1582 ita
1334 1559 1393 1590 per
1411 1556 1646 1590 quoscumque
1673 1546 1826 1586 judices,

323 1607 358 1634 et
386 1591 654 1632 Commissarios
683 1591 802 1637 quavis
836 1595 1056 1629 Authoritate
1071 1597 1241 1634 munitos,
1270 1595 1370 1628 etiam
1390 1593 1581 1627 Causarum
1600 1592 1719 1628 Palatii
1735 1594 1829 1638 Apo·

321 1645 437 1683 vstolici
462 1643 647 1679 Auditores
663 1664 674 1680 ,
702 1651 739 1675 ac
753 1641 788 1675 S.
807 1641 851 1675 R.
872 1642 908 1676 E,
925 1642 1122 1677 Cardinales
1137 1666 1147 1681 ‚
1163 1643 1291 1687 ubique
1309 1639 1453 1681 iudicari
1467 1665 1478 1681 ,
1499 1641 1736 1687 intrerpertari
1753 1665 1765 1682 ‚
1791 1649 1826 1677 et

322 1693 458 1732 definiri
486 1693 635 1730 debere,
663 1701 792 1725 necnon
811 1690 942 1725 irritum
959 1715 969 1730 ‚
999 1699 1034 1725 et
1061 1691 1158 1725 inane
1194 1690 1362 1737 quidquid
1377 1701 1472 1726 secus
1499 1702 1605 1736 super
1631 1692 1680 1727 his
1699 1703 1719 1726 a
1744 1701 1828 1737 quo-

324 1755 431 1792 quam
451 1741 568 1789 quavis
597 1738 815 1775 Authoritate
843 1740 1015 1778 scienter,
1047 1739 1311 1786 velignoranter
1338 1740 1501 1775 hactenus
1532 1748 1649 1776 contra
1680 1740 1827 1776 formam

325 1792 572 1841 praemissarum
591 1787 885 1828 Constitutionum
901 1813 912 1830 ‚
944 1798 979 1824 et
994 1788 1295 1825 Bannimentorum
1318 1797 1482 1826 tentatum
1497 1813 1508 1829 ,
1540 1799 1600 1826 aut
1616 1788 1827 1825 declaratum

325 1841 456 1883 fuerit,
486 1848 519 1875 et
547 1839 713 1886 quidquid
741 1849 838 1874 secus
862 1849 981 1874 contra
1008 1848 1204 1884 praesentem
1239 1847 1383 1874 nostram
1409 1838 1577 1875 Cedulam
1608 1839 1724 1874 Motus
1744 1849 1826 1884 pro-

322 1892 418 1938 prii,
447 1887 730 1925 Confirmationis
747 1912 758 1928 ‚
785 1887 1018 1924 Innovationis
1036 1913 1046 1929 ‚
1071 1888 1348 1930 Declarationis,
1375 1896 1410 1925 et
1441 1887 1683 1925 Concessionis
1712 1898 1828 1934 respe-

318 1939 417 1977 ctive
438 1939 581 1975 scienter
595 1962 606 1978 ,
636 1936 689 1971 vel
707 1935 903 1983 ignoranter
927 1937 1112 1984 contigerit
1128 1938 1287 1974 attentari
1303 1963 1314 1973 .

421 1990 503 2024 Non
523 1987 737 2022 obstantibus
753 1995 820 2022 etc.

422 2037 647 2072 Declarantes
670 2036 808 2081 insuper
835 2037 935 2077 huius
951 2036 1073 2073 Nostri
1094 2037 1209 2073 Motus
1238 2037 1367 2084 proprii
1389 2037 1561 2074 Cedulam
1580 2047 1641 2082 per
1654 2035 1759 2071 solam
1774 2033 1824 2068 Si·

328 2095 505 2132 gnaturam
541 2094 688 2121 nostram
716 2087 871 2121 sufficere
887 2111 898 2127 ,
926 2088 1052 2133 absque
1069 2086 1133 2122 alia
1154 2088 1240 2123 Data
1255 2112 1277 2128 ‚⁷
1299 2101 1336 2123 ac
1357 2087 1407 2122 illi
1427 2112 1437 2128 ,
1468 2098 1501 2122 et
1515 2085 1733 2129 transumptis
1748 2083 1821 2122 eius

325 2135 432 2171 Manu
459 2135 601 2175 alicujus
621 2135 718 2170 dictae
744 2135 903 2171 Camerae
935 2146 1055 2174 nostrae
1073 2137 1249 2172 Secretarii
1274 2136 1497 2178 subscriptis,
1525 2133 1709 2178 sigilloque
1736 2129 1821 2165 dicti

323 2183 521 2218 cardinalis
548 2184 764 2224 camerarii,
797 2184 852 2218 vel
883 2186 1099 2218 Thesaurarii
1128 2186 1304 2218 Generalis
1329 2183 1491 2222 munitis,
1520 2182 1652 2227 plenam
1679 2181 1711 2213 in
1729 2177 1822 2214 ludi·

325 2230 406 2270 cio,
437 2240 470 2266 et
491 2232 588 2266 extra
603 2252 614 2268 ,
640 2237 674 2263 et
692 2231 817 2274 ubique
831 2231 1001 2265 Locorum
1023 2230 1139 2265 Fidem
1168 2231 1328 2264 adhibere
1343 2232 1493 2269 debere,
1522 2231 1653 2277 Regula
1679 2227 1818 2276 quavis,

327 2282 526 2328 exterisque
549 2277 729 2315 contrariis
748 2290 812 2313 non
827 2278 1039 2315 obstantibus
1055 2278 1327 2327 quibuscumque
1345 2302 1355 2312 .

1054 2327 1056 2330 ’
1131 2328 1204 2365 Fiat
1220 2331 1319 2367 Motu
1332 2329 1472 2378 proprio
1498 2331 1600 2366 ¹1>le

1588 2521 1642 2561 N.
1655 2520 1818 2565 XLVIII-⁴
