1993 3195
647 350 684 391 C
720 351 759 392 A
791 351 819 390 P
852 352 890 392 U
920 350 958 391 T
1019 354 1068 395 ll.
1491 369 1540 398 12·

136 428 223 459 rurn
239 408 541 455 communitates
558 410 720 458 :,statuit
749 410 852 450 idern
871 425 1053 453 summus
1070 410 1267 461 Pontifex,
1283 411 1505 457 Cameralis
1522 369 1591 469 Jg-

136 474 231 516 dieis
264 471 327 526 jus
343 484 420 510 esse
441 469 709 525 cognoscendi
736 469 782 510 de
802 469 958 511 damnis
975 502 988 519 ‚
1005 471 1110 513 datis
1138 470 1179 512 in
1205 486 1251 512 ea
1283 471 1489 515 fructuum
1506 506 1518 524 ,
1548 488 1589 519 et

136 527 367 576 reddituum
384 542 516 585 parte,
546 544 651 584 quae
670 528 866 570 Gamerae
883 542 966 578 est,
1000 546 1044 572 ac
1077 545 1245 572 suorum
1273 531 1551 576 Conductorum
1575 564 1588 583 ,

134 588 535 634 etSuhconductorum
557 601 569 636 3
603 602 640 629 et
661 588 801 642 quoad
832 589 982 630 damna
1003 590 1106 632 illata
1145 590 1369 640 fructibus,
1401 605 1441 633 -et
1460 595 1589 635 reddi-

132 648 315 695 tibus,ad
332 649 455 689 dictas
469 646 795 689 communitates
815 648 1109 704 pertinentibus
1124 679 1138 698 ‚
1150 650 1424 707 cognitionem
1441 667 1590 709 specta-

134 725 174 752 re
215 709 266 750 ad
293 707 515 765 praedictos
548 707 851 749 Gubernatores
880 738 893 757 ‚
936 710 1177 760 potestates,
1207 724 1247 752 et
1278 709 1589 755 Commissarios

136 770 342 811 locorum.

251 829 507 876 Poenarum,
537 839 640 882 quae
662 823 806 865 deinde
831 823 1063 882 irrogantur
1079 842 1153 883 pro
1171 827 1284 870 dictis
1305 828 1476 879 damnis,
1494 846 1588 873 exa-

134 887 287 930 ctiones
317 886 401 926 fieri
439 899 653 940 nequeunt
685 899 946 941 quocumque
983 886 1026 926 in
1065 902 1158 928 casu
1190 903 1210 928 a
1252 888 1433 929 locorum
1459 891 1590 943 Jusdi-

133 947 317 990 centibus
343 945 608 1001 supradietis⁵
641 959 773 1000 quum
807 944 894 985 illae
923 945 1094 986 omnino
1109 947 1336 1003 pertineant
1370 949 1421 988 ad
1440 951 1591 991 Came-

134 1021 219 1048 ram
233 1037 244 1054 ‚
258 1019 295 1046 et
312 1005 480 1060 proinde
503 1004 556 1044 ad
574 1003 753 1060 ejusdem
771 1004 1031 1046 Affictuarios
1048 1037 1059 1053 ,
1077 1020 1113 1046 et
1126 1006 1470 1058 Subaffictuart‘053
1488 1010 1593 1052 itaut

135 1067 285 1120 absque
320 1065 469 1104 horum
496 1078 728 1111 consensu,
772 1075 811 1103 et
846 1064 1119 1105 conventione
1152 1067 1292 1120 quoad
1325 1068 1593 1121 quantitatem

131 1138 287 1179 poenae
322 1136 408 1161 non
441 1136 615 1178 possunt
646 1121 816 1163 omnino
849 1122 1007 1164 decreta
1039 1123 1313 1174 absolutoria,
1340 1126 1400 1169 vel
1436 1140 1591 1183 poena-

131 1181 184 1223 lia
205 1182 466 1233 interponere
482 1208 492 1217 .

250 1234 627 1292 Deputatiosudicz's
643 1235 683 1276 in
700 1236 825 1277 Iocum
852 1236 1012 1278 alterius
1027 1237 1112 1279 fieri
1131 1237 1248 1280 debet
1265 1240 1341 1281 sub
1359 1241 1478 1283 unica
1496 1240 1593 1284 cita·

133 1297 243 1340 tione
261 1327 274 1345 ‚
307 1295 359 1335 ad
379 1296 455 1336 hoc
477 1309 522 1336 ut
543 1295 703 1349 decerni
722 1296 844 1351 possit
866 1326 879 1343 ‚
910 1296 997 1337 dari
1018 1296 1145 1337 [istam
1167 1296 1348 1353 judicum
1369 1328 1381 1346 ‚
1414 1302 1485 1356 qui
1506 1316 1590 1344 non

132 1356 213 1398 sint
232 1354 337 1394 Parti
356 1353 528 1410 suspecti
547 1384 557 1395 .
593 1355 643 1396 Et
657 1355 828 1411 petenda
847 1368 901 1395 est
918 1355 1021 1396 infra
1048 1356 1229 1397 triduum
1246 1373 1266 1398 a
1298 1358 1361 1399 die
1394 1360 1592 1417 reprodu-

134 1413 280 1457 ctionis
296 1412 511 1453 Monitorii
532 1442 545 1459 ‚
560 1414 624 1455 vel
646 1413 848 1454 citationis
863 1414 916 1454 acl
931 1414 1130 1455 dicendum
1149 1427 1284 1456 contra
1302 1417 1398 1470 jura
1414 1433 1428 1466 ς
1453 1418 1595 1473 quoad

130 1488 226 1519 vero
245 1471 407 1526 judices
430 1486 558 1512 novos
591 1486 611 1512 a
652 1472 715 1512 die
733 1485 871 1528 captae
905 1473 1164 1528 possessionis
1190 1472 1356 1524 Officii;
1392 1474 1506 1527 juxta
1525 1478 1596 1519 de-

134 1546 238 1576 creta
260 1531 358 1573 anni
385 1544 508 1586 1730.
531 1532 608 1574 sub
628 1530 834 1572 Clemente
852 1545 934 1572 ΧΠ.
955 1529 991 1589 §.
1008 1544 1052 1586 4.
1078 1547 1184 1587 quae
1203 1533 1369 1589 quidem
1385 1535 1595 1594 Deputatz'o

133 1607 220 1634 non
238 1592 354 1632 habet
371 1591 505 1633 locum
534 1590 577 1632 in
597 1589 747 1633 Causis
768 1590 1022 1648 privilegiatis
1038 1622 1051 1640 ,
1086 1606 1227 1649 nempe
1249 1624 1261 1642 ‚
1284 1594 1459 1652 Pcrglzerb
1475 1596 1596 1637 etiarn

134 1667 227 1694 cum
245 1650 488 1707 obligatione
509 1650 712 1692 Camerali
732 1680 744 1699 ,
775 1651 1003 1692 Mercedum
1017 1681 1029 1698 ‚
1060 1651 1293 1694 Litterarum
1317 1653 1470 1696 Camlrii
1479 1685 1492 1703 ,
1511 1654 1595 1694 De-

108 1754 114 1761 ,
128 1709 246 1768 positi
262 1742 274 1758 ‚
295 1710 493 1752 Pensionis
507 1711 731 1758 domorum,
745 1725 813 1766 per
833 1711 1013 1767 Apocam
1032 1726 1254 1755 conventae
1274 1741 1286 1757 ‚
1309 1713 1596 1756 Alimentorum

126 1768 348 1825 futurorum
369 1802 382 1817 ‚
413 1786 459 1811 ac
477 1770 519 1810 in
536 1772 622 1812 aliis
645 1786 721 1811 non
740 1770 1022 1827 attingentibus
1037 1782 1147 1812 scuta
1177 1769 1481 1829 vigintiquinque
1499 1787 1512 1821 ;
1546 1785 1597 1812 ex

134 1828 303 1870 decretis
319 1828 805 1875 Reformationis‚insertis
824 1831 864 1868 iu
879 1830 1186 1871 Constitutione
1206 1831 1408 1872 Benedicti
1429 1830 1597 1887 X1v.(1).

134 1889 312 1929 Demurn
333 1885 373 1925 in
395 1886 561 1926 caeteris
578 1884 726 1926 Causis
746 1914 758 1931 ,
788 1886 965 1941 exceptis
998 1887 1298 1929 Commissariis
1316 1917 1329 1935 ,
1364 1889 1484 1932 unica
1505 1903 1598 1931 tan-

134 1958 222 1988 turn
243 1943 633 1996 admittiturJudicis
652 1944 919 1993 recusati03et
940 1946 1080 1997 quoad
1105 1946 1309 1989 ulteriores
1329 1949 1599 1990 recusationes

134 2002 340 2061 quaelibet
356 2001 493 2042 citatio
513 2017 594 2041 non
617 2003 838 2043 attenditur
858 2033 871 2050 ‚
904 2001 1017 2054 juxta
1037 2006 1176 2045 eadem
1195 2006 1362 2046 Decreta
1377 2006 1450 2062 (2)
1469 2037 1478 2046 .

255 2060 466 2101 Dim-Ictus
486 2061 604 2101 Urbis
623 2092 633 2101 .
668 2059 726 2101 Ut
756 2061 836 2102 dici
869 2078 1021 2117 queant
1046 2065 1130 2105 loca
1152 2064 1192 2104 in
1212 2080 1259 2105 eo
1281 2067 1567 2121 comprehensa
1585 2092 1600 2112 ,

135 2122 320 2165 habenda
339 2135 395 2161 est
414 2121 515 2161 ratio
535 2120 725 2174 antiquae
746 2133 957 2160 mensurae
975 2153 987 2168 ,
1014 2138 1095 2176 qua
1116 2126 1166 2165 ab
1188 2123 1492 2174 Urbe'diStent‚
1514 2137 1600 2164 non

137 2196 269 2224 autem
289 2180 470 2236 lapidum
489 2179 718 2221 milliarium
737 2178 1052 2235 appositio‚faCta
1075 2194 1248 2237 tempore
1272 2181 1477 2226 BenediCti
1494 2196 1599 2232 xlv„

137 2242 206 2297 qui
240 2242 318 2281 hoc
338 2239 440 2280 idem
459 2238 708 2294 praescripsit
726 2238 767 2277 in
798 2236 885 2290 ejus
904 2239 1166 2296 Clu‘rograplzo
1197 2240 1275 2281 (liei
1297 2255 1363 2282 22.
1388 2242 1602 2285 decembris

142 2314 267 2354 1742.
289 2299 396 2354 apud
416 2297 518 2340 Acta
539 2297 700 2339 Notarii
717 2297 940 2338 Trilvwzalis
958 2298 1119 2339 Viae-mn
1141 2332 1149 2340 .
1184 2299 1293 2342 Hinc
1315 2302 1400 2343 loca
1421 2334 1432 2351 ,
1454 2315 1557 2357 quae
1576 2315 1601 2340 a

138 2357 331 2401 Carclinali
348 2358 407 2400 De
425 2360 530 2400 Luca
552 2370 811 2398 recensentur
827 2362 903 2399 sub
926 2357 1041 2399 titulo
1060 2360 1107 2400 de
1124 2360 1358 2401 statutariis
1377 2357 1600 2401 successio-

138 2418 272 2466 nibus,
286 2432 362 2459 esse
381 2419 426 2459 de
441 2417 634 2461 Districtu
657 2429 896 2474 reputantur
911 2441 921 2456 ·
944 2414 1051 2457 Haec
1080 2418 1182 2458 inter
1214 2432 1479 2460 enumeratur
1499 2416 1600 2457 Cen-

1058 2477 1094 2515 V
1130 2488 1156 2516 2
1516 2487 1600 2517 turn

143 2545 610 2561 ——2—-5—
1562 2546 1609 2560 -

185 2605 240 2646 (1)
267 2607 369 2650 Incip.
389 2608 544 2640 Romanae
562 2607 670 2639 Curiae
690 2604 722 2646 ᾗ.
741 2606 961 2641 accusationes
975 2629 982 2638 .
1031 2607 1086 2648 (2)
1117 2604 1237 2638 Ibidem
1259 2605 1293 2648 §.
1307 2607 1342 2638 In
1361 2607 1489 2640 caeteris
1501 2627 1511 2637 .
