1993 3195
654 307 684 342 A
725 309 751 341 1³
794 308 819 341 Ρ
862 309 886 342 E
926 311 958 343 N
999 311 1034 344 D
1075 311 1092 345 1
1133 311 1164 345 >t
1588 323 1624 347 1¹

177 353 382 390 trahentibus
415 363 476 398 pro
505 355 788 395 transportatione
805 357 843 389 ad
864 357 1014 390 Domum
1044 359 1168 392 Iudicis
1198 364 1357 393 consueta
1401 361 1554 393 mercede
1594 323 1654 404 pri)

176 402 300 437 viatico
314 425 323 440 ‚
353 413 411 436 seu
426 401 558 437 viaticis
574 402 821 436 Notariorum:
853 405 908 436 sed
927 403 1024 437 etiam
1045 428 1054 442 ‚
1075 407 1165 448 quod
1183 406 1236 439 illa
1255 418 1312 448 per
1327 418 1361 440 se
1378 406 1464 448 ipsos
1482 406 1627 444 lefferint
1644 434 1653 449 ‚

175 451 436 495 recognoverim
453 475 463 491 ‚
492 460 524 485 et
539 451 655 490 maiori
685 463 749 496 qua
764 460 945 496 potuerunt
976 453 1161 486 attentione
1189 455 1505 494 consideraverint,
1524 449 1650 492 'medio

175 500 365 539 iuramento
394 501 555 534 affirmare
573 525 581 534 .

274 548 337 582 His
352 557 461 583 autem
485 548 640 582 omnibus
670 547 882 593 adimpletis,
915 548 1012 583 sicuti
1040 557 1106 584 tam
1128 549 1305 590 Iudicem,
1341 564 1437 596 quam
1476 553 1659 590 Notarium

173 597 214 631 ab
234 597 325 631 omni
358 608 491 640 prorsus
521 596 671 641 periculo
703 596 792 636 litis,
817 606 850 632 et
869 598 1097 634 molestiarum
1131 599 1313 634 eximimus
1331 624 1339 639 ,
1373 610 1406 635 et
1433 599 1617 636 liberamus
1645 616 1655 636 ε

173 646 223 680 Ita
237 648 254 679 e
269 646 456 685 contrario,
471 648 634 691 quatenus
651 647 755 680 Iudex
771 669 780 685 ,
796 657 828 680 et
841 647 1031 691 respective
1045 648 1205 682 Notarius
1223 649 1252 681 in
1269 648 1382 693 aliquo
1408 649 1658 694 praen.issorum

172 694 387 733 defecerint,
421 694 533 734 idest,
562 695 667 729 Iudex
682 694 732 728 vel
753 704 874 729 certam
895 720 904 734 ‚
929 704 962 729 et
989 695 1165 740 specialem
1193 709 1324 732 causam
1353 700 1569 743 exprimere,
1598 698 1658 734 vel

173 743 272 782 iura,
303 752 335 776 et
362 745 543 787 scripturas
580 743 667 777 illam
697 743 921 782 verificantur,
953 744 1138 784 distincte,
1166 754 1202 779 ut
1228 758 1325 790 supra
1358 748 1538 782 enunciare
1557 772 1565 787 ‚
1595 748 1652 782 vel

172 801 273 835 super
295 790 429 826 illorum
446 792 676 837 recognitione
690 816 700 832 ‚
729 800 761 825 et
779 792 928 826 examine
945 795 1174 832 juramentum
1204 796 1382 837 proprium
1402 795 1616 840 interponere
1644 808 1655 836 ;

171 840 334 875 Notarius
361 841 443 874 vero
462 841 640 886 scripturas
661 840 728 875 illas
743 864 752 880 ,
768 852 840 885 quae
857 852 999 875 numero
1015 842 1220 885 privatarum
1244 854 1463 877 accensentur
1477 868 1486 882 ‚
1526 845 1652 878 insere-

169 899 207 923 re
221 913 231 928 ,
262 898 296 924 et
310 888 471 935 colligare
488 890 756 934 praetcrmiserint
771 913 780 927 ‚
798 891 914 923 damna
930 889 1040 924 omnia
1056 913 1065 929 ,
1097 900 1127 925 et
1148 891 1306 924 interesse
1325 890 1525 926 Mulieribus
1546 917 1555 930 ‚
1585 892 1650 927 Mi-

169 938 308 972 noribus
322 962 331 978 ‚
360 950 397 972 ac
416 938 553 983 Pupillis
568 963 578 979 ,
609 940 650 973 de
666 937 803 983 proprio
818 962 827 977 ‚
855 938 981 973 directe
996 962 1005 977 ‚
1035 948 1067 973 et
1086 938 1262 974 insolidum
1293 951 1369 974 cum
1392 941 1495 974 altera
1530 950 1624 984 parte
1641 965 1652 981 ‚

171 997 243 1031 quae
258 1000 333 1022 cum
349 987 395 1021 eis
411 988 601 1027 contraxit,
622 986 778 1021 resarcire
792 1010 802 1026 ‚
821 998 857 1021 ac
874 998 1030 1031 reparare
1045 996 1222 1022 teneantur
1236 1011 1245 1021 .
1266 988 1303 1021 Et
1325 988 1549 1024 nihilominus
1568 989 1660 1024 obli-

171 1036 262 1080 gatio
293 1035 473 1075 Mulieris,
504 1037 668 1075 Minoris,
704 1044 759 1070 aut
777 1035 965 1080 Impuberis
994 1035 1212 1082 sitipsojure
1238 1036 1350 1077 nulla,
1378 1045 1410 1072 et
1442 1038 1559 1076 irrita,
1590 1050 1655 1073 non

169 1086 326 1119 obstante
342 1097 557 1131 quocumque
583 1087 769 1126 juramento
785 1108 794 1124 ,
822 1088 912 1130 quod
931 1085 986 1120 tali
1007 1093 1083 1120 casu
1102 1097 1161 1131 per
1176 1085 1328 1121 fraudem
1345 1110 1355 1126 ,
1386 1098 1423 1121 ac
1450 1085 1570 1122 dotum
1603 1099 1661 1122 ex-

171 1142 298 1169 tortum
315 1144 512 1169 censeantur
530 1159 538 1168 .

263 1183 492 1217 Decernentes
507 1185 635 1218 easdem
664 1191 838 1227 praesentes
865 1183 994 1217 Literas
1021 1190 1087 1218 etc.

263 1231 342 1265 Non
360 1232 570 1266 obstantibus
594 1243 658 1266 etc.

252 1280 392 1314 >Datum
424 1281 540 1316 Romae
556 1281 643 1325 apud
660 1280 691 1314 S.
708 1281 846 1315 Mariam
863 1281 1029 1318 Maiorem
1048 1296 1051 1298 ·
1069 1281 1167 1315 Anno
1184 1280 1432 1316 Incarnationis
1450 1281 1648 1317 Dominicae

166 1327 346 1363 millesimo
378 1329 677 1375 septingentesimo
703 1329 959 1375 quadragesimo
986 1339 1102 1375 quarto
1128 1354 1139 1371 ‚
1172 1330 1379 1366 duodecimo
1406 1330 1570 1366 Kalendas
1602 1330 1654 1365 Ia·

167 1377 273 1412 nuarii
288 1402 300 1418 ,
329 1377 550 1413 Pontificatus
579 1379 697 1414 Nostri
719 1379 820 1413 Anno
839 1378 969 1426 Quinto
991 1403 1000 1413 .

761 1477 822 1526 N.
850 1449 1062 1523 xXle.

166 1568 297 1621 Ordo
328 1569 625 1618 Praecedentiae
656 1590 731 1640 per
742 1576 959 1622 Votantes
992 1575 1223 1636 Signaturae
1249 1574 1450 1634 Iustitiae,
1477 1585 1523 1621 et
1541 1575 1649 1626 Gra-

255 1647 323 1693 tiae
340 1658 434 1694 tum
460 1648 506 1692 in
522 1642 716 1692 sedendo
731 1676 745 1698 ,
766 1657 860 1692 tum
876 1649 921 1692 in
935 1658 1047 1695 voto
1063 1642 1249 1694 ferendo
1271 1680 1285 1702 ,
1304 1644 1535 1697 servandus
1552 1680 1567 1694 .

539 1766 928 1808 BE'Nfinchvs
955 1769 1133 1798 ῬΛῬΛ
1163 1770 1277 1802 XIV.

629 1814 688 1850 Ad
701 1812 850 1857 futuram
883 1814 932 1850 rei
946 1814 1141 1850 memoriam
1167 1841 1178 1852 .

288 1913 408 1949 ilitanti
440 1914 618 1955 Ecclesiae‚
651 1927 724 1960 quae
741 1924 814 1955 est,
841 1914 929 1951 sicut
957 1924 1140 1952 castrorum
1171 1915 1257 1952 acies
1272 1916 1425 1952 ordinata
1458 1929 1518 1962 per
1541 1915 1652 1952 ineffa-

297 1963 398 1999 bilem
429 1963 564 1999 Divinae
582 1965 744 2000 Bonitatis
761 1965 1022 2005 abundantiam,
1056 1965 1207 2010 quamvis
1237 1965 1334 2001 nullis
1373 1967 1493 2001 nostris
1524 1965 1651 2001 meritis

163 2011 378 2051 praesidentes
407 2012 488 2048 illud
530 2013 698 2058 praecipue
735 2015 821 2048 inter
853 2023 972 2049 caetera
998 2026 1202 2059 permagna,
1234 2023 1268 2051 et
1298 2013 1410 2059 ampla
1443 2013 1654 2061 Apostolicae

161 2057 412 2096 procurationis
439 2071 556 2097 nostrae
583 2074 721 2097 munera
755 2063 938 2098 studiosius
971 2074 1087 2098 curare
1117 2064 1276 2101 debemus
1298 2089 1308 2104 ‚
1337 2073 1375 2098 ut
1394 2076 1445 2099 eas
1472 2063 1656 2109 providen-

161 2106 288 2142 tissime
315 2111 480 2144 tradamus
497 2135 507 2148 ,
539 2120 791 2155 statuamusque
816 2112 947 2156 regulas
965 2137 975 2152 ‚
1002 2113 1125 2157 quibus
1149 2115 1189 2147 ab
1214 2112 1291 2156 ipsis
1322 2114 1470 2153 ejusdem
1495 2111 1651 2147 Ecclesiae

163 2154 305 2192 Praelatis
334 2158 364 2192 in
394 2159 454 2193 hac
484 2158 631 2192 Romana
650 2160 755 2192 Curia
786 2161 825 2192 ad
844 2159 1034 2198 laboriosa,
1059 2170 1092 2194 et
1118 2161 1316 2196 difficillima
1345 2162 1447 2196 totius
1478 2158 1656 2195 Catholici

162 2203 266 2240 Orbis
301 2206 528 2249 expedienda,
556 2206 627 2242 sive
654 2206 780 2241 Gratiae
799 2231 809 2247 ,
841 2206 913 2241 sive
937 2207 1084 2248 ,lustitiae
1108 2208 1243 2253 negotia
1268 2209 1444 2244 nobiscum
1462 2209 1657 2243 adlaboran-

165 2252 276 2294 tibus,
324 2253 412 2291 rite,
453 2263 628 2297 sancteque
661 2255 801 2287 servatis
822 2278 832 2292 ‚
865 2255 951 2289 nulla
982 2255 1193 2300 potissimum
1218 2281 1227 2297 ‚
1256 2259 1367 2303 quoad
1396 2256 1655 2304 praecedentiam

165 2300 252 2334 inter
295 2315 349 2337 eos
366 2302 541 2342 confusio,
577 2311 609 2335 et
631 2300 832 2335 inordinatio
873 2301 1074 2341 inducatur,
1108 2307 1422 2347 quemadmodum,
1452 2306 1571 2340 iisdem
1603 2315 1658 2338 re-

166 2349 253 2395 gulis
279 2352 425 2386 nondum
457 2351 608 2396 apprime
643 2348 834 2383 constitutis
853 2372 863 2388 ,
881 2349 1086 2394 experientia
1102 2360 1232 2386 constat
1248 2376 1258 2391 ,
1282 2352 1460 2387 maximam
1487 2353 1663 2389 inductam

165 2397 269 2432 fuisse
308 2400 537 2435 confusionem
557 2423 567 2438 ,
599 2397 950 2442 inordinationemque
965 2423 973 2432 .
998 2400 1078 2433 Duo
1092 2397 1122 2432 in
1142 2401 1200 2434 hac
1216 2400 1286 2445 ipsa
1307 2402 1456 2436 Romana
1476 2401 1584 2436 Curia
1603 2414 1661 2437 no-

165 2456 231 2482 stra
258 2455 335 2482 sunt
361 2449 552 2495 Tribunalia
579 2447 807 2492 antiquissima
833 2446 933 2486 sane,
959 2456 990 2481 et
1010 2447 1083 2482 aliis
1109 2447 1280 2484 interdum
1302 2475 1312 2490 ‚
1345 2464 1443 2495 quam
1463 2450 1504 2485 de
1521 2462 1660 2494 praesen-

165 2496 190 2530 ti
208 2497 424 2535 nominibus,
449 2497 665 2532 celeberrima
687 2521 696 2536 ‚
731 2495 870 2530 alterum
902 2496 1039 2540 quidem
1069 2497 1252 2541 Signaturae
1273 2500 1416 2539 justitiae
1436 2500 1563 2534 dictum
1579 2525 1589 2540 ‚
1627 2500 1659 2535 in

166 2546 428 2594 quo‘duodecim
459 2555 584 2581 tantum
602 2555 818 2582 numerantur
848 2545 977 2580 Praelati
1004 2545 1166 2580 Votantes
1195 2549 1403 2594 nuncupati,
1433 2549 1579 2585 alterum
1604 2561 1662 2584 ve-

1130 2606 1154 2641 p
1625 2608 1665 2632 ro
