1952 3167
332 308 417 352 126
623 306 700 347 DE
729 305 865 353 JURE
899 305 1244 349 SlGNATURAE
1274 306 1532 356 JUS'rlTlAE

332 367 673 412 commissionem
699 366 850 406 dedisse
873 380 1010 407 contra
1035 368 1269 421 rescriptum
1288 369 1426 425 plenae
1444 368 1788 426 signatumest&

335 428 517 483 eJusdem
541 426 880 469 (Commissionem
911 427 1124 468 declarasse
1142 460 1154 476 ,
1173 443 1254 468 non
1289 431 1627 486 comprehendere
1648 445 1790 487 nempe
1801 444 1810 454 ·’

339 504 468 532 novos
494 487 685 528 terminos
708 486 896 527 decursos
917 515 929 533 ‚
947 501 985 527 et
1004 501 1160 528 tantum
1181 489 1354 544 primum
1375 490 1589 530 terminum
1607 505 1650 539 ‚a
1672 491 1792 543 cuius

339 547 526 606 exigendi
561 547 754 587 mandato
783 544 861 586 fuit
887 546 1091 587 commissa
1121 547 1330 603 appellatio
1349 578 1361 594 ‚
1393 548 1512 603 idque
1531 546 1648 600 jure,
1681 548 1789 588 etde
1819 560 1825 572 ⁸

343 609 432 650 stilo
456 607 582 647 tacere
602 620 712 662 posse
734 619 745 653 ;
769 617 891 661 prout
907 606 1040 647 videre
1059 621 1113 648 est
1133 607 1173 646 in
1195 606 1396 647 decisione
1421 606 1792 662 Bononien.praedii

341 681 469 711 coram
492 664 698 707 Pauluccio
713 696 724 713 ,
743 679 848 717 quae
868 679 974 706 extat
1002 668 1111 723 apud
1133 667 1433 707 Constantinum
1455 667 1551 722 (1).

456 726 649 767 Diximus
668 738 789 781 supra
813 752 826 769 ‚
859 727 1093 767 attributam
1111 725 1230 767 fuisse
1265 725 1455 767 Auditori
1483 726 1718 768 facultatem
1749 724 1794 766 in

339 798 424 826 κη.
444 785 607 826 Decreto
628 785 689 824 (lie
711 797 752 838 3.
769 783 902 838 aprilis
922 785 1144 827 remittendi
1166 783 1324 826 Causas
1344 785 1593 842 appellabiles
1608 786 1660 826 ad
1679 800 1795 826 eum-

342 845 431 885 dem
449 846 630 898 judicem
651 873 663 889 ‚
696 858 739 885 ut
758 845 901 884 iterum
920 844 1090 895 audiat3
1124 845 1368 887 declaratum
1394 858 1527 886 tamen
1547 845 1626 885 fuit
1641 849 1717 886 sub
1733 843 1797 885 alie

341 904 414 945 26.
431 904 657 961 seplembris
674 904 850 959 ejusdem
871 904 1001 952 anni,
1034 904 1075 943 id
1109 903 1268 959 intelligi
1289 902 1430 945 debere
1448 905 1585 959 quoad
1614 902 1814 955 judicata‘

280 1010 282 1013 Ι
336 961 404 1002 illa
442 976 628 1003 emanata
659 977 727 1017 per
746 963 1006 1002 contr-adimas
1024 993 1037 1011 ,
1071 962 1296 1003 dummodo
1317 977 1403 1002 non
1423 961 1653 1002 transierint
1670 962 1710 1000 in
1730 976 1800 1001 au-

340 1021 566 1064 ctoritatem
599 1021 652 1060 rei
688 1018 924 1071 judicatae,
959 1034 1031 1060 nec
1067 1034 1222 1061 mutata
1241 1019 1290 1059 sit
1319 1017 1666 1075 personaJudicis
1685 1048 1694 1058 .
1733 1019 1801 1059 lti-

340 1079 432 1121 dem
451 1078 592 1134 quoad
618 1077 699 1120 illas
726 1078 936 1119 facultates
957 1110 969 1128 ,
1003 1078 1253 1135 respicientes
1272 1078 1554 1134 appellationes
1571 1077 1615 1118 in
1635 1078 1804 1132 quibus-

335 1139 435 1180 dam
459 1136 613 1180 Causis
635 1137 903 1180 admittendas
920 1170 932 1186 ‚
967 1138 1008 1178 in
1044 1138 1198 1189 quibus
1214 1138 1261 1176 de
1280 1136 1367 1178 stilo
1385 1152 1406 1177 a
1427 1137 1640 1192 Signatura
1662 1151 1804 1177 conce-

342 1198 385 1239 di
402 1198 528 1240 solent
546 1228 557 1246 ,
592 1210 786 1238 statutum
803 1196 882 1236 fuit
898 1229 910 1246 ,
936 1197 1066 1238 firmas
1087 1198 1277 1242 existere,
1295 1208 1574 1250 praeterquam
1596 1194 1636 1234 in
1652 1193 1804 1236 Causis

342 1255 626 1309 liquidationis
642 1257 867 1303 fructuum,
886 1258 1148 1304 damnorum,
1167 1269 1204 1296 et
1217 1268 1485 1310 expensarum
1506 1285 1518 1302 ,
1551 1266 1589 1294 et
1610 1253 1803 1295 redditio-

342 1316 405 1358 nis
433 1314 639 1356 rationum
660 1347 672 1364 ,
702 1315 743 1354 in
767 1314 921 1368 quibus
941 1315 1166 1356 moderatas
1180 1345 1192 1362 ‚
1219 1327 1256 1354 et
1276 1315 1489 1369 abrogatas
1506 1311 1685 1353 censeri.

464 1371 677 1417 Summam
709 1373 888 1427 denique
900 1374 1080 1431 peritiam
1104 1375 1250 1416 habere
1270 1371 1450 1413 Auditor
1470 1372 1587 1413 debet
1617 1370 1804 1413 omnium

338 1433 651 1492 ,privilegiorum
669 1465 681 1482 ,
713 1447 752 1475 et
778 1431 1017 1474 facultatum
1040 1462 1052 1478 ,
1083 1433 1232 1487 quibus
1263 1431 1468 1486 gaudent,
1500 1429 1560 1472 vel
1586 1428 1673 1484 jure
1695 1459 1708 1477 ‚
1743 1429 1805 1471 vel

340 1506 492 1537 statuto
510 1527 522 1545 ,
555 1494 616 1537 vel
643 1492 940 1534 consuetudine
959 1491 1120 1537 „ludices
1146 1491 1193 1531 de
1225 1489 1440 1545 partibus;
1472 1489 1613 1545 quoad
1645 1489 1804 1531 Causas

347 1567 489 1611 nempe
513 1569 597 1595 non
627 1550 856 1595 avocandas
876 1582 888 1599 ,
919 1550 1058 1605 quoad
1075 1564 1134 1591 res
1161 1549 1358 1608 judicatas
1375 1576 1388 1595 ,
1421 1548 1689 1603 ordinemque
1723 1562 1807 1590 ser..

348 1615 508 1655 vandae
528 1609 827 1670 appellationis,
860 1624 896 1652 et
915 1621 1067 1650 caetera
1090 1608 1357 1665 hujusmodi:
1391 1622 1495 1663 quae
1523 1609 1659 1650 omnia
1677 1608 1807 1649 eidem

346 1672 558 1714 notissima
582 1685 660 1713 esse
681 1670 852 1718 debent,
875 1669 906 1711 si
925 1669 1187 1710 demandatae
1204 1668 1278 1710 sibi
1295 1666 1527 1725 provinciae
1542 1681 1612 1717 ,ut
1629 1683 1701 1726 par
1729 1679 1808 1716 est,

342 1731 570 1773 satisfacere
592 1729 685 1772 velit
703 1759 712 1768 .

465 1790 572 1831 Hinc
601 1787 748 1830 ordi-ne
767 1786 1018 1843 alphabetico
1051 1800 1252 1827 recensere
1285 1784 1509 1833 duximus,
1539 1801 1644 1840 quae
1671 1786 1809 1826 hacte-

344 1866 428 1892 -nus
446 1849 563 1891 nobis
583 1850 658 1889 hac
688 1847 735 1886 de
755 1860 794 1887 re
830 1846 1103 1884 innotuerunt
1121 1873 1131 1882 .
1159 1843 1404 1884 Exordimur
1425 1843 1575 1884 idcirco
1605 1860 1624 1884 a
1651 1847 1812 1887 Merce-

342 1909 544 1952 narz'orum
559 1907 698 1956 Juclice
720 1934 733 1952 ,
749 1903 819 1960 qui
845 1904 897 1943 ab
917 1902 1093 1943 auctoris
1115 1903 1280 1943 nomine
1297 1901 1571 1943 Abbassacco
1593 1916 1814 1956 nuncupa-

343 1982 411 2011 tur
429 1997 439 2006 .
470 1966 568 2020 Ejus
588 1964 810 2022 iurisdictio
850 1975 1031 2004 versatur
1051 1961 1093 2001 in
1110 1962 1240 2003 causis
1256 1961 1483 2001 mercedum
1501 1989 1512 2004 ‚
1547 1973 1585 2000 et
1603 1973 1676 2010 pro
1707 1972 1813 1999 mer-

344 2027 439 2071 cede
457 2024 739 2082 campestrium
759 2022 939 2079 procedit
957 2021 1014 2062 ille
1032 2018 1290 2061 oeconomice
1305 2047 1314 2057 .
1334 2018 1386 2058 SS
1408 2015 1522 2055 DN.
1541 2017 1632 2058 Pius
1645 2018 1717 2056 vl..
1733 2017 1814 2058 feli·

345 2085 444 2128 citer
461 2099 634 2141 regnans
651 2113 662 2129 ‚
682 2098 756 2124 suo
772 2081 1063 2136 Chirographo
1076 2078 1230 2120 subrdie
1247 2089 1289 2129 3.
1314 2076 1504 2117 februarii
1524 2090 1565 2131 17
1577 2091 1646 2132 77.
1665 2076 1812 2130 injun-

345 2144 403 2186 xit
420 2143 739 2196 jurisdictionem
755 2140 885 2180 eidem
896 2135 1167 2176 Abbatisacco
1183 2134 1428 2191 procedendi
1446 2135 1564 2176 etiam
1577 2135 1813 2178 oeconomi-

347 2218 390 2245 ce
410 2203 450 2242 in
472 2203 724 2252 Urba-atque
744 2196 928 2236 districtu
947 2193 1049 2234 inter
1064 2192 1327 2251 Agricolas‚et
1343 2209 1435 2240 eos,
1454 2195 1524 2250 qui
1546 2196 1579 2237 C
1578 2196 1752 2251 aporales
1767 2195 1810 2236 in

349 2274 431 2303 arte
449 2259 599 2312 agraria
622 2255 877 2312 appellantur
895 2285 907 2303 ,
921 2253 1022 2294 inter
1039 2253 1113 2294 hos
1126 2284 1139 2303 ‚
1163 2268 1384 2309 eorumque
1399 2254 1581 2295 homines
1598 2269 1670 2309 pro
1688 2254 1810 2295 adim·

346 2309 547 2378 plemeiuo
561 2314 861 2371 obligationum
878 2345 890 2363 ‚
903 2326 1005 2368 quas
1021 2323 1328 2361 contraxerunt,
1345 2326 1382 2355 et
1399 2313 1439 2354 in
1455 2314 1584 2356 causis
1603 2313 1810 2363 fraudum,

347 2392 387 2420 et
419 2375 806 2417 contraventionum
825 2388 839 2423 ;
871 2371 1095 2414 dummodo
1115 2386 1248 2414 tamen
1283 2386 1370 2414 non
1402 2371 1524 2417 fuerit
1548 2371 1640 2415 alibi
1671 2386 1809 2415 actum

345 2435 589 2493 judicialiter
605 2433 702 2491 (2).
1727 2431 1808 2473 Ab·

393 2568 446 2606 (x)
471 2565 556 2596 Tom.
574 2574 604 2606 3.
628 2564 725 2597 decis·
745 2572 821 2604 179.
840 2563 883 2596 ad
898 2564 1019 2596 Statuta
1037 2560 1130 2595 Urbis
1144 2582 1153 2591 -
1250 2561 1310 2605 (2)
1334 2563 1480 2607 Append.
1495 2572 1573 2607 pag.
1589 2565 1664 2604 167.
