1952 3167
300 324 350 378 '46
665 320 726 355 DE
754 319 866 362 JURE
893 316 1178 354 SIGNATURAE
1204 314 1417 358 JUSTITIAE

298 374 412 410 tibus,
442 377 480 406 ut
507 369 570 415 ipsi
598 368 698 404 etiarn
727 368 873 405 dimissis
894 367 1090 403 Votantium
1120 366 1314 406 hujusmodl
1345 363 1478 399 Officiis
1508 364 1666 400 facultate
1680 374 1787 402 trans.

296 420 421 455 ferendi
464 419 640 464 pensiones
680 431 802 453 annuas
830 442 840 457 ‚
870 429 975 462 usque
1004 417 1043 451 ad
1073 428 1237 451 summam
1275 423 1413 449 centum
1441 424 1613 449 scutorum
1645 425 1788 451 monetae

298 481 316 504 a
346 468 454 503 Nobis
493 478 551 513 per
579 475 704 501 nostras
735 468 843 502 literas
875 466 1047 510 praefatas,
1073 473 1110 498 ut
1141 464 1315 508 praefertur
1339 486 1350 501 ‚
1382 473 1565 500 concessa,
1592 464 1664 504 uti,
1696 465 1789 505 frui,

298 518 446 563 gaudere
474 517 578 550 libere
597 518 719 561 pariter
743 540 751 551 ,
781 525 817 550 et
840 514 929 549 licite
959 512 1088 556 possint
1113 535 1123 550 ,
1154 520 1187 545 ct
1218 508 1349 543 valeant
1382 509 1413 541 in
1442 509 1599 545 omnibus
1619 535 1629 550 ,
1670 522 1702 547 et
1728 525 1793 559 per

299 566 437 607 omnia,
466 566 606 613 perinde
635 564 712 600 acsi
733 563 856 600 Officia
884 562 1080 597 Votantium
1098 557 1292 599 hujusmodi
1322 566 1402 592 tunc
1430 568 1624 594 exercerent
1644 584 1655 600 ,
1674 570 1792 598 tenore

302 616 513 662 praesentium
559 612 777 649 concedimus
806 636 817 652 ,
861 611 1012 656 pariter,
1041 618 1074 644 et
1103 608 1314 654 indulgemus
1342 632 1352 642 .
1398 606 1625 644 Decernentes
1657 612 1791 646 easdem

302 676 480 710 praesentes
507 664 616 700 literas
644 686 654 702 ,
679 671 713 697 et
743 663 774 697 in
807 661 854 696 eis
884 667 1038 695 contenta
1067 669 1289 704 quaecumque
1329 656 1420 692 nullo
1448 669 1607 704 umquam
1639 667 1795 703 tempore

302 714 342 749 de
370 713 596 761 subreptionis
624 736 635 752 ,
676 721 710 747 et
746 709 957 756 obreptionis
985 734 995 750 ,
1020 717 1080 743 aut
1106 706 1265 743 nullitatis
1291 706 1377 741 vitio
1402 732 1412 747 ,
1437 718 1493 742 seu
1523 707 1716 743 intentionis
1735 718 1795 742 no-

302 772 376 798 strae
400 787 410 803 ,
437 774 492 798 aut
517 763 674 796 interesse
699 760 896 795 habentium
924 770 1104 793 consensus
1129 782 1139 798 ‚
1167 757 1277 793 aliove
1304 756 1457 802 quolibet
1484 756 1585 791 etiam
1619 767 1798 802 quantum⁴

301 812 354 846 vis
385 823 505 859 magno
535 835 545 851 ,
579 820 613 846 et
639 808 845 845 substantiali
873 808 1006 843 defectu
1032 832 1043 848 ,
1072 806 1207 845 notari,
1240 805 1426 850 impugnari
1459 830 1469 845 ‚
1503 805 1673 841 retractari
1710 831 1718 841 ,
1753 806 1800 840 iu-

301 860 404 907 fringi
433 886 444 901 ,
484 872 543 896 seu
570 861 610 894 ad
652 858 813 894 terminos
841 857 924 898 iuris
960 856 1077 892 reduci
1105 881 1116 896 ,
1155 864 1211 891 aut
1240 856 1271 889 in
1310 854 1576 889 controversiam
1611 854 1797 894 revocari,

302 921 362 944 seu
393 911 553 944 adversus
584 907 655 941 illas
685 907 880 950 aperitionis
913 905 980 940 oris
1009 928 1020 945 ,
1065 904 1290 940 restitutionis
1332 903 1363 937 in
1401 902 1572 948 integrum
1607 927 1618 942 ‚
1657 903 1794 938 aliudve

305 958 549 1002 quodcumque
577 954 687 993 iuris,
711 953 791 988 facti
818 977 828 991 ,
857 953 912 988 vel
939 953 1054 998 gratiae
1082 955 1269 988 remedium
1300 951 1471 995 impetrari
1499 975 1509 990 ,
1546 951 1598 986 vel
1628 951 1796 990 intentari,

305 1013 364 1038 aut
391 1004 617 1048 impretrato,
644 1013 704 1036 seu
732 1001 831 1036 etiarn
860 1010 954 1036 motu
973 1024 983 1041 ‚
1011 1002 1174 1040 scientia,
1203 1010 1236 1036 et
1267 1000 1440 1045 potestatis
1471 999 1679 1044 plenitudine
1708 999 1797 1046 pari-

304 1053 368 1088 bus
401 1062 561 1088 concesso
591 1075 602 1091 ,
632 1050 687 1085 vel
706 1058 901 1090 .·emanat0,
935 1050 1125 1096 quempiam
1153 1050 1186 1085 in
1215 1050 1345 1090 judicio
1372 1072 1383 1088 ‚
1410 1047 1464 1084 vel
1497 1059 1591 1084 extra
1619 1048 1702 1084 illud
1720 1048 1796 1088 uti,

305 1113 367 1137 seu
394 1114 429 1137 se
448 1102 575 1140 vjuvare
598 1111 722 1146 posse,
749 1110 850 1146 atque
866 1098 951 1145 ipsas
978 1108 1151 1145 praesentes
1180 1099 1293 1134 literas
1321 1100 1384 1134 sub
1412 1098 1585 1144 quibusvis
1612 1098 1797 1136 similium,

308 1149 364 1185 vel
390 1149 607 1185 dissimilium
648 1148 828 1195 gratiarum
860 1148 1116 1185 evocationibus
1141 1172 1152 1189 ,
1177 1147 1435 1184 limitationibus
1463 1171 1473 1186 ‚
1505 1147 1644 1194 aliisque
1671 1157 1798 1182 contra-

309 1199 366 1234 riis
393 1199 673 1245 dispositionibus
703 1198 806 1233 etiam
828 1209 895 1243 per
924 1197 996 1232 Nos
1021 1221 1032 1238 ,
1063 1197 1118 1232 vel
1156 1197 1329 1232 Romanos
1359 1197 1540 1231 Pontifices
1581 1199 1798 1232 Successores

309 1257 444 1283 nostros
468 1269 479 1287 ‚
509 1257 544 1282 ct
575 1248 694 1282 Sedem
717 1247 894 1292 rpraefatam
929 1247 959 1280 in
980 1257 1103 1290 genere
1132 1269 1143 1285 ,
1169 1247 1223 1280 vel
1255 1246 1285 1279 in
1312 1245 1450 1289 specie,
1480 1255 1537 1279 aut
1566 1245 1644 1280 alias
1659 1257 1802 1289 quomo-

310 1296 442 1332 dolibet
469 1320 480 1336 ,
516 1304 549 1330 et
593 1297 877 1340 quandocumque
913 1293 1071 1328 faciendis
1108 1294 1363 1338 'comprehendi
1399 1318 1409 1333 ,
1448 1294 1501 1327 vel
1535 1295 1800 1337 comprehensas

313 1342 470 1384 censeri,
501 1346 558 1379 sed
584 1354 717 1390 semper
753 1346 793 1378 ab
820 1342 884 1377 illis
914 1352 1094 1386 exceptas,
1126 1350 1160 1377 et
1184 1343 1317 1388 quoties
1344 1342 1408 1378 illae
1434 1344 1663 1382 emanabunt,
1699 1340 1801 1391 toties

313 1395 346 1430 in
365 1393 555 1440 *pristinum
583 1418 594 1434 ,
620 1402 653 1428 et
684 1391 926 1427 validissimum
956 1400 1078 1426 statum
1108 1391 1278 1427 restitutas
1303 1417 1314 1432 ,
1359 1393 1521 1435 repositas
1547 1415 1557 1430 ,
1593 1402 1624 1426 et
1654 1390 1801 1435 plenarie

313 1443 536 1487 reintegratas
553 1466 564 1480 ,
594 1451 628 1476 et
657 1441 755 1475 etiarn
787 1442 829 1476 de
846 1452 948 1473 novo
966 1442 1028 1474 sub
1047 1452 1261 1485 quacumque
1293 1440 1473 1483 posteriori
1502 1442 1602 1477 data,
1636 1450 1697 1484 per
1715 1451 1773 1474 eos
1789 1462 1801 1479 ,

313 1491 352 1525 ad
384 1502 469 1536 quos
496 1501 560 1534 pro
594 1498 750 1533 tempore
777 1487 973 1532 spectabit,
1003 1488 1186 1533 eligenda,
1212 1500 1383 1523 concessas
1416 1488 1586 1533 intelligi,
1622 1489 1804 1532 firmasque

310 1539 439 1574 validas
457 1561 468 1577 ,
496 1548 530 1572 et
557 1537 709 1572 efficaces
736 1537 880 1571 existere
897 1560 906 1575 ‚
939 1546 971 1569 et
990 1537 1088 1576 fore,
1116 1549 1152 1571 ac
1186 1537 1252 1572 illis
1270 1561 1281 1577 ‚
1311 1538 1352 1572 ad
1381 1549 1466 1582 quos
1493 1545 1648 1580 spectat,
1681 1545 1716 1571 et
1742 1547 1804 1581 pro

313 1595 470 1630 tempore
499 1587 785 1631 quandocumque
811 1583 980 1630 spectabit
1011 1584 1043 1619 in
1071 1586 1226 1621 omnibus
1262 1609 1273 1626 ,
1304 1595 1338 1620 et
1364 1598 1427 1630 per
1456 1585 1569 1620 omnia
1609 1585 1805 1631 plenissime

313 1633 511 1679 suffragari„
904 1632 909 1641 ‘

363 1683 429 1718 111.
469 1682 616 1728 Sicque,
644 1689 678 1718 et
707 1695 773 1718 non
790 1682 888 1718 aliter
907 1682 946 1717 'in
976 1683 1155 1728 praemissis
1189 1696 1251 1730 per
1277 1695 1513 1730 quoscumque
1541 1683 1678 1725 jndices
1697 1707 1708 1723 ,
1736 1684 1805 1718 Or-

316 1730 491 1771 dinarios,
519 1742 554 1766 et
569 1731 777 1778 Delegatos,
804 1732 905 1767 etiam
922 1733 1108 1768 Causarum
1138 1732 1257 1768 Palatii
1294 1733 1484 1776 Apostolici
1520 1733 1705 1768 Auditores
1723 1757 1734 1773 ,
1765 1743 1804 1766 ac

317 1781 352 1816 S.
370 1781 412 1820 R,
432 1780 469 1814 E.
499 1780 696 1816 Cardinales
711 1781 808 1816 etiam
842 1781 883 1816 de
912 1780 1017 1816 latere
1047 1782 1190 1827 Legatos
1209 1781 1360 1821 ‚aliosve
1391 1781 1561 1828 quoslibet
1591 1792 1807 1828 quacumque

317 1828 595 1876 praeeminentia,
624 1838 657 1864 et
675 1839 848 1874 :potestate
863 1829 1040 1876 fungentes
1057 1854 1066 1870 ‚
1097 1838 1130 1865 et
1158 1831 1361 1871 functuros‚
1395 1831 1502 1866 ablata
1520 1832 1592 1873 eis,
1622 1841 1656 1865 et
1683 1840 1806 1865 eorum

321 1877 488 1917 cuilibet,
517 1878 633 1924 quavis
655 1880 765 1916 „aliter
789 1878 984 1919 iudicandi,
1016 1889 1049 1913 et
1067 1880 1306 1925 interpretandi
1328 1880 1513 1920 facultate,
1543 1890 1576 1916 et
1605 1879 1808 1915 auctoritate

318 1926 467 1966 iudicari
483 1951 494 1967 ,
524 1935 558 1962 et
582 1928 716 1962 definiri
733 1930 883 1969 debere,
910 1941 946 1964 ac
962 1928 1096 1964 irritum
1112 1954 1122 1969 ,
1159 1939 1193 1964 et
1220 1930 1316 1964 inane
1340 1930 1367 1965 si
1394 1942 1489 1966 secus
1505 1941 1608 1976 super
1625 1929 1707 1965 hisa
1723 1939 1806 1974 quo-

321 1988 422 2022 quam
441 1975 559 2020 quavis
574 1977 775 2012 auctoritate
794 2002 804 2018 ,
834 1977 978 2013 scienter
995 2002 1005 2018 ,
1033 1978 1087 2013 vel
1106 1980 1299 2026 ignoranter
1318 1980 1501 2027 contigerit
1528 1978 1709 2014 attentari-

369 2024 431 2058 lv.
484 2024 566 2070 Qo
589 2025 680 2061 circa
707 2027 840 2062 dilectis
859 2026 934 2062 filiis
963 2029 1085 2064 nostris
1109 2030 1259 2068 ejusdem
1282 2030 1313 2063 S.
1329 2028 1372 2064 R.
1392 2030 1430 2063 E.
1459 2022 1775 2062 Vice-Cancellario
1793 2045 1805 2062 ,

320 2084 358 2107 ac
376 2073 604 2114 Camerario,
631 2084 664 2109 et
694 2076 885 2111 Causarum
908 2077 1025 2112 Curiae
1041 2076 1195 2114 Catnerae
1225 2077 1434 2122 Apostolicae
1460 2074 1619 2110 Gener-ali
1646 2070 1805 2108 Auditori

326 2133 388 2166 per
402 2131 578 2167 praesentes
609 2133 706 2159 motu
732 2125 804 2169 pari
833 2125 1109 2164 committimus,
1137 2136 1170 2159 et
1198 2127 1416 2162 mandamus,
1448 2132 1609 2167 quatenus
1638 2122 1724 2167 ipsi,
1752 2118 1806 2154 vel

323 2170 417 2207 duo,
441 2180 507 2204 vaut
525 2183 609 2206 unus
629 2184 748 2206 eorum
771 2183 832 2215 per
845 2183 881 2204 se
896 2194 907 2209 ‚
935 2171 988 2204 vel
1017 2182 1079 2214 per
1104 2170 1207 2204 alium
1223 2177 1234 2209 3
1252 2182 1308 2205 seu
1337 2171 1420 2205 alios
1436 2195 1446 2210 ,
1482 2173 1613 2206 easdem
1630 2178 1805 2217 praesentes

325 2216 438 2253 literas
456 2226 491 2251 et
508 2219 539 2251 in
556 2218 777 2251 eiscontenta
791 2227 1013 2262 quaecumque
1038 2218 1096 2252 ubi
1111 2241 1122 2257 ,
1150 2228 1182 2253 et
1203 2220 1336 2263 quando
1350 2232 1435 2264 opus
1452 2220 1580 2256 fuerit.
1609 2230 1642 2255 et
1672 2217 1805 2264 quoties

322 2273 493 2310 pro2parte
508 2265 746 2310 praedictorum
762 2265 962 2300 Votantium
983 2290 994 2305 ,
1019 2278 1079 2301 seu
1095 2266 1238 2306 alicuius
1258 2279 1374 2303 eorum
1391 2292 1401 2308 ,
1429 2268 1485 2303 vel
1516 2268 1656 2304 aliorum
1672 2268 1703 2301 in
1718 2277 1804 2311 prae-

324 2313 514 2357 missis-pro
536 2321 694 2358 tempore
712 2313 869 2347 interesse
885 2315 1081 2349 habentium
1099 2339 1109 2354 ,
1137 2315 1283 2360 desuper
1299 2315 1426 2352 fuerint
1441 2318 1594 2363 requisiti
1609 2315 1805 2352 solemniter

326 2360 562 2407 publicantes,
591 2361 623 2396 in
651 2361 997 2406 praemissisefficacis
1024 2362 1226 2399 defensionis
1249 2365 1410 2411 *praesidio
1441 2366 1653 2407 assistentes,
1680 2365 1804 2400 faciant

327 2410 546 2445 Auctoritate
561 2420 678 2446 nostra
693 2435 704 2451 ,
721 2411 806 2455 ipsas
821 2420 999 2456 praesentes
1019 2412 1143 2449 litteras
1157 2439 1168 2455 ,
1197 2423 1231 2449 et
1260 2415 1294 2449 in
1310 2417 1356 2450 eis
1369 2425 1527 2451 contenta
1542 2413 1735 2456 huiusmodi
1760 2413 1801 2448 ab

328 2459 484 2514 omnibus
500 2483 511 2499 ,
540 2469 573 2494 et
598 2459 762 2506 singulis,
790 2462 830 2495 ad
858 2473 941 2506 quos
957 2471 1109 2507 spectat,
1134 2472 1168 2498 et
1194 2474 1254 2508 pro
1270 2472 1424 2510 tempore
1440 2464 1608 2509 spectabit
1629 2460 1802 2500 inviolabi-

332 2507 407 2542 liter
426 2508 624 2549 observari,
657 2509 816 2555 ipsosque
833 2511 1034 2550 modernos,
1062 2519 1096 2545 et
1126 2524 1187 2556 pro
1218 2521 1372 2558 tempore
1403 2514 1584 2550 existentes
1612 2514 1800 2551 votantes,

327 2564 365 2591 et
377 2555 457 2592 alios
474 2570 556 2604 quos
571 2561 696 2598 eaedem
713 2558 817 2595 literae
835 2567 1040 2596 conces-nent
1054 2559 1085 2595 in
1110 2559 1263 2598 futurum
1276 2585 1289 2604 ,
1321 2572 1355 2599 et
1370 2564 1583 2611 praesentium
1601 2563 1774 2599 literarum
1789 2587 1802 2603 ,

1768 2621 1803 2649 et
