1993 3195
602 365 914 408 CAPUT
981 368 1063 409 111
1502 387 1586 432 223

113 440 150 474 et
165 427 382 476 similibus,
414 440 503 468 nam
528 434 622 467 tunc
638 425 691 468 ita
713 426 1002 483 dispensando,
1030 438 1067 467 et
1084 426 1276 468 ›esce-ihm
1288 425 1337 468 clo
1352 428 1483 484 gratia
1512 446 1579 474 vo-

113 503 192 533 cart
201 497 329 544 potest
343 516 356 536 ,
384 485 497 539 juxta
519 485 665 528 tradita
679 501 751 543 per
775 487 1081 528 Marclzesanum
1100 484 1191 540 (ι).

230 547 466 588 Eademmet
483 544 780 588 Commissione
804 544 950 601 poterit
968 546 1141 602 quisque
1160 546 1235 595 uti,
1255 545 1286 587 si
1308 561 1423 588 casus
1435 561 1579 590 evene-

111 607 160 650 rit
177 605 348 662 alicujus
376 605 637 648 discussionis
666 606 909 647 creditorum
928 635 940 654 ,
972 619 1126 648 mutato
1156 618 1290 647 tamen
1324 605 1458 655 facto,
1488 621 1581 648 cae-

112 665 282 721 terisque
301 664 610 707 circumstantiis
632 664 744 721 juxta
772 665 934 708 Causae
965 664 1225 722 indigentiam
1243 697 1255 715 ,
1289 679 1328 707 et
1344 667 1580 723 opportuni-

113 737 263 774 tatem;
296 723 614 768 animadvertere
640 737 771 766 tamen
801 737 998 782 oportet,
1025 725 1141 780 quod
1176 726 1216 766 in
1247 726 1440 768 omnibus
1475 725 1579 767 hisce

112 783 480 826 commissionibus
509 785 762 827 Avocatoriis
795 800 952 827 summa
982 798 1086 828 certa
1123 787 1382 843 exprimenda
1414 798 1503 831 est,
1529 799 1577 828 ex

109 857 157 884 eo
184 843 281 898 quia
316 856 413 886 sunt
431 843 633 899 quaedam
663 844 860 895 Causae,
894 860 1002 902 quae
1044 859 1116 885 nec
1143 844 1184 885 in
1218 846 1346 887 Curia
1380 813 1577 885 definien-

110 901 184 943 dae
201 935 214 952 ‚
249 919 321 946 nec
340 903 669 947 rescribendum
660 918 701 945 in
719 904 790 948 illis
807 905 878 956 sit;
896 918 1019 964 prout
1044 903 1212 947 advertit
1247 905 1438 947 laudatus
1466 901 1577 945 Mar

107 960 322 1007 οΙιεειιιιιι3

358 1021 603 1067 Commissio
633 1025 859 1075 evocatoria
891 1040 1051 1084 propter
1083 1022 1288 1081 privilegia
1306 1054 1322 1066 .,

721 1084 929 1139 Spoletana
946 1116 959 1126 .

652 1142 877 1184 Beatissime
895 1146 1012 1185 Pater
1031 1173 1039 1183 .

227 1199 326 1241 Cum
345 1197 505 1254 quidam
523 1200 575 1240 A.
589 1205 860 1254 praetenderet
872 1217 914 1242 se
931 1205 963 1244 C
964 1201 1167 1242 reditorem
1185 1215 1221 1254 q.
1244 1201 1292 1240 B.
1314 1199 1452 1249 AEsini,
1472 1202 1584 1243 mul-2

105 1254 156 1300 tz‘s
181 1259 230 1300 ab
260 1258 350 1301 hinc
365 1256 483 1300 annis,
494 1255 666 1312 defuncti
683 1286 697 1305 ,,
727 1274 805 1300 non
824 1271 955 1301 tumen
975 1259 1108 1315 vigore
1124 1257 1370 1315 obligationis
1391 1258 1422 1298 C
1421 1274 1580 1300 amera-

106 1316 155 1358 lis
181 1317 317 1373 (vel
306 1332 370 1373 jus
398 1330 517 1374 super
549 1318 671 1357 domo
692 1346 705 1364 ,
740 1318 938 1374 praedio,
971 1317 1204 1370 similibus)
1237 1317 1337 1373 cepit
1375 1320 1576 1360 molestare

109 1374 155 1416 C.
173 1386 210 1417 et
234 1377 289 1417 D.
308 1377 353 1416 8
384 1375 429 1419 V
451 1375 637 1419 Oratores
653 1375 738 1431 ejus.
767 1363 951 1419 haeredes
966 1393 1052 1420 cum
1073 1376 1255 1443 beneficio
1273 1376 1390 1434 Legis
1408 1408 1420 1425 ,
1455 1387 1494 1418 et
1512 1377 1580 1418 In-

107 1435 274 1476 ventarii
295 1435 335 1476 in
349 1434 531 1490 papillati
556 1448 686 1476 aetate
717 1437 948 1480 constitutos
959 1450 1029 1480 etc.
1070 1436 1092 1489 (
1110 1435 1191 1476 sive
1206 1435 1416 1488 mcnores)
1446 1450 1577 1477 coram

101 1492 242 1541 Iudice
257 1495 305 1534 de
319 1493 498 1550 panibus
513 1507 590 1534 non
609 1492 742 1535 minus
762 1494 919 1536 nulliter
939 1526 953 1543 ,
984 1507 1102 1552 quam
1122 1493 1299 1548 injuste·
1288 1527 1300 1543 ‚
1332 1508 1466 1534 verum
1485 1495 1578 1551 quia

105 1565 160 1594 ex
169 1551 386 1611 primlegzo,
398 1552 439 1596 in
471 1567 630 1609 corpore
639 1554 749 1601 luris
773 1554 934 1605 clauso,
962 1566 1000 1598 et
1026 1554 1160 1610 vigore
1187 1553 1287 1611 legis
1320 1567 1463 1596 wucoe
1480 1555 1582 1595 Ora-

106 1620 212 1654 tores
229 1615 392 1655 trahunt
408 1642 425 1661 ,
452 1625 491 1656 et
506 1628 588 1655 non
613 1616 824 1656 trahuntur
850 1627 962 1659 extra
978 1611 1222 1672 provtnciam
1243 1613 1346 1671 (seu
1366 1615 1416 1656 ob
1435 1613 1581 1655 Adver-

105 1671 204 1713 sarii
229 1674 486 1731 potentiam)
518 1673 558 1715 in
588 1674 768 1731 partibus
781 1672 940 1732 litigare
951 1677 1255 1741 perhorrescunt
1273 1705 1287 1723 ‚
1319 1673 1389 1714 ubl
1389 1681 1577 1728 justulae

105 1733 421 1788 complementum
450 1748 527 1775 non
559 1745 723 1790 sperant
746 1735 930 1791 consequi
950 1767 963 1786 ,
993 1745 1117 1791 prout
1126 1732 1267 1789 jurare
1295 1731 1434 1788 parati
1466 1740 1578 1779 sunt,

106 1801 158 1831 et
172 1803 367 1848 quatenus
393 1809 496 1849 opus
523 1793 602 1842 sit,
630 1794 748 1836 etiam
768 1793 946 1848 jurant3
981 1795 1065 1838 ideo
1096 1790 1375 1858 supplicant&
1402 1791 1450 1834 V
1472 1804 1580 1846 qua-

107 1857 222 1890 tenus
246 1853 403 1906 praevia
429 1838 661 1893 avocatione
678 1863 752 1893 etc.
774 1853 947 1895 Causam
974 1865 1011 1896 et
1028 1855 1179 1895 Causas
1198 1849 1428 1907 praedictas
1445 1849 1502 1891 ad
1516 1849 1570 1891 A·

109 1905 155 1949 C.
172 1908 395 1960 remittere,
414 1924 450 1951 et
464 1922 655 1966 quatemus
673 1924 770 1965 opus
782 1909 862 1959 sit,
892 1911 1165 1958 committere,
1183 1920 1220 1951 et
1234 1911 1423 1952 mandare
1441 1907 1586 1966 digne-2*

108 1976 177 2010 tur
200 1941 416 2011 audiendas
430 1979 502 2011 etc.
517 1984 603 2010 cum
616 1978 809 2023 potestate
843 1980 914 2014 etc
946 1982 992 2014 ut
1009 1987 1127 2028 supra
1144 1979 1220 2013 etc

228 2029 276 2068 In
292 2028 563 2086 suprascripta
581 2026 877 2072 Commissione
896 2031 1064 2073 omnino
1085 2028 1394 2084 exprimendum
1408 2039 1490 2075 est,
1504 2041 1580 2084 pa-

111 2098 245 2131 ratum
259 2100 340 2129 esse
358 2087 662 2143 Collitigantem
680 2087 826 2135 illum,
852 2090 924 2144 qui
946 2088 1289 2132 commissionem
1309 2086 1503 2144 porrigit,
1530 2086 1579 2127 de

112 2148 454 2215 perhorrescenda
462 2145 630 2198 jurare·
620 2178 635 2194 ‚
667 2161 739 2187 nec
757 2150 852 2188 Pars
871 2150 1036 2190 adversa
1055 2180 1073 2198 ,
1100 2149 1133 2191 si
1152 2160 1294 2191 contra
1320 2145 1583 2188 Commissio-

115 2224 206 2252 nem
222 2205 487 2262 hujusmodi,
517 2218 555 2249 et
582 2206 866 2255 juramentum
882 2207 1251 2263 perhorrescentiae
1281 2207 1332 2247 de
1350 2203 1583 2262 subreptio-

119 2283 168 2310 ne
196 2269 329 2311 dicere
352 2267 498 2315 vellet,
529 2278 570 2308 et
595 2263 849 2308 contrarium
882 2266 1080 2323 probare,
1118 2265 1204 2308 ullo
1241 2278 1430 2319 unquam
1465 2275 1582 2322 pacto

120 2327 314 2378 auditum
346 2326 445 2384 quia
464 2325 635 2367 omnino
659 2324 900 2378 Juramento
925 2325 1127 2383 allegantis
1146 2325 1329 2368 timorem
1345 2352 1362 2372 s
1389 2338 1462 2366 seu
1492 2336 1585 2379 per-

121 2386 464 2436 horrescentiam,
491 2384 680 2428 standum
698 2391 782 2431 estr,
808 2396 845 2425 et
868 2359 1021 2426 Curiae
1041 2385 1155 2427 stilus
1171 2400 1214 2426 ea
1235 2387 1283 2424 de
1307 2398 1427 2426 causa
1445 2381 1498 2422 ita
1517 2380 1583 2420 in-

122 2446 251 2489 valuit
269 2474 282 2494 ,
312 2448 407 2502 quia
432 2459 505 2505 pro
525 2445 639 2488 firma
670 2441 805 2499 regula
834 2441 1041 2491 habetur,
1068 2443 1185 2500 quod
1218 2443 1391 2496 quando
1427 2438 1582 2496 aliquid

1484 2513 1585 2541 con-

124 2575 277 2590 m

167 2633 223 2678 (ι)
250 2634 322 2676 Cap.
341 2642 371 2676 3-
379 2642 419 2678 p.
438 2641 466 2665 1.
482 2633 520 2667 de
539 2634 701 2667 commiss.
722 2632 936 2667 Avocationis
952 2633 1119 2668 Causarum
1131 2653 1140 2663 .
