1993 3195
576 299 1064 335 AI’PENDIX
1542 302 1589 345 67

98 358 165 381 rec.
185 343 336 379 PauliV.
366 343 418 377 tit.
435 344 472 378 de
493 344 708 383 cursoribus,
735 353 767 377 et
781 347 1114 391 mandatariis-,qum
1144 348 1329 382 retineatur
1354 347 1588 382 affixainban-

99 406 139 429 co
169 391 355 436 respective
384 404 530 432 eorum3
560 391 643 426 ittut
675 368 716 426 nil
749 392 833 427 ultra
872 393 1007 440 exigere
1042 395 1195 434 valeant,
1226 396 1286 428 sub
1324 406 1420 438 poena
1453 406 1589 439 suspen-

100 441 202 478 sionis
229 441 268 474 ab
309 440 449 480 officio,
475 449 509 475 et
535 439 758 475 restitutionis
775 441 895 485 dupli.

191 490 381 523 Teneantur
410 489 545 533 insuper
576 490 743 523 Cursores
775 501 888 524 omnes
918 501 978 534 pro
1005 489 1122 524 debito
1152 501 1270 525 eorum
1306 490 1450 529 Officii,
1479 490 1589 536 singu.

98 538 137 574 lis
166 539 283 573 diebus
308 537 460 576 iuridicis
488 546 662 581 praesentes
703 549 772 571 esse
806 539 836 573 in
869 550 985 573 eorum
1020 540 1150 577 banco,
1176 539 1219 573 de
1260 550 1352 573 mane
1397 538 1514 572 saltem
1547 540 1587 573 ad

95 588 242 621 sonitum
270 598 436 628 campana:
468 584 619 631 Collegii
637 586 807 626 Romani,
837 600 911 622 cum
939 586 1156 622 citationibus
1188 587 1340 622 executis
1358 611 1368 626 ‚
1403 594 1437 621 et
1467 587 1588 620 Curia-

95 635 181 670 libus
214 634 441 673 restituendis,
459 646 517 668 nec
545 633 672 677 possint
701 635 740 668 ab
772 635 830 669 illo
858 636 1042 676 discedere,
1059 636 1120 670 nisi
1139 636 1227 680 prius
1254 636 1339 670 facta
1369 635 1581 669 restitutione

95 685 248 718 omnium
263 681 462 716 citationum
483 683 580 717 dictis
596 683 793 717 Curialibus
808 694 854 723 ‚ct
886 685 1093 730 litigantibus
1110 709 1119 718 .
1148 685 1187 718 Et
1205 684 1362 718 similiter
1381 685 1421 718 dc
1449 694 1520 717 sero
1539 692 1587 717 te-

100 742 242 767 neantur
264 740 442 774 praesentes
470 743 540 765 esse
567 731 599 765 in
638 734 754 766 eodem
785 733 889 767 banco
923 735 964 766 ab
994 734 1078 767 hora
1119 733 1284 777 vigesima
1313 732 1464 767 secunda
1512 744 1588 766 cum

101 780 268 819 dimidio,
295 788 327 813 et
361 779 391 813 in
420 791 462 812 eo
488 779 636 814 assistere
667 791 727 824 pro
754 779 968 815 citationibus
1002 781 1225 825 recipiendis,
1251 782 1311 815 sub
1346 792 1449 824 poena
1477 790 1590 814 scuto-

102 840 176 863 rum
206 828 324 862 decem
353 836 519 868 monetae,
547 828 821 863 irremissibiliter
840 830 1038 864 incurrenda
1064 840 1126 873 pro
1153 828 1305 873 qualibet
1319 829 1393 863 vice
1418 853 1428 869 ,
1461 828 1492 862 in
1526 839 1591 873 qua

101 885 360 922 transgressores
388 874 515 911 inventi
544 877 689 911 fuerint.
719 877 849 912 Baucus
895 888 1005 913 autem
1045 886 1196 912 teneatur
1232 887 1366 921 apertus
1399 879 1415 913 a
1445 877 1498 910 dic
1533 885 1589 915 ις.

102 925 222 961 mensis
239 925 354 960 Martii
382 927 421 959 ad
438 925 524 959 diem
546 936 596 967 15.
620 925 780 960 Octobris
798 949 809 965 ,
837 938 943 971 usque
973 928 1011 961 ad
1040 928 1153 961 horam
1185 938 1282 960 unam
1327 938 1404 960 cum
1444 924 1586 959 dimidio

102 973 211 1008 noctis
226 997 235 1013 ‚
264 984 297 1008 et
325 976 343 1007 a
359 973 411 1007 die
434 983 488 1015 15.
509 974 671 1008 Octobris
691 974 730 1007 ad
745 973 834 1008 diem
853 986 902 1016 15.
921 975 1059 1014 Martii,
1077 986 1180 1020 usque
1205 977 1242 1008 ad
1261 975 1440 1008 secundam
1458 971 1584 1011 noctis,

100 1031 132 1057 et
164 1034 226 1056 non
261 1022 371 1061 ultra3
404 1021 491 1056 itaut
533 1022 624 1056 statis
666 1021 754 1056 horis
778 1022 937 1065 predictis
967 1023 1058 1058 illico
1083 1023 1202 1056 debeat
1231 1022 1369 1061 claudi,
1400 1030 1433 1055 et
1453 1021 1584 1056 Curso-

98 1082 151 1105 res
180 1071 368 1106 immediate
396 1082 533 1115 pergere
571 1072 611 1104 ad
653 1070 830 1104 citationes
846 1074 1084 1117 exequendas,
1111 1072 1174 1105 sub
1204 1072 1320 1104 eadem
1353 1082 1452 1114 poena
1470 1093 1479 1102 .

195 1120 232 1153 In
266 1118 484 1154 citationibus
511 1127 621 1152 antem
656 1119 839 1162 exquendis
869 1121 898 1154 in
926 1120 1043 1154 diebus
1071 1118 1161 1154 festis
1188 1119 1230 1152 de
1253 1118 1392 1154 licentia
1419 1117 1585 1161 Superio-

100 1166 169 1205 ris,
196 1177 333 1202 caveant
358 1178 397 1199 ne
425 1167 610 1209 procedant
637 1167 676 1200 ad
707 1166 836 1201 illarum
877 1168 1112 1202 executionem
1129 1190 1140 1206 ‚
1167 1174 1345 1211 antequam
1385 1167 1509 1200 dictam
1554 1165 1590 1198 li-

96 1215 238 1250 centiam
257 1214 490 1253 obtinuerint,
529 1224 560 1249 et
579 1224 770 1258 apponatur
783 1218 863 1249 hora
891 1215 922 1250 in
950 1216 1112 1250 relatione
1130 1215 1366 1255 executionis,
1398 1215 1459 1249 sub
1488 1224 1584 1257 poena

97 1273 270 1299 scutorum
307 1268 422 1299 decem
455 1275 519 1308 pro
549 1263 699 1309 qualibet
725 1263 799 1298 vice
825 1287 835 1298 .

1345 1338 1361 1351 δ

332 1389 567 1433 Provisiones
585 1390 704 1435 varia·
737 1392 863 1447 quoad
881 1389 1043 1448 Judiccs
1061 1418 1075 1441 ,
1092 1401 1130 1434 et
1164 1390 1338 1434 Curiales
1355 1418 1369 1431 .

98 1452 191 1550 Q
207 1502 335 1536 uamvis
353 1502 461 1538 Nobis
477 1503 590 1549 ignota
604 1515 668 1538 non
684 1504 727 1543 sit
749 1504 984 1540 Tribunalium
1006 1513 1068 1558 etc.

192 1598 365 1644 Qoniam
396 1609 478 1633 vero
505 1611 615 1643 ipsum
631 1611 731 1645 capnt
759 1602 896 1636 honoris
914 1625 924 1641 ‚
957 1600 1154 1646 decorisque
1183 1599 1300 1634 Curiae
1325 1605 1447 1632 nostra:
1473 1595 1585 1641 agitur

96 1659 199 1702 quum
229 1648 268 1680 ad
286 1648 550 1703 Procuratores,
577 1657 608 1682 et
630 1648 814 1683 Curiales'
806 1661 837 1682 in
866 1650 936 1694 ipsa
969 1648 1078 1683 Curia
1107 1657 1276 1683 versantes
1309 1656 1429 1680 nostrae
1469 1644 1585 1678 mentis

95 1696 198 1730 aciem
214 1695 377 1730 vertimus
392 1719 403 1735 ‚
430 1695 508 1730 licet
533 1696 565 1730 in
580 1697 696 1731 ordine
714 1696 908 1733 Curialium
925 1722 934 1738 ,
965 1705 997 1731 et
1012 1697 1274 1731 procuratorum
1294 1719 1303 1735 ‚
1334 1693 1433 1729 sicuti
1452 1703 1583 1748 semper

96 1744 317 1783 effulserunt,
342 1745 451 1778 adhuc
480 1744 681 1787 praeluceant
709 1745 826 1779 nostris
848 1745 1057 1790 temporibus
1088 1745 1152 1779 viri
1180 1744 1359 1782 doctrina,
1391 1741 1592 1786 atqueinte-

95 1791 214 1837 gritate
242 1791 526 1826 commendabiles
542 1817 554 1833 ,
585 1792 666 1827 itaut
678 1794 719 1827 ab
734 1794 926 1832 huiusmodi
952 1793 1129 1828 seminario
1144 1793 1323 1838 aliquando
1343 1789 1505 1834 assumpti
1521 1789 1589 1823 fue-

97 1840 166 1874 rint
194 1841 233 1874 ad
254 1852 428 1896 supremos
472 1840 715 1885 Magistratus,
744 1850 843 1886 atque
871 1844 909 1876 ad
926 1841 1117 1887 Dignitates
1149 1840 1363 1896 amplissimas
1381 1863 1392 1879 ‚
1419 1837 1590 1872 nihilomi-

95 1900 155 1922 nus
181 1897 290 1923 tamen
307 1889 396 1923 serio
425 1890 648 1924 meditantes'
640 1902 670 1924 1n
692 1898 781 1924 tanta
801 1890 1046 1930 multitudine,
1067 1890 1245 1934 praesertim
1262 1887 1590 1925 adolescentulorum

95 1936 151 1979 qui
169 1937 276 1971 eidem
297 1937 411 1972 Curiae
434 1950 467 1972 se
481 1950 515 1972 se
531 1938 715 1976 addicunt,
742 1937 883 1983 aliquos
900 1938 991 1974 malae
1007 1938 1127 1972 indolis
1147 1962 1156 1976 ,
1190 1947 1222 1972 et
1240 1935 1367 1982 ingenii
1394 1947 1428 1969 se
1446 1936 1593 1969 intrude-

95 1993 132 2017 re
157 1995 252 2039 posse
268 2010 279 2025 ,
307 1986 388 2021 alios
414 1998 495 2021 vero
509 1988 634 2031 absque
652 1986 827 2021 sufficienti
854 1988 1029 2026 doctrina,
1059 1996 1090 2021 et
1106 1986 1198 2031 praxi
1216 2009 1226 2026 ‚
1252 1986 1309 2031 qui
1339 1995 1404 2018 non
1425 1983 1533 2018 solum
1550 1982 1592 2017 si-

95 2031 128 2065 bi
157 2031 238 2076 ipsis
257 2035 362 2069 labem
384 2059 394 2074 ‚
413 2044 446 2069 et
460 2035 627 2070 infamiam
645 2059 654 2074 ,
687 2036 851 2080 temporis
879 2047 1034 2070 successu
1051 2035 1196 2070 inferunt
1213 2058 1223 2073 ,
1252 2036 1307 2068 sed
1338 2032 1369 2067 in
1388 2032 1586 2088 longinquas

98 2079 251 2124 regiones
265 2083 405 2120 alicujus
425 2095 465 2117 ex
482 2082 561 2127 ipsis
580 2083 834 2117 malefactorum
863 2085 949 2118 fama
976 2082 1174 2127 pervolante
1192 2107 1202 2122 ,
1237 2083 1300 2117 sub
1315 2081 1451 2116 nomine
1466 2080 1591 2114 Curia-

101 2126 181 2162 lium
210 2130 271 2164 toti
290 2129 400 2164 ordini
429 2132 678 2175 quodammodo
707 2132 852 2165 dedecus
885 2131 1068 2176 infligunt.
1097 2131 1323 2175 Quapropter
1336 2129 1452 2164 Curiae
1472 2137 1590 2162 nostrae

100 2177 210 2211 decori
232 2177 469 2217 consulentes,
495 2179 578 2213 nihil
600 2177 714 2216 utilius
741 2178 949 2217 iudicamus,
994 2190 1094 2224 quam
1114 2178 1310 2213 Curialium
1325 2202 1336 2218 ‚
1382 2185 1415 2211 et
1429 2177 1592 2211 Procura-

99 2231 208 2260 torum
226 2235 290 2261 tam
309 2227 340 2260 in
359 2225 465 2260 causis
483 2227 638 2260 civilibus
652 2249 662 2264 ,
699 2239 796 2270 quam
814 2226 1046 2262 criminalibus
1074 2226 1246 2261 delectum
1278 2226 1350 2261 fieri
1370 2250 1381 2266 ‚
1413 2236 1590 2270 antequam

100 2272 131 2305 in
148 2272 383 2310 Tribunalibus
399 2299 409 2314 ‚
438 2283 472 2308 et
486 2285 596 2309 coram
612 2273 750 2317 singulis
765 2274 941 2313 judicibus
961 2274 1023 2318 ipsi
1036 2275 1258 2309 admittantur
1272 2298 1281 2308 .
1314 2276 1513 2309 Innovantes
1533 2272 1595 2317 igi-

104 2329 159 2354 tur
179 2321 464 2358 Constitutionem
482 2321 578 2357 Pauli
593 2322 638 2358 V.
663 2321 917 2356 Praedecessoris
936 2321 1040 2356 nostri
1073 2321 1233 2366 incipien.
1247 2323 1399 2356 vniversi
1414 2321 1509 2366 Agri
1524 2325 1587 2354 Do-

104 2369 220 2403 minici
236 2372 482 2408 Kalen.Martii
494 2383 577 2406 anno
599 2374 702 2404 1611.
721 2380 823 2413 super
841 2369 1079 2404 reformatione
1095 2370 1328 2405 Tribunalium
1345 2370 1450 2404 Almae
1466 2367 1590 2408 Urbis,

105 2417 222 2455 eteius
237 2418 441 2455 Officialium
462 2446 472 2460 ‚
504 2420 535 2454 in
565 2417 681 2464 primis
707 2418 804 2454 Rotae
819 2419 957 2453 Decano
983 2418 1099 2453 sedulo
1122 2420 1398 2453 commendamus
1414 2418 1592 2452 observan-

104 2465 182 2499 tiam
203 2491 213 2504 ,
245 2476 277 2501 et
299 2469 531 2502 executionem
560 2466 793 2524 dispositionis
811 2476 974 2502 contentae
1004 2468 1033 2501 in
1057 2470 1086 2509 ξ.
1107 2468 1161 2500 18.
1177 2468 1329 2505 eJusdem
1345 2474 1591 2501 constitutionis

106 2524 275 2560 nempe
240 2528 274 2537 -⁴
301 2518 384 2561 'Non
400 2527 509 2551 omnes
535 2517 659 2564 passim
676 2540 687 2555 ,
713 2517 769 2550 sed
792 2515 827 2551 hi
840 2516 944 2552 solum
975 2517 1017 2550 ad
1028 2521 1271 2562 procurandum
1297 2516 1331 2549 in
1346 2519 1433 2558 Rotce
1447 2515 1598 2550 ‚Audito-

1031 2575 1041 2597 1
1069 2575 1086 2597 2
1541 2563 1591 2597 rto
