1993 3195
586 369 625 411 C
658 371 696 413 A
729 373 758 414 Ρ
789 371 830 412 U
860 372 898 413 T
959 373 1448 417 11.1

58 434 190 477 Altera
210 432 323 472 Parte
342 441 609 483 opponente,
630 430 810 474 Clericos
828 430 1084 488 Conjugatos
1105 445 1189 472 non
1207 432 1382 489 gaudere
1400 392 1516 490 pmii?-

57 492 187 536 sertim
220 490 261 531 in
294 489 476 533 civilibus
511 488 660 532 Causis
690 490 896 548 privilegio
933 490 1009 531 fori
1032 519 1043 538 ‚
1070 491 1138 533 etsi
1173 492 1292 533 etiam
1333 493 1513 538 deferant

57 550 263 600 habitum,
281 562 318 592 et
336 546 684 602 tonsura1n‚juxta
704 551 943 593 sententiam
966 550 1338 607 Coum-ruviae(1)‚
1353 553 1515 611 Fagua-

56 626 96 652 nt
90 609 163 666 (2
166 609 215 665 ),
240 625 277 651 et
294 608 565 650 cardinalisde
583 610 683 652 Luca
705 611 802 666 (3).
822 611 1010 652 Attamen
1031 611 1382 654 Eminentissimus
1396 613 1512 653 Prae-

57 669 184 712 fectus
217 685 286 727 per
321 683 406 711 acta
434 666 609 710 Archivii
630 670 825 713 decrevit:
861 681 1007 712 attenta
1040 670 1266 713 resolutione
1292 681 1425 714 contra
1457 672 1514 712 in

57 739 222 772 stantem
237 730 284 769 cle
308 743 411 770 anno
434 726 560 782 1769.
576 729 617 770 in
636 728 714 771 alia
736 741 862 771 tamen
885 731 916 772 C
917 746 1034 780 ausa
1051 729 1196 773 remisit
1211 731 1433 774 instantiam
1458 733 1509 773 acl

57 790 228 831 eamdem
241 787 527 846 Signatumm,
556 801 594 830 et
616 789 849 846 supersederi
879 763 1080 832 mandain't
1108 793 1160 832 acl
1185 790 1385 848 primam.
1421 793 1510 832 Pro-

57 847 185 905 posita
208 847 380 889 deinde
371 861 413 887 m
430 847 645 904 Signatura
665 849 770 890 dicta
804 848 964 891 Causa
975 849 1035 891 die
1061 865 1120 906 17.
1141 851 1352 893 decembris
1378 850 1505 907 1778.

61 907 251 950 resolutio
271 907 453 964 prodiit:
476 907 615 954 Nihil,
642 920 679 950 et
693 919 864 950 servetur
876 910 1067 950 decretum
1087 909 1414 953 Eminentissimi.
1433 910 1512 950 Di-

62 980 270 1025 sputatum
303 966 524 1023 aliquando
542 967 620 1009 fuit
639 999 650 1017 ,
673 983 724 1010 an
745 968 784 1008 in
808 968 931 1010 Causa
950 968 1184 1012 liberationis
1198 986 1220 1012 a
1240 969 1457 1014 Molesziis
1450 985 1513 1010 in-

60 1039 118 1069 ter
135 1026 287 1075 laicos,
319 1038 358 1068 et
392 1040 526 1068 coram
559 1026 700 1079 Judice
720 1027 820 1069 laico
853 1043 963 1070 unus
992 1044 1039 1071 ex
1063 1029 1107 1070 iis
1129 1029 1379 1073 laudaverit
1370 1036 1410 1069 1'n
1426 1027 1513 1080 ejus

61 1098 267 1127 auctorem
280 1084 500 1132 clericum,
513 1100 633 1140 quem
654 1086 802 1128 idcirco
816 1086 1002 1130 citaverit
1021 1103 1094 1145 pro
1113 1088 1370 1130 liberationea
1389 1089 1513 1130 Mole-

58 1142 143 1185 stiis
163 1159 299 1185 coram
319 1145 403 1199 ipso
419 1143 562 1195 Judice
581 1145 710 1194 laico,
743 1146 887 1188 debeat
919 1147 1026 1188 idem
1043 1147 1254 1196 Clericus,
1281 1144 1513 1200 obiiciendo

60 1201 365 1244 declinatoriam
384 1201 460 1240 fori
480 1229 492 1246 ‚
521 1203 729 1244 conveniri
748 1217 882 1244 coram
899 1206 1037 1250 judice
1059 1205 1355 1246 Ecclesiastico.
1376 1205 1515 1245 Audi-

60 1273 123 1304 tor
138 1258 414 1318 Signaturae
401 1275 439 1300 m
454 1259 585 1300 Causa
603 1261 815 1301 Fauentina
832 1261 928 1302 anni
946 1262 1064 1317 1778
1088 1265 1140 1306 ob
1167 1263 1369 1320 regulam,
1403 1262 1518 1319 quod

64 1319 164 1361 dum
182 1334 318 1376 agitur
337 1319 384 1360 de
410 1319 515 1360 dicta
534 1319 755 1362 liberatione
775 1336 799 1361 a
818 1321 1042 1371 Molestus,
1066 1323 1198 1375 Judex
1227 1322 1335 1363 idem
1353 1337 1432 1363 esse
1451 1322 1521 1364 de-

61 1380 154 1422 beat
186 1394 231 1420 ac
262 1379 325 1420 ille
344 1377 618 1420 Molestiarum
638 1411 650 1428 ,
693 1394 776 1420 non
809 1379 970 1422 admisit
989 1382 1152 1437 petitam
1183 1380 1517 1431 declinatoriam,

61 1452 233 1492 eamque
250 1437 419 1479 omnino
438 1435 602 1487 rejecit.
639 1439 695 1479 At
713 1439 1063 1481 Eminentissimus
1083 1442 1307 1482 Praefectus
1335 1441 1385 1482 ad
1423 1455 1518 1481 exa-

62 1513 154 1541 men
174 1497 368 1541 revocatis
384 1496 697 1540 auctoritatibus
712 1497 912 1539 <latronem
931 1498 1016 1554 (4),
1030 1511 1067 1540 et
1085 1499 1117 1540 C
1118 1510 1325 1541 eustanum
1321 1498 1411 1557 (5)
1429 1514 1519 1541 cen-

61 1558 142 1602 suit
172 1557 426 1601 evocandam
461 1571 541 1599 esse
561 1554 739 1599 Causam
777 1572 799 1598 a
831 1558 973 1610 Judice
1006 1554 1138 1609 laico,
1172 1573 1210 1602 et
1239 1559 1520 1601 remittendam

63 1618 116 1660 ad
147 1616 479 1660 ecclesiasticum.
515 1617 625 1658 Nam
661 1617 739 1667 ita,
773 1619 850 1659 hoc
873 1618 1012 1660 eodem
1049 1591 1217 1661 arti'culo
1250 1620 1304 1660 ad
1337 1634 1518 1675 unguem

63 1677 263 1725 discusso,
291 1677 423 1718 tenuit
438 1678 650 1734 Squillante
687 1678 828 1733 quoad
861 1677 1070 1720 Clericum
1103 1693 1370 1720 successorem
1396 1678 1517 1727 laici,

63 1737 254 1779 adversus
270 1750 392 1789 quem
419 1749 582 1793 ceptum
615 1737 694 1778 fuit
723 1737 953 1794 judicium
944 1752 985 1778 m
1013 1737 1103 1779 foro
1123 1737 1271 1787 laicalit,
1288 1752 1337 1779 ex
1353 1752 1400 1778 eo
1419 1737 1516 1791 quia

63 1796 245 1838 Clericus
269 1795 347 1837 sive
386 1795 622 1839 universalis
641 1827 653 1844 ‚
687 1797 768 1839 sive
798 1796 1050 1853 particularis
1083 1811 1288 1840 successor
1319 1796 1368 1839 sit
1393 1795 1516 1842 laici,

62 1869 217 1911 semper
236 1853 420 1895 Clericus
437 1856 522 1902 est,
541 1867 579 1894 et
602 1855 752 1896 idcirco
772 1870 910 1895 coram
927 1855 1068 1907 Judice
1095 1855 1366 1898 Ecclesiastico
1396 1853 1520 1896 citan-

64 1912 193 1963 dus,
182 1925 297 1966 Juxta
317 1925 453 1954 notata
473 1925 541 1967 per
559 1911 850 1952 Paxiordanum
863 1912 936 1968 (6)
954 1940 968 1959 ,
985 1924 1023 1953 et
1041 1913 1233 1954 Sabellum
1250 1913 1346 1969 (7);
1365 1926 1402 1954 et
1419 1913 1516 1956 hinc

64 1972 208 2014 iterum
226 1971 400 2011 decrevit
417 1969 767 2012 Eminentissimus
793 1971 1018 2013 Praefectus
1043 1971 1103 2012 die
1120 1972 1179 2012 18.
1189 1972 1286 2024 julii
1307 1973 1433 2027 1778.
1446 1988 1521 2029 per

62 2041 149 2073 acta
168 2026 365 2074 Ambivii,
382 2028 634 2070 avocandam
647 2042 725 2069 esse
746 2029 944 2081 Causam,
963 2043 1001 2072 et
1021 2031 1298 2073 remittendam
1317 2031 1371 2072 ad
1386 2031 1521 2074 forum

64 2086 418 2132 Ecclesiasticum.
448 2086 665 2141 Reliquum
683 2101 767 2138 est,
785 2098 833 2129 ut
855 2090 1066 2131 videamus
1083 2089 1186 2146 quid
1202 2090 1417 2148 Signatura
1435 2105 1524 2132 cen-

66 2149 186 2192 suerit
203 2148 245 2190 in
264 2162 360 2189 casu
378 2148 527 2190 Manus
542 2145 693 2203 Regiae
710 2147 863 2193 judicis
878 2148 967 2188 laici
987 2178 999 2195 ,
1031 2163 1253 2204 exequutae
1271 2162 1411 2193 contra
1428 2149 1524 2191 Cle-

68 2207 172 2252 ricos
205 2223 300 2252 cum
333 2208 567 2264 Exequatur
582 2204 787 2262 Episcopi·
819 2219 904 2260 quo
929 2206 1096 2249 obtento
1127 2207 1232 2249 facta
1265 2209 1410 2251 deinde
1443 2208 1523 2252 fuit

70 2282 203 2311 coram
231 2268 371 2311 eodem
401 2266 542 2314 Judice
574 2265 675 2308 laico
701 2265 952 2308 subhastatio
992 2267 1193 2312 bonorum
1221 2282 1524 2324 exequutorum

72 2329 360 2384 absquenovo
372 2327 640 2383 Exequcztur3
672 2324 910 2382 Signaturae
945 2324 1123 2368 Auditor
1156 2325 1335 2370 decrevit.
1359 2327 1525 2370 circum-

1435 2385 1527 2426 scri-

122 2504 176 2543 (1)
200 2506 300 2535 Pract.
321 2514 373 2548 qu.
402 2513 470 2546 cap.
485 2512 537 2546 31.
552 2513 581 2533 n
598 2512 628 2540 7.
871 2502 924 2540 (5)
949 2500 1003 2533 Ad
1015 2502 1092 2532 Stat.
1111 2499 1181 2531 Urb.
1196 2509 1269 2534 tom.
1291 2512 1319 2534 1.
1352 2503 1395 2535 ad
1410 2512 1529 2543 num7.

123 2549 178 2588 (2)
200 2551 274 2591 Cap.
283 2545 474 2590 proposuisti
490 2557 541 2587 19.
545 2547 662 2590 dcforo
682 2555 779 2589 comp.
824 2557 910 2579 num
918 2555 969 2585 54
981 2553 1011 2576 et
1023 2547 1094 2578 Vot.
1112 2554 1191 2585 297.
1205 2556 1247 2578 to.
1261 2557 1292 2579 2.

124 2594 161 2636 (3
203 2595 267 2625 Mi:
272 2593 339 2625 cell.
360 2593 440 2624 disc
459 2601 489 2623 2.
509 2604 540 2623 n.
556 2602 609 2623 21.
870 2593 924 2632 (6)
947 2594 993 2622 De
1008 2593 1094 2623 Priv.
1108 2591 1216 2623 Cleric.
1229 2603 1289 2633 c..7
1301 2604 1331 2623 n.
1339 2593 1436 2633 78.et
1447 2603 1534 2636 seqq..

125 2639 180 2681 (4)
202 2641 249 2671 De
264 2641 330 2677 Jur.
347 2638 491 2671 clericor.
504 2636 592 2671 lib.x.
607 2645 729 2680 cap.20.
870 2638 926 2679 (7)
950 2637 1260 2682 Tom.2.pag.166.,
1279 2646 1308 2671 et
1329 2642 1402 2680 167.
