1993 3195
638 259 1129 336 A-PPENntx
1599 317 1643 347 29

793 397 993 444 N.V111.

146 493 386 543 Costitutio
397 496 641 543 Innocentii
658 497 774 563 Papae
790 496 887 541 X11.
904 510 1027 564 supet
1041 491 1258 541 electione
1275 493 1505 558 Signatutae
1519 495 1644 558 Iusti-

183 569 251 616 tiae
271 569 534 616 Votantium
546 601 560 622 ,
583 581 628 617 et
645 567 815 616 indulto
832 565 998 617 eisdem
1014 583 1224 615 concesso
1236 564 1537 620 Rocchettutn
1552 572 1600 620 in

288 643 494 690 Romana
523 642 654 689 Curia
672 675 686 696 ,
725 654 770 689 et
791 643 990 710 Cappam
1009 643 1239 706 Magnam,
1249 644 1293 689 in
1308 640 1503 705 ejusdem

374 717 607 780 Signatutae
625 713 862 780 Collegiali
882 731 1116 781 congressu
1138 711 1366 764 deferendi
1386 750 1399 762 .

323 835 652 882 ιΝΝοσΕΝΤΙ-ῡς
677 837 913 869 ΕῬιςσοῬω
939 837 1096 877 sERVvs
1123 837 1358 879 SERVORvM
1382 836 1461 871 DEI

607 884 669 919 Ad
678 891 873 934 perpetuam
893 883 942 918 rei
961 883 1154 920 memoriam
1167 907 1178 918 .

201 980 291 1015 Nter
316 983 554 1028 gravissimas,
583 991 616 1018 et
633 983 837 1029 multiplices
864 995 985 1023 curas,
1016 985 1139 1029 quibus
1172 995 1216 1019 ex
1235 983 1351 1019 debito
1383 983 1563 1020 Pastoralis
1578 984 1650 1020 of-

130 1051 133 1054 ,
216 1028 282 1063 ficii
306 1032 486 1067 humilitati
514 1041 635 1067 nostrae
652 1033 814 1068 divinitus
854 1032 974 1068 crediti
1016 1033 1217 1069 incessanter
1243 1044 1407 1078 urgemur
1440 1057 1451 1074 ‚
1496 1033 1639 1069 inillam

138 1076 365 1119 peculiaribus
397 1081 514 1116 studiis
543 1080 773 1121 intendimus,
805 1093 864 1128 per
877 1094 976 1128 quam
1006 1082 1253 1117 administratio
1279 1081 1418 1120 iustitia:
1447 1082 1569 1116 nedum
1601 1082 1642 1116 ab

138 1125 291 1160 absurdis
310 1151 322 1166 ‚
352 1140 427 1172 quae
444 1129 673 1172 irrepserant,
702 1131 925 1169 vindicetur,
957 1132 1014 1164 sed
1045 1131 1077 1163 in
1098 1129 1272 1164 meliorem
1306 1129 1449 1164 formam
1484 1131 1643 1170 redacta,

139 1173 300 1208 exactiori
328 1176 437 1210 ordmi
465 1177 641 1216 restituta,
676 1189 713 1211 ac
732 1179 909 1218 judicibus
940 1177 1056 1216 majori
1082 1186 1155 1212 tum
1189 1176 1355 1216 virtutis,
1391 1187 1462 1213 tum
1504 1177 1645 1213 honoris

137 1223 363 1267 praerogativa
390 1226 558 1261 decoratis
587 1225 793 1266 commissa,
821 1227 852 1260 in
882 1226 951 1260 dies
969 1227 1073 1271 magis
1101 1226 1272 1272 magisque
1301 1225 1496 1272 refulgeat.

238 1270 269 1304 1.
298 1272 410 1312 Hujus
425 1274 701 1310 considerationis
730 1275 854 1309 intuitu
893 1286 970 1310 cum
1001 1276 1080 1309 alias
1121 1274 1354 1319 particularem
1408 1275 1644 1321 congregatio-

137 1328 215 1351 nem
240 1321 478 1358 nonnullorum
513 1323 715 1358 dilectorum
755 1322 917 1358 filiorum.
946 1324 1107 1358 Rornanae
1137 1323 1253 1358 Curiae
1292 1322 1512 1358 Praelatorum
1539 1334 1646 1369 super>

133 1366 300 1402 abusuurn
320 1393 330 1406 ,
360 1373 542 1415 praesertim
557 1372 769 1410 judicialium
787 1396 797 1412 ,
820 1372 1060 1407 reformatione
1076 1396 1087 1412 ,
1113 1371 1389 1416 deputaverimus
1419 1395 1430 1411 ,
1458 1372 1643 1417 quamplu-

133 1423 170 1448 ra
196 1416 236 1449 ab
275 1417 390 1453 eadem
423 1420 699 1465 Congregatione
727 1422 873 1464 desuper
899 1420 990 1454 edita
1016 1443 1026 1458 ,
1068 1421 1276 1463 etimpressa
1319 1420 1454 1453 decreta
1483 1428 1644 1455 oretenus⁴

132 1465 421 1508 approbavimus,
446 1479 506 1502 nec
536 1479 600 1502 non
631 1468 673 1503 de
703 1468 852 1506 eiusdem
881 1466 1164 1513 Congregationis
1195 1467 1338 1502 consilio
1381 1468 1505 1503 nostris
1534 1470 1644 1504 Anno

131 1511 374 1550 Incarnationis
402 1516 590 1551 Dominicae
617 1515 794 1551 millesimo
821 1516 1070 1551 sexcentesimo
1089 1515 1310 1560 nonagesimo
1329 1517 1480 1551 secundo
1513 1517 1642 1559 15.Ka-

130 1557 224 1596 lend.
248 1562 377 1598 Octob.
393 1566 454 1599 sub
473 1565 610 1609 plumbo
628 1566 797 1609 expeditis
825 1565 932 1600 literis
949 1589 960 1605 ,
993 1564 1208 1610 particularia
1255 1564 1364 1600 Almae
1383 1565 1482 1599 Urbis
1515 1573 1637 1600 nostrae

130 1606 329 1646 Tribunalia
357 1624 397 1647 ex
418 1613 598 1659 privilegio
624 1614 804 1649 constituta
833 1615 1079 1660 suppressimus
1099 1638 1109 1654 ‚
1139 1622 1173 1648 et
1194 1613 1430 1658 abrogavimus
1460 1637 1470 1652 ‚
1503 1615 1639 1648 eadem-

130 1668 198 1702 que
217 1659 429 1706 l'rivilegia‚
457 1671 490 1696 et
508 1661 700 1697 Tribunalia
727 1663 767 1697 ad
795 1664 848 1703 jus
866 1675 1070 1703 commune,
1104 1671 1137 1697 et
1157 1661 1293 1703 Judices
1333 1661 1536 1696 Ordinarios
1562 1673 1635 1696 me«

130 1715 270 1742 moratae
297 1706 412 1745 Curiae
440 1711 665 1757 reduxin1us‚
689 1712 729 1747 Et
744 1712 912 1752 ulterius,
941 1720 979 1746 ut
993 1711 1104 1746 officia
1131 1721 1304 1746 causarum
1331 1710 1447 1745 Curiae
1479 1712 1637 1747 Camerae

129 1755 343 1799 Apostolicae
363 1759 526 1803 generalis
547 1760 824 1800 Auditoris,nec
853 1773 917 1795 non
947 1761 1100 1800 ejusdem
1138 1760 1292 1794 Camerae
1325 1759 1541 1795 Thesaurarii
1579 1771 1639 1804 ge·

127 1803 248 1839 neralis
266 1829 277 1845 ,
305 1807 485 1842 duodecim
514 1808 729 1843 Clericorum
746 1831 758 1847 ‚
786 1816 822 1842 et
835 1808 1048 1843 Praesidentis
1065 1832 1075 1848 ‚
1117 1818 1191 1853 quae
1219 1807 1311 1851 prius
1354 1807 1525 1842 mediante
1559 1819 1635 1853 pre·

126 1852 175 1886 tio
194 1855 234 1887 ad
260 1854 361 1890 vitam
390 1856 530 1891 concedi
564 1864 834 1896 consueverant,
861 1856 892 1891 in
920 1865 1092 1901 posterum
1127 1857 1168 1890 ad
1186 1864 1339 1890 nos-trum
1369 1880 1380 1895 ,
1423 1866 1456 1891 et
1486 1856 1632 1892 Romani

126 1900 301 1939 Pontificis
333 1916 395 1949 pro
428 1914 581 1951 tempore
610 1905 810 1945 existentis,
847 1914 879 1940 et
896 1905 989 1940 Sedis
1019 1905 1225 1950 Apostolicae
1270 1903 1519 1949 beneplacitum
1547 1905 1633 1941 viris

125 1948 230 1990 vitae,
260 1961 293 1987 et
315 1965 447 1990 morum
489 1954 678 2001 integritate
713 1954 946 2000 praestantibus
987 1953 1163 1988 literarum.
1192 1953 1332 1987 scientia
1362 1954 1510 1998 praeditis
1541 1977 1552 1994 ‚
1581 1965 1634 1988 re-

126 2008 272 2044 rumque
299 2003 520 2038 humanarum
536 2003 742 2049 experientia
782 2002 993 2049 insignibus,
1021 2004 1060 2038 ad
1076 2003 1238 2042 majorem
1271 2001 1339 2036 Dei
1370 2000 1513 2047 gloriam
1543 2003 1630 2042 eius·

126 2046 202 2082 dem
223 2048 382 2084 Romanae
399 2052 539 2092 Curiae,
568 2062 600 2086 et
618 2053 805 2088 Praelaturae
832 2054 992 2087 decorem
1022 2074 1032 2091 ‚
1073 2063 1135 2087 nec
1171 2062 1236 2086 non
1265 2051 1400 2086 virtutis
1437 2051 1635 2086 incitamen-

127 2102 196 2131 tum
215 2121 226 2137 ,
253 2108 286 2133 et
302 2100 480 2144 proemium
506 2124 517 2140 ,
545 2100 672 2145 gratis,
703 2110 739 2134 et
754 2101 848 2134 nullo
866 2111 1005 2143 recepto
1028 2100 1138 2143 pretio
1166 2100 1459 2140 concederentur,
1478 2111 1539 2145 per
1551 2099 1634 2135 alias

128 2143 249 2181 similes
269 2158 399 2184 nostras
429 2149 547 2184 eodem
570 2160 656 2183 anno
685 2160 718 2184 x.
731 2147 808 2183 Kal.
834 2148 1044 2182 Novembris
1077 2150 1251 2192 expeditas
1291 2148 1405 2183 literas
1430 2172 1442 2188 ,
1478 2149 1637 2192 praefato=

126 2201 204 2228 rum
229 2196 439 2233 officiorum
479 2198 694 2234 venalitatem
726 2197 974 2244 suppressimus
995 2221 1008 2238 ,
1049 2196 1289 2237 extinximus,
1324 2197 1561 2239 removimus,
1594 2204 1630 2232 et

128 2242 353 2282 abolevimus.

226 2292 272 2327 11.
297 2295 336 2329 Et
352 2296 490 2341 insuper
513 2307 556 2330 ex
585 2303 664 2331 tunc
695 2294 795 2329 etiam
829 2296 868 2329 ad
898 2304 1049 2331 nostrum
1089 2297 1277 2343 Signaturae
1307 2297 1628 2333 Reserendariorum«

129 2338 348 2387 Collegium,
385 2346 477 2392 quod
506 2345 585 2380 alias
603 2343 661 2379 fel.
687 2355 755 2378 rec.
788 2343 977 2379 Alexander
1014 2344 1104 2390 Papa
1127 2346 1207 2379 vn.
1246 2346 1476 2381 Praedecessor
1516 2354 1629 2381 noster

130 2387 164 2423 iu
181 2390 248 2424 suis
276 2392 440 2431 similibus
456 2395 563 2430 literis
587 2396 647 2429 sub
668 2395 747 2428 Dat.
767 2391 927 2428 videlicet
956 2395 1053 2428 Anno
1081 2394 1230 2432 ejusdem
1250 2393 1491 2430 Incarnationis
1520 2393 1629 2430 mille-

129 2436 213 2472 simo
240 2444 481 2479 sexcentesimo
508 2443 788 2491 quinquagesimo
808 2454 920 2481 nono,
948 2442 1064 2477 Idibus
1082 2441 1173 2484 junii
1208 2442 1292 2476 inter
1322 2454 1442 2480 caetera
1477 2444 1586 2479 erexit
1614 2467 1625 2485 ,

128 2495 163 2521 et
179 2487 323 2523 instituit
342 2516 352 2530 ,
377 2504 413 2527 ac
428 2504 471 2527 ex
484 2492 661 2529 duodecim
691 2491 872 2538 Signaturae
897 2490 1040 2531 justitiae
1073 2490 1277 2526 Votantibus
1304 2494 1365 2528 sub
1382 2506 1498 2529 eorum
1517 2491 1627 2537 Capi-

130 2543 168 2571 te
185 2559 197 2577 ,
228 2539 495 2577 etModeratore
525 2544 675 2583 ejusdem
691 2540 1032 2588 SignaturaeJustitiae
1062 2552 1124 2586 pro
1140 2550 1296 2587 tempore
1320 2542 1484 2579 existente
1502 2541 1624 2578 Praefea
1659 2575 1663 2577 .

1558 2599 1615 2626 cto
