1993 3195
671 368 711 409 C
743 368 783 408 A
814 369 843 408 P
875 366 916 408 U
946 366 987 408 T
1048 369 1122 410 lv.
1582 393 1607 422 2

192 431 257 477 tue
271 441 349 471 esse
368 457 381 477 ,
408 424 469 470 sin
498 438 596 470 vero
626 424 865 476 dubitetur,
900 427 951 468 ab
988 425 1128 468 iisdem
1167 427 1499 486 responsionibus
1527 393 1669 482 meriti-³,

192 487 507 535 abstinendum3
544 499 583 527 et
616 499 664 526 eo
702 486 764 525 vel
800 486 928 541 magis
964 485 1112 527 arridet
1128 487 1327 529 sententia
1357 487 1419 530 illa
1443 505 1529 532 non
1561 497 1669 537 exci-

190 547 303 591 tandi
330 546 586 588 difficultates
601 576 614 595 ,
633 542 770 600 eisque
791 559 1029 602 responsum
1051 544 1248 587 reddendi
1267 575 1280 594 ‚
1296 561 1562 603 quocumque
1580 568 1670 596 mo-

187 609 243 650 do
266 623 324 650 res
341 607 500 656 sirmam
518 607 624 647 sicut
642 619 689 646 ex
710 604 905 647 laudabili
920 605 1065 647 Curiae
1082 604 1435 656 stilo‚defensionis
1445 609 1666 666 Scripturae

186 668 239 709 ad
261 663 809 712 invicemecommunicantur
825 680 893 722 per
912 665 1068 721 aliquot
1097 664 1182 708 dies
1207 680 1301 709 ante
1320 667 1636 725 propositionem
1652 704 1669 724 ‚

185 740 232 768 ut
246 726 392 768 deinde
411 726 581 768 facultas
601 723 826 780 unicuique
848 725 1193 782 sitResponsionis
1204 726 1433 784 Scripturas
1448 728 1666 774 conficien-

184 785 227 826 di
247 815 259 832 ,
293 787 344 829 ita
365 786 591 828 consulitur
608 783 802 826 solutioni
821 784 1059 835 dubiorum,
1073 801 1117 829 ac
1137 786 1435 837 difficultatum,
1456 803 1563 845 quae
1579 788 1664 837 for-

179 850 254 887 san
271 860 589 904 promoveantur
608 875 619 886 .

272 905 342 947 Ad
359 906 561 947 Tironutn
579 919 716 950 usum,
734 904 794 946 fas
809 904 900 951 erit,
920 904 983 948 hic
999 903 1118 947 etiarn
1148 904 1346 950 adnotare
1358 938 1371 957 ,
1389 922 1574 964 quonam
1591 925 1660 954 ομ

181 963 277 1006 dine
296 966 555 1008 auctoritates
568 965 834 1007 collocandae
850 963 953 1014 sint;
985 979 1023 1007 et
1043 964 1352 1022 distinguendae
1373 969 1544 1024 proinde
1559 982 1658 1015 sunt

180 1025 316 1067 variae
333 1025 489 1066 illarum
509 1026 649 1067 classes
672 1053 684 1070 ,
716 1024 767 1066 ita
778 1037 821 1065 ut
838 1024 869 1064 si
889 1023 1020 1080 legalis
1050 1024 1324 1081 dispositionis
1340 1039 1470 1069 textus
1488 1028 1657 1080 existat,

179 1084 311 1140 primo
332 1085 419 1126 loco
435 1086 652 1125 adnotetur
672 1110 686 1129 ‚
718 1083 864 1123 deinde
884 1084 1026 1125 Glossa
1043 1114 1056 1132 ,
1087 1082 1207 1141 prisci
1226 1084 1502 1137 Glossatores,
1521 1101 1560 1130 et
1576 1090 1658 1130 Re-

177 1155 355 1198 petentes
370 1175 384 1191 ‚
414 1143 685 1184 'l'ractatuum
701 1144 898 1184 Auctores
911 1171 925 1189 ‚
942 1142 1023 1185 sive
1041 1142 1387 1198 Quaestionantes
1406 1145 1516 1193 dicti,
1536 1146 1655 1189 Con-

175 1203 378 1248 sulentes,
407 1213 447 1240 et
474 1201 638 1240 demum
672 1200 908 1241 Decisiones
948 1202 1076 1242 Rotae
1096 1231 1108 1247 ,
1138 1200 1220 1243 sive
1253 1202 1424 1242 aliorum
1441 1203 1654 1248 Tribuna0

175 1255 280 1299 lium
299 1289 312 1306 ‚
340 1257 444 1298 inter
463 1273 604 1298 omnes
622 1271 772 1299 servata
788 1272 939 1314 semper
959 1257 1212 1313 antiquitatis
1239 1262 1512 1317 praerogativa
1534 1292 1547 1310 ,
1580 1265 1654 1308 de-

175 1319 406 1359 scribantur
425 1318 498 1371 (ι)
518 1347 528 1357 .
562 1317 683 1372 Quae
699 1317 798 1358 sane
818 1318 1076 1359 auctoritates
1095 1317 1244 1358 debent
1267 1333 1351 1360 esse
1372 1319 1413 1360 in
1435 1322 1614 1365 terminis
1631 1352 1649 1374 ,

177 1389 225 1418 ut
238 1377 360 1432 vulgo
394 1376 540 1418 dicitur
561 1408 572 1425 ‚
607 1390 701 1416 nam
731 1375 815 1422 illi,
856 1377 927 1431 qui
957 1376 1128 1432 allegant
1159 1378 1418 1420 auctoritates
1439 1410 1451 1428 ‚
1485 1396 1524 1423 et
1560 1384 1650 1424 Do-

176 1446 330 1480 ctores,
351 1449 419 1491 per
440 1435 594 1491 regulas
627 1435 831 1491 generales
858 1434 1071 1488 loquentes
1085 1466 1098 1483 ,
1121 1436 1323 1479 habentur
1342 1454 1417 1495 pro
1443 1439 1650 1494 imperitis,

176 1503 218 1535 et
235 1494 288 1535 ad
308 1494 393 1534 illas
413 1508 620 1535 recursum
648 1494 794 1534 habere
820 1524 833 1541 ‚
865 1508 922 1534 est
947 1494 1147 1549 refugium
1184 1496 1421 1538 miserorum
1436 1529 1447 1545 ‚
1465 1499 1518 1539 ait
1540 1500 1650 1542 Con.

173 1553 376 1596 staminas
400 1555 456 1594 ad
472 1555 622 1595 Statut.
646 1552 763 1594 Urbis
778 1553 878 1608 (2);
905 1551 1000 1593 hinc
1020 1552 1181 1607 ipsemet
1197 1554 1332 1596 asserit
1347 1585 1361 1604 ‚
1380 1557 1566 1600 Doctoris
1584 1558 1649 1600 di-

172 1625 287 1655 ctum
314 1613 356 1654 in
388 1614 567 1655 terminis
586 1642 599 1659 ‚
632 1612 662 1655 si
702 1612 1040 1653 contradictorem
1071 1626 1159 1654 non
1189 1613 1336 1657 habeat
1350 1646 1364 1664 ,
1396 1616 1475 1658 dici
1507 1632 1649 1662 casum

170 1670 267 1728 legis
283 1689 297 1722 ;
328 1672 470 1714 limitat
486 1686 620 1715 tamen
639 1672 698 1712 ille
715 1701 728 1719 ,
766 1672 840 1712 has
858 1686 1000 1726 nempe
1019 1672 1224 1714 doctrinas
1240 1675 1466 1730 praevalere
1483 1707 1496 1724 ,
1514 1692 1649 1730 quan-

170 1731 226 1773 do
259 1733 366 1775 deest
398 1731 491 1790 legis
507 1763 524 1782 ,
549 1732 697 1791 glossae
716 1761 730 1780 ,
760 1731 823 1774 vel
840 1731 976 1774 statuti
998 1760 1011 1779 ,
1045 1746 1093 1773 ac
1132 1734 1329 1775 naturalis
1361 1733 1531 1777 rationis
1564 1736 1647 1780 dis-

169 1791 316 1847 positio
333 1822 345 1831 .

292 1850 352 1888 De
367 1847 596 1902 Scripturae
611 1847 779 1888 tandem
805 1848 967 1903 epilogo·
980 1851 1180 1892 nonnulla
1194 1863 1323 1893 essent
1336 1851 1487 1909 quippe
1504 1852 1643 1896 adno-

167 1907 294 1952 tanda
314 1936 326 1953 ‚
360 1907 391 1948 si
408 1905 681 1962 imperitorum
704 1907 866 1946 turbam
881 1921 961 1947 esse
977 1922 1067 1948 eam
1088 1939 1102 1957 ,
1130 1924 1236 1964 quae
1267 1910 1452 1966 speciosis
1480 1913 1645 1971 epilogis

165 1980 306 2010 utatur
327 1966 368 2006 in
387 1961 604 2022 Scripturis
620 1992 634 2010 ,
665 1964 950 2019 unusquisque
968 1966 1212 2022 apertissime
1241 1981 1329 2008 non
1364 1983 1600 2025 agnosceret
1615 1988 1642 2015 a

165 2025 332 2068 metodo
348 2023 548 2067 scribendi
568 2054 581 2072 ‚
612 2038 735 2078 quarn
758 2023 982 2079 peritissimi
1006 2026 1234 2072 Advocati,
1269 2040 1309 2070 et
1325 2028 1537 2072 Causidici
1555 2047 1639 2074 ser-

164 2097 295 2135 vant,
328 2083 400 2140 qui
427 2082 599 2124 omnino
631 2082 682 2123 ab
716 2080 822 2124 hisce
837 2084 959 2126 rebus
996 2085 1250 2132 abhorrent,
1280 2098 1320 2128 et
1349 2091 1638 2134 tantummodo

165 2144 390 2202 aliquando
424 2156 627 2184 renovant
641 2141 953 2199 supplicabundi
971 2144 1175 2200 petitionis
1194 2144 1428 2188 instantiam
1448 2176 1462 2195 ,
1490 2150 1636 2192 finem-

166 2217 271 2260 quae
306 2202 527 2259 scripturae
547 2201 766 2257 imponunt
792 2215 886 2242 cum
904 2203 1097 2256 particula
1116 2235 1130 2252 ,
1160 2205 1293 2257 Quare
1305 2217 1377 2249 etc.
1398 2238 1411 2256 ‚
1447 2221 1556 2262 quae
1576 2209 1638 2252 ita.

169 2261 421 2322 intelligenda
435 2260 546 2306 venit
564 2290 577 2309 ,
607 2276 733 2318 quare
750 2260 1011 2318 supplicamus
1020 2261 1315 2318 profavorabili
1341 2265 1534 2310 decisione
1550 2282 1563 2318 ;
1591 2279 1632 2312 et

168 2321 313 2365 deinde
335 2322 517 2379 sequitur
533 2320 773 2378 subscriptio
791 2335 860 2378 per
877 2337 1025 2365 nomen
1039 2353 1053 2372 ‚
1078 2337 1116 2365 et
1139 2337 1368 2380 cognomen
1385 2327 1630 2371 Procurato-

167 2380 221 2423 ris
235 2411 249 2429 ,
279 2382 311 2422 si
327 2382 406 2440 ipse
425 2380 532 2424 solus
549 2380 791 2438 scripturam
807 2381 987 2424 exaravit
1000 2411 1014 2429 ‚
1027 2381 1090 2424 sin
1109 2383 1243 2425 minus
1261 2385 1384 2427 etiam
1395 2386 1598 2430 Advocati
1610 2417 1628 2438 ,

160 2440 240 2497 qui
268 2439 311 2481 in
341 2441 427 2500 jure
455 2441 640 2499 scripsit.
675 2441 783 2483 Haec
814 2454 990 2498 namque
1007 2442 1250 2499 subscriptio
1269 2441 1357 2496 jure
1393 2444 1468 2493 fit,
1498 2444 1627 2486 utdi-

379 2525 385 2527 >
1013 2502 1053 2542 H
1075 2501 1101 2541 h
1135 2513 1161 2542 2
1518 2518 1626 2561 gno-

1265 2575 1423 2589 0—

327 2573 478 2588 Q

211 2631 268 2675 (x)
281 2635 327 2671 De
338 2635 383 2667 Lu
389 2642 537 2678 capar.3.
551 2632 641 2667 Delio
651 2633 723 2668 stile
733 2631 847 2678 Legate
862 2640 992 2678 captu.
1000 2642 1053 2666 tm
1062 2641 1093 2665 ι.
1143 2633 1198 2676 (2)
1210 2633 1489 2677 Annei-63mrta.
1504 2643 1630 2678 nau..
