1952 3167
337 314 387 348 26
702 313 765 348 DE
793 313 907 356 JURE
945 312 1229 348 SIGNATURAE
1254 313 1469 354 JUSTITIAE

336 361 516 401 ponente,
543 367 601 396 seu
635 360 790 410 delegato
808 362 895 399 illius
919 361 1037 397 relatio
1066 362 1099 397 in
1130 361 1316 409 collegio,
1356 362 1410 398 cui
1439 362 1466 396 si
1494 360 1674 397 videantur
1686 362 1825 408 probata

337 409 546 447 sufficienter
562 412 755 457 praemissa,
791 421 870 448 tuuc
891 412 1020 446 Orator
1049 410 1247 446 admittatur
1271 413 1309 447 ad
1336 423 1472 446 examen
1490 435 1499 449 ,
1532 410 1702 458 assignatis
1736 411 1797 446 illis
1816 435 1827 452 ,

334 464 402 505 (ut
431 459 532 495 moris
565 463 639 506 est)
667 462 793 497 duabus
821 459 1124 506 supplicationibus
1153 483 1163 498 ‚
1193 472 1250 495 seu
1279 460 1572 494 commissionibus
1607 472 1718 497 coram
1749 461 1823 505 ipso

336 507 502 555 Collegio
531 510 784 555 proponendis.
815 521 847 546 ct
879 510 1022 544 subinde
1051 517 1189 553 peracto
1225 508 1378 542 examine
1406 508 1431 541 si
1472 509 1622 547 ejusdem
1651 510 1802 545 Praefecti
1820 533 1831 549 ‚

336 558 806 606 atqueCOIIegii,qu01-um
835 557 1074 594 conscientiam
1103 567 1282 591 oneramus
1310 580 1319 595 ‚
1349 555 1474 591 fuerint
1503 557 1665 592 concordi
1698 558 1827 596 judicio

330 606 389 642 wel
416 606 533 644 saltem
574 619 634 651 per
662 610 741 643 duas
768 620 810 642 ex
843 605 947 641 tribus
979 605 1129 651 partibus
1156 615 1315 640 votorum
1346 628 1358 645 ,
1395 617 1468 651 quae
1493 614 1626 640 secreto
1652 617 1712 651 per
1738 607 1830 642 fabas

333 654 450 696 albas,
482 666 514 691 et
546 656 656 701 nigras
685 656 828 701 proferri
859 654 1018 689 volumus
1046 678 1057 695 ,
1085 656 1289 700 approbatus
1317 666 1327 696 ;
1356 662 1435 689 tunc
1464 655 1645 690 Praefectus
1671 655 1828 690 omnibus

334 705 461 744 nobis,
487 714 520 740 et
547 704 793 743 successoribus
821 703 940 739 nostris
967 702 1103 744 relatis,
1131 703 1225 738 illum
1255 703 1458 740 auctoritate
1487 715 1600 739 nostra
1629 703 1831 750 pronuncia-

334 752 387 790 bit
420 753 723 812 Refer endarium,
749 766 788 790 ac
819 753 852 788 in
892 751 1036 788 aliorum
1066 764 1245 789 numerum
1275 752 1417 788 adscribi
1448 753 1616 793 mandabit
1642 779 1652 793 ,
1683 751 1833 798 praestito

333 810 448 837 tamen
466 804 559 848 prius
587 803 618 838 in
646 803 718 843 ejus
752 803 902 839 manibus
929 802 1033 837 solito
1058 802 1280 841 juramento.
1311 803 1488 838 Postremo
1517 813 1552 838 ut
1580 804 1613 838 in
1640 801 1827 847 Signaturis

333 860 401 886 tarn
420 851 562 896 gratiae,
586 864 685 899 qnam
712 852 849 892 justitiae
881 851 1019 887 liberior
1035 851 1078 887 sit
1096 863 1269 888 causarum
1296 852 1486 892 discussio,
1517 861 1549 886 et
1564 852 1733 886 Votorum
1756 860 1833 895 pro-

331 898 417 934 latio
435 923 445 939 ‚
481 901 700 946 prohibemus
727 901 910 941 omnibus,
937 911 970 936 et
1000 900 1142 956 singulis
1170 911 1236 937 tam
1260 901 1486 940 Votantibus‚
1522 913 1623 946 quam
1650 899 1721 934 aliis
1753 898 1832 944 qui-

330 948 551 991 buscumque
577 949 610 982 in
636 948 762 983 eisdem
790 948 976 993 Signaturis
1008 948 1333 989 intervenientibus,
1361 962 1399 985 ac
1429 961 1546 985 eorum
1577 947 1830 987 Auditoribus,

331 1005 365 1029 et
395 994 589 1029 studiorum
615 996 912 1037 Coadiutoribus‚
942 1005 1024 1032 vota
1053 998 1122 1043 ipsa
1154 999 1312 1044 cuiquam
1344 998 1462 1039 alteri,
1492 999 1590 1033 etiam
1612 995 1750 1042 speciali
1773 1007 1831 1031 ex·

327 1043 504 1089 pressione
535 1045 669 1090 digno,
695 1045 824 1080 referre
851 1070 862 1086 ,
899 1054 957 1081 aut
981 1046 1158 1093 propalare
1187 1058 1346 1084 oretenus
1363 1072 1374 1087 ‚
1401 1047 1454 1082 vel
1483 1048 1514 1081 in
1545 1046 1681 1087 scriptis
1708 1055 1771 1090 per
1796 1055 1832 1079 se

327 1091 447 1147 ipsos,
478 1092 531 1127 vel
547 1092 629 1128 allos
646 1106 860 1140 quacumque
890 1095 1025 1136 forma,
1052 1104 1085 1131 et
1099 1096 1272 1142 exquisito
1302 1099 1428 1136 modo,
1463 1097 1525 1131 sub
1556 1107 1658 1141 poena
1685 1094 1836 1140 indigna-

329 1139 435 1176 tionis
464 1151 620 1177 nostrae.
654 1143 886 1179 Decernentes
919 1155 1097 1188 praesentes
1127 1146 1265 1186 literas,
1294 1145 1445 1185 validas,
1472 1154 1507 1180 et
1534 1147 1683 1179 efficaces
1712 1143 1835 1178 existe-

328 1200 401 1229 re,
426 1202 574 1236 suosque
603 1190 797 1236 plenarios,
833 1203 866 1227 et
882 1203 1034 1238 integros
1048 1194 1184 1228 effectus
1211 1195 1351 1234 sortiri,
1385 1204 1418 1228 et
1438 1194 1594 1228 obtinere
1613 1217 1625 1233 ,
1654 1205 1690 1228 ac
1706 1193 1745 1227 ab
1760 1202 1834 1226 om-

330 1237 518 1279 nibus,ad
551 1251 642 1285 quos
668 1250 823 1285 spectat,
848 1251 881 1276 et
913 1242 1081 1287 spectabit
1114 1242 1146 1277 in
1171 1242 1325 1277 futurum
1357 1241 1605 1277 inviolabiliter
1635 1239 1833 1275 observari.

328 1285 451 1332 sicque
480 1298 547 1332 per·
569 1299 802 1334 quoscumque
828 1290 989 1330 judices,
1018 1291 1118 1324 etiam
1151 1301 1326 1324 causarum
1361 1289 1478 1323 Palatii
1509 1288 1701 1334 Apostolici
1730 1286 1836 1321 Audi-

329 1343 427 1373 tores
443 1359 459 1376 ,
481 1347 519 1370 ac
535 1336 666 1375 Sanctae
678 1337 837 1372 Romanae
868 1337 1027 1373 Ecclesiae
1052 1337 1252 1372 Cardinales
1277 1362 1288 1378 ,
1315 1336 1444 1373 sublata
1474 1337 1545 1377 eis,
1574 1346 1743 1371 eteorum
1763 1334 1834 1371 cui-

331 1382 420 1421 libet
437 1385 561 1431 quavis
583 1384 680 1422 aliter
693 1386 866 1426 judicandi
884 1411 894 1427 ‚
922 1396 956 1422 et
974 1387 1217 1431 interpretandi
1245 1385 1432 1431 fiacultate,
1461 1395 1494 1421 et
1520 1386 1721 1421 auctoritate
1738 1408 1748 1424 ‚
1777 1384 1836 1422 iu·

331 1432 475 1473 dicaris
501 1442 540 1471 et
552 1434 682 1469 definiri
711 1435 858 1469 debere:
888 1436 1021 1470 irritum
1051 1447 1214 1480 quoque,
1241 1444 1274 1469 et
1302 1435 1397 1469 inane
1422 1435 1450 1469 si
1480 1447 1574 1469 secus
1605 1445 1708 1479 super
1735 1433 1785 1466 his
1815 1444 1835 1467 a

329 1492 503 1527 quoquam
540 1481 658 1526 quavis
686 1482 891 1517 auctoritate
916 1485 1062 1517 scienter
1080 1506 1090 1520 ,
1126 1484 1179 1516 vel
1213 1483 1404 1528 ignoranter
1441 1482 1625 1528 contigerit
1651 1481 1833 1516 attentari.

326 1529 410 1568 Non
436 1529 654 1566 obstantibus,
678 1530 885 1576 praemissis,
916 1543 957 1566 ac
987 1539 1151 1577 quatenus
1177 1543 1263 1575 opus
1292 1533 1338 1566 sit
1373 1540 1510 1571 nostra,
1538 1540 1571 1564 et
1603 1530 1834 1565 Cancellariae

326 1577 542 1633 ⁴1⁴}postolstae
569 1578 690 1624 regula·
719 1580 760 1613 de
781 1578 895 1624 gratiis
923 1591 989 1614 non
1008 1580 1232 1614 concedendis
1260 1581 1301 1614 ad
1320 1580 1448 1620 instar,
1477 1590 1513 1614 ac
1540 1579 1650 1614 felicis
1678 1580 1835 1613 recorda-

327 1625 433 1661 tionis
467 1626 636 1672 PiiPapae
661 1627 728 1662 IV.
744 1628 1001 1673 praedecessoris
1029 1628 1134 1663 nostri
1164 1630 1204 1663 de
1228 1627 1341 1674 gratiis
1376 1630 1533 1664 interesse
1548 1628 1705 1663 Camerae
1733 1628 1832 1672 Apo-

327 1674 456 1713 stolicae
496 1675 761 1722 quomodolibet
805 1676 1087 1712 concernentibus
1132 1677 1163 1711 in
1201 1677 1362 1723 praedicta
1396 1678 1543 1713 Camera
1584 1675 1829 1723 registrandis‚

326 1722 472 1770 aliisque
502 1725 821 1760 Constitutionibus
837 1749 847 1765 ‚
882 1734 915 1761 et
933 1725 1216 1761 Ordinationibus
1239 1726 1477 1773 Apostolicis‚
1502 1738 1539 1762 ac
1561 1726 1721 1761 omnibus
1747 1724 1828 1765 illis,

326 1784 401 1818 quae
435 1774 566 1818 prafati
592 1776 858 1830 praedecessores
884 1775 916 1809 in
940 1775 1038 1810 dictis
1067 1776 1371 1811 constitutionibus
1412 1777 1597 1811 voluerunt
1627 1787 1690 1810 non
1718 1775 1830 1810 obsta-

326 1832 389 1862 re,
418 1823 617 1869 caeterisque
649 1822 823 1858 contrariis
848 1824 1152 1870 quibuscumque.
1183 1824 1283 1860 Nulli
1310 1835 1394 1871 ergo
1420 1826 1560 1862 omnino
1589 1824 1764 1860 hominum
1793 1822 1830 1857 li-

324 1880 400 1906 ceat
431 1873 514 1907 hanc
542 1872 696 1918 paginam
724 1881 848 1908 nostrae
872 1873 1142 1909 confirmationis
1171 1897 1183 1914 ,
1223 1873 1480 1916 innovationis,
1497 1873 1706 1914 erectionis,
1736 1870 1828 1907 insti-

324 1919 497 1961 tutionis,
524 1919 737 1962 voluntatis,
767 1930 801 1957 et
821 1922 948 1958 decreti
977 1922 1189 1969 infringere,
1219 1924 1274 1960 vel
1305 1923 1336 1959 ei
1365 1936 1451 1960 ausu
1475 1924 1660 1960 temerario
1685 1919 1830 1958 contrai-

323 1978 384 2002 re
418 1968 454 2003 Si
477 1970 551 2014 quis
576 1981 690 2006 autem
728 1973 794 2007 hoc
826 1981 994 2008 attentare
1036 1973 1294 2018 praesumpserit
1309 1996 1321 2014 ,
1350 1973 1620 2020 indignationem
1651 1969 1825 2014 Omnipo-

323 2016 424 2052 tentis
460 2017 550 2060 Dei,
581 2031 619 2056 ac
646 2020 833 2058 beatorum
869 2022 991 2063 Petri,
1019 2030 1053 2057 et
1078 2021 1176 2058 Pauli
1204 2024 1454 2070 Apostolorum
1478 2025 1549 2065 ejus
1573 2034 1608 2058 se
1623 2026 1756 2056 noverit
1769 2028 1821 2052 in-

323 2076 535 2104 cursurum

425 2117 556 2152 Datum
589 2118 711 2155 Romae
731 2120 826 2164 apud
850 2120 884 2155 S.
900 2121 1041 2156 Mariam
1071 2120 1238 2158 Maiorem
1267 2120 1367 2153 Anno
1392 2116 1634 2153 Incarnationis
1665 2112 1822 2151 Domini-2

322 2169 369 2209 tq
384 2160 593 2200 MDCLIX.
610 2131 837 2207 Idibustunii
851 2190 862 2205 ,
889 2168 1112 2201 Pontificatus
1127 2165 1237 2199 nossri
1253 2166 1353 2200 Anno
1371 2166 1413 2200 V.

518 2212 559 2251 ,1.
569 2213 762 2249 Cardinalis
790 2213 932 2247 Prodat.

373 2255 452 2295 llisa
494 2258 533 2292 dc
565 2260 666 2294 curia
705 2261 965 2308 P.c1·ampinus
994 2278 1030 2301 =
1071 2265 1125 2298 Μ.
1157 2261 1317 2297 Dua-atius
1345 2274 1384 2298 =
1414 2263 1602 2310 Registrata
1635 2261 1669 2298 n‘n
1701 2263 1820 2296 Secre-

417 2307 506 2345 zart'a
521 2308 734 2347 Βνενίηη-
762 2315 805 2345 P.
824 2311 1038 2358 ciampinus.
1701 2317 1703 2319 ’

1683 2599 1731 2637 N.
1745 2599 1814 2636 VI·
