1993 3195
635 328 673 370 C
708 330 747 369 Α
779 331 809 369 Ρ
839 331 880 370 U
909 329 948 369 T
1008 331 1093 372 IV.
1499 350 1522 378 2
1559 353 1580 394 9

234 389 286 430 Et
311 389 359 429 de
379 400 432 433 re,
450 385 637 439 undique
668 383 833 433 dubia,
829 387 981 428 etiarnsi
1011 401 1183 444 agatur,
1204 387 1334 431 litium
1353 354 1582 437 ἀεῐρηείωῖιῑ

118 446 231 490 haud
247 446 390 489 servire
409 461 565 489 certum
590 446 891 488 estcacoethem
931 446 1035 487 illam
1069 448 1308 489 cumulandi
1346 448 1579 495 innumeras

116 505 403 556 auctoritates,
438 507 504 550 vel
535 506 698 565 propria
732 538 744 556 ,
775 506 836 549 vel
869 504 997 547 aliena
1036 505 1158 548 lexica
1196 539 1208 556 ,
1244 507 1324 549 sive
1362 512 1580 564 repertoria

113 564 402 620 compilando;
435 583 558 616 nam,
586 579 633 608 ut
660 580 759 609 recte
788 568 848 607 De
865 567 967 608 Luca
1004 565 1046 607 in
1080 580 1198 623 opere
1232 566 1380 623 pluries
1415 568 1580 612 laudato

112 623 426 676 animadvertit,
460 627 694 669 Causarum
713 625 864 668 decisio
895 626 1083 684 pendeta
1119 626 1311 680 qualitate
1349 626 1581 670 conclusio-

109 683 175 725 nis
194 701 336 742 ,quae
358 686 398 727 in
417 686 596 728 medium
614 683 804 736 affertur,
831 699 869 728 et
889 701 910 726 a
928 686 1120 741 qualitate
1141 687 1427 729 auctoritatum
1447 716 1459 734 ,
1488 689 1579 742 qui-

110 742 187 785 bus
219 759 263 787 ea
298 745 507 798 firmatum
537 746 799 788 existentibus
824 745 939 788 enim
962 746 1255 789 recentioribus
1288 746 1579 791 Decisionibus

109 803 236 845 Rotae
253 835 268 853 ‚
304 820 325 848 a
345 806 512 862 quibus
520 805 717 855 abunde,
741 818 780 848 et
798 806 891 847 data
910 820 1041 872 opera
1047 837 1060 855 ,
1093 806 1302 848 conclusio
1330 806 1390 847 illa
1419 807 1575 849 firmata

108 861 244 903 forsan
275 863 349 914 sit,
382 865 530 923 etquia
550 879 631 916 „ut
667 865 787 908 moris
816 878 900 916 est,
919 865 960 906 in
996 865 1152 907 eisdem
1174 866 1396 933 allegantur
1427 881 1576 922 quam-

106 919 302 976 plurimae
323 926 619 974 auctoritates,
650 940 716 967 eas
734 897 996 968 transcribere
1024 925 1167 968 inutile
1183 926 1356 968 omnino
1378 940 1457 968 esse
1488 941 1576 969 cre-

107 978 269 1030 dimus,
296 1000 434 1040 quum
449 985 539 1030 illae
555 986 773 1028 commode
785 985 911 1029 videri
938 985 1092 1042 possint
1111 985 1153 1026 in
1172 985 1328 1026 eisdem
1340 983 1577 1027 Decisioni-

107 1038 214 1082 bus.
251 1042 284 1082 E
313 1043 422 1086 dicta
447 1035 774 1094 consuetudine,
786 1043 1081 1086 transcribendi
1113 1045 1325 1085 cumulum
1359 1043 1574 1086 auctorita-

104 1108 193 1140 tum
223 1102 365 1158 passim
385 1103 433 1146 in
453 1104 631 1160 qualibet
656 1104 895 1152 assertione,
915 1102 1022 1144 illud
1033 1100 1332 1169 praejudicium
1351 1103 1480 1144 oritur
1501 1131 1514 1150 ,
1529 1116 1574 1148 ut

103 1156 224 1200 fidem
255 1161 542 1206 Collectorum
561 1163 772 1228 sequendo
795 1191 808 1210 ,
841 1176 912 1205 aut
945 1162 1096 1219 proprii
1124 1162 1375 1217 Repertorii,
1415 1161 1575 1204 illarum

102 1230 196 1272 pars
213 1233 367 1274 magna
380 1233 488 1261 extra
519 1221 774 1286 propositum
806 1220 916 1269 sint·,
946 1234 985 1261 et
1005 1220 1161 1260 utinam
1180 1219 1402 1273 aliquando
1438 1222 1490 1261 ab
1507 1221 1576 1273 eis,

102 1287 302 1333 tanquam
332 1279 493 1337 penitus
512 1278 751 1329 contrariis,
784 1292 895 1340 arma
916 1276 1160 1320 defensionis
1180 1293 1263 1319 non
1299 1291 1472 1319 sumeret
1491 1279 1576 1321 Ad-

102 1337 329 1400 yersarius,
360 1339 476 1394 quod
502 1338 694 1381 facillime
707 1338 877 1381 evenire
887 1350 1014 1394 potest
1032 1365 1044 1383 ,
1077 1353 1126 1380 ex
1159 1352 1208 1378 eo
1236 1336 1335 1392 quia
1373 1339 1572 1382 Doctores

101 1391 218 1447 juxta
246 1411 449 1439 recentem
475 1412 522 1440 sti
514 1398 611 1438 lum
639 1411 827 1455 persaepe
845 1396 1100 1452 loquuntur'
1091 1412 1133 1437 in
1165 1394 1292 1437 forma
1315 1397 1533 1439 dubitandi
1555 1427 1569 1446 ‚

101 1453 204 1495 itaut
236 1456 392 1500 exinde
422 1456 681 1499 contrarium
699 1456 978 1505 concludant3
1011 1466 1237 1511 eapropter
1265 1470 1369 1518 opus
1402 1469 1458 1496 est
1486 1485 1500 1504 ‚
1525 1469 1572 1499 ut

99 1513 348 1573 priusquam
365 1516 626 1559 auctoritates
644 1515 997 1562 transcribantur
1024 1513 1107 1554 illae
1123 1521 1281 1554 summo
1300 1510 1453 1565 judicio
1472 1528 1573 1581 pon-

99 1567 300 1617 derentur
315 1604 338 1625 ,
362 1588 401 1618 et
419 1577 613 1618 accurate
638 1576 688 1617 in
702 1575 934 1616 Auctorum
961 1573 1069 1615 libris
1101 1586 1473 1631 recognoscantur·
1462 1605 1475 1622 ,
1514 1574 1578 1617 ita*

97 1632 207 1675 enim
229 1634 260 1676 si
279 1649 450 1692 agatur,
478 1634 601 1680 facile-
612 1635 838 1695 experietur
856 1634 1031 1690 quisque
1053 1661 1067 1679 ‚
1100 1648 1181 1675 nec
1193 1631 1358 1674 decem
1349 1646 1457 1676 inter
1473 1648 1583 1675 cen-²⁷

96 1702 185 1735 tum
203 1696 460 1739 auctoritates
479 1696 532 1737 ad
549 1693 725 1737 Causae
735 1694 1080 1752 opportunitatem
1099 1707 1214 1749 aptas
1229 1707 1345 1734 esse.

77 1765 79 1767 ·
215 1753 491 1798 Transeamus
509 1755 632 1797 modo
658 1755 711 1796 ad
733 1753 1071 1797 consuetudinem
1091 1753 1226 1802 illam,
1261 1766 1341 1807 qua
1363 1749 1566 1792 delectan-

95 1820 163 1852 tur
182 1811 333 1865 aliqui,
359 1815 546 1868 quamvis
577 1815 699 1869 pauci
741 1815 782 1855 in
805 1817 996 1856 Romana
1007 1813 1138 1854 Curia
1158 1811 1382 1868 allegandi,
1405 1824 1577 1865 nempe,

94 1868 140 1911 in
167 1871 412 1927 Scripturis
401 1885 578 1928 tntegros
596 1885 733 1913 versus
750 1874 962 1912 Poetarum
982 1899 995 1915 ‚
1014 1871 1231 1912 sententias
1249 1867 1577 1925 Theologorum„

94 1942 136 1972 et
152 1930 225 1972 alia
253 1930 479 1987 ejusmodi·
469 1964 481 1981 ‚
513 1944 551 1972 et
571 1929 674 1972 hac
665 1944 706 1970 1n
743 1944 783 1970 re
803 1929 1117 1970 discriminatim
1140 1928 1444 1986 procedendum
1478 1942 1565 1979 est,

94 2001 133 2031 et
158 1989 189 2031 si
209 2004 366 2031 causae
387 1990 597 2033 necessitas
618 1989 670 2031 ita
688 1988 852 2046 exigat,
882 1988 1064 2043 illiusque
1090 1987 1251 2030 decisio
1269 1987 1441 2043 pendeat
1460 2002 1482 2028 a
1502 2003 1566 2030 re·-

95 2046 175 2090 bus
216 2049 477 2106 tangentibus
511 2049 637 2091 dictas
671 2049 911 2096 facultates,
943 2047 1087 2090 similes
1128 2047 1384 2104 allegationes
1415 2045 1563 2097 facere,

95 2104 372 2152 frustraneum
402 2108 580 2167 profecto
601 2124 685 2151 non
704 2109 815 2157 erit;
840 2121 877 2150 et
911 2108 942 2149 si
977 2108 1029 2149 ad
1058 2121 1250 2149 ornatum
1277 2107 1564 2149 tantummodo

97 2166 198 2211 fiant
214 2200 240 2220 ,.
266 2184 384 2212 nemo
399 2184 521 2211 sanae
539 2168 681 2210 mentis
700 2168 741 2208 id
758 2168 865 2208 recte
883 2166 967 2206 fieri
993 2166 1237 2221 existimabit
1256 2194 1269 2212 2
1302 2166 1403 2207 dum
1435 2165 1563 2233 proli·

97 2227 248 2271 xiorern
277 2230 526 2286 Scripturam
554 2227 760 2270 reddunt
793 2239 831 2267 et
849 2224 1101 2267 defensionis
1126 2239 1420 2280 argumentum
1438 2225 1566 2268 intera

99 2301 326 2343 rumpunt3·
350 2304 423 2331 nec
442 2287 614 2330 omnino
633 2286 783 2329 relevat
794 2299 960 2327 asserere
981 2316 994 2334 ,
1027 2285 1079 2326 ad
1102 2285 1266 2332 ludices
1279 2284 1564 2328 delectandum

101 2345 143 2387 id
183 2345 310 2391 facere
349 2350 551 2405 quosdam
583 2344 867 2393 consuevisse,
904 2358 998 2386 nam
1033 2345 1075 2386 in
1112 2344 1262 2386 Causis
1299 2345 1563 2386 defendendis

100 2420 185 2448 non
205 2407 417 2462 delectare,
448 2410 520 2453 sed
537 2409 704 2452 Causae
722 2403 904 2462 prodesse
923 2434 947 2454 ,
972 2405 1234 2460 animumque
1250 2403 1407 2458 Judicis
1425 2416 1571 2446 move-

100 2481 141 2509 re
170 2469 389 2512 debemus.

221 2529 334 2572 Nihil
361 2529 425 2571 hic
445 2529 615 2572 dicimus
645 2526 692 2568 de
726 2522 1009 2570 contumeliis,
1042 2524 1121 2566 si've
1153 2520 1377 2572 conviciis,
1408 2520 1571 2578 quibus-

101 2587 326 2644 aliquando
352 2587 395 2629 in
428 2588 639 2646 scripturis
665 2584 905 2628 Defensores
944 2582 1135 2627 contrarii
1166 2582 1434 2632 afficiuntur,
1469 2594 1563 2621 narn

1431 2653 1565 2682 unus-2
