1952 3167
388 381 432 416 88
758 374 819 408 DF
849 372 961 416 JURE
990 370 1270 408 SIGNATURAE
1297 369 1509 411 JUSTITIAE

390 429 432 464 rit
455 425 564 461 eidem
597 423 652 458 SS.
671 421 717 458 D‘.
743 423 790 456 N.
818 422 978 458 Sanctitas
1006 423 1069 456 Sua
1085 421 1224 466 benigne
1251 422 1392 460 annuit,
1425 423 1542 455 eadem
1570 419 1793 466 approbavit,
1824 427 1874 455 ac*

391 487 456 524 que
488 472 636 517 Imprimi
653 496 664 511 ,
695 469 860 515 publicari
879 496 889 512 ‚
924 481 956 505 et
973 470 1112 504 omnino
1130 467 1253 504 servari
1281 469 1476 503 mandavit.

487 523 619 567 ¹Nerius
651 520 834 555 cardinalis
864 521 1036 554 Carsium.

730 572 777 604 Jo.
792 569 940 615 Baptista
971 566 1198 600 Constantinus
1221 562 1380 597 Archivii
1409 568 1561 605 Romana·
1590 565 1693 599 curiae
1709 566 1879 613 Scriptor.

1008 664 1070 709 N.
1110 664 1272 722 ΧΧΧῙ.

501 764 773 816 Constitutio
801 757 1024 810 Benedicti
1041 760 1163 807 XIV.
1192 756 1245 806 de
1280 756 1693 828 Appellationibus,
1722 769 1768 810 et

602 831 929 884 Inhibitionibus
968 830 1261 881 concedendis
1282 864 1296 887 ,
1332 831 1405 881 vel
1436 831 1670 897 negandis.

395 913 507 996 Ad
532 957 704 991 militantis
723 955 880 990 Ecclesiae
905 954 1055 1000 regimen
1083 962 1149 989 etc.

494 1054 695 1087 Inhaerentes
723 1049 1019 1097 itaque-Decretis
1048 1050 1198 1088 ejusdem
1230 1050 1317 1084 Sacri
1349 1048 1502 1084 Concilii
1524 1073 1534 1088 ,
1569 1060 1695 1083 necnon
1725 1049 1878 1094 Congre-

396 1100 538 1147 gationis
570 1101 840 1145 Episcoporum,
870 1109 901 1133 et
922 1098 1142 1144 Regni-arium
1162 1123 1171 1135 ,
1198 1101 1289 1139 iussu
1307 1123 1318 1139 ,
1346 1109 1379 1133 et
1413 1098 1654 1143 ‚approbatione
1683 1108 1751 1132 rec.
1775 1109 1878 1133 mem.

396 1149 585 1185 Cleme'ntis
603 1149 666 1183 1³1³.
677 1149 776 1183 VIII.
792 1148 1046 1189 Praedecessoris
1062 1147 1177 1181 Nostri
1194 1147 1271 1181 alias
1290 1147 1389 1182 editis
1405 1146 1457 1180 die
1474 1158 1547 1181 xvi.
1562 1147 1723 1181 Octobris
1740 1147 1875 1187 MDC.;

393 1199 550 1243 Itemque
578 1197 647 1232 aliis
676 1196 960 1243 Congregationis
995 1197 1202 1240 particularis
1221 1219 1231 1235 ,
1260 1198 1351 1234 jussu
1381 1196 1505 1240 pariter
1536 1219 1548 1235 ,
1578 1205 1609 1230 et
1637 1196 1878 1240 approbatione

394 1247 450 1282 fel.
468 1259 534 1281 rec.
551 1245 673 1281 Urbani
704 1246 768 1279 ΡΙ).
790 1246 886 1279 VIII.
912 1244 1069 1279 similiter
1103 1245 1363 1279 Praedecessoris
1391 1243 1532 1283 Nostri,
1565 1243 1789 1290 promulgatis
1821 1242 1877 1278 die

394 1310 423 1331 v.
439 1295 644 1340 Septembris
664 1294 898 1328 MDCXXVI.
920 1318 930 1332 ,
963 1304 1147 1338 eorumque
1177 1292 1458 1328 declarationibus
1490 1304 1596 1336 nuper
1613 1293 1836 1336 superadditis
1859 1303 1878 1326 a

394 1344 456 1389 pix
485 1343 786 1378 mem-Benedicto
815 1342 911 1376 XIII.
938 1343 1036 1376 etiam
1071 1342 1318 1376 Praedecessore
1348 1342 1476 1376 Nostro
1504 1341 1537 1375 in
1557 1341 1754 1386 Appendice
1786 1341 1878 1376 Con-

394 1392 466 1427 cilii
501 1391 670 1432 Romani,
701 1391 839 1436 aliisque
855 1390 1062 1435 Apostolicis
1095 1389 1408 1424 Constitutionibus
1427 1414 1437 1429 ,
1464 1391 1524 1425 hac
1540 1393 1580 1424 de
1607 1400 1641 1424 re
1668 1389 1745 1425 alias
1763 1389 1874 1429 editis,

394 1451 429 1475 et
456 1441 646 1480 innovatis,
673 1450 705 1474 et
720 1441 900 1485 praesertim
932 1438 1181 1474 constitutioni
1205 1440 1266 1483 piae
1282 1450 1382 1473 mem.
1412 1438 1663 1483 GregoriiXV.
1680 1461 1690 1477 ‚
1722 1449 1796 1483 quae
1823 1438 1875 1471 in-

394 1489 479 1532 cipit
506 1488 741 1525 Inscrutabili‚
773 1489 834 1521 sub
862 1488 988 1521 Datum
1025 1489 1142 1521 Romae
1180 1488 1267 1531 apud
1298 1489 1451 1521 Sanctum
1487 1488 1621 1520 Petrum
1654 1497 1739 1519 anno
1765 1486 1875 1520 Incar-

395 1537 535 1571 nationis
567 1535 755 1573 Dominicae
779 1534 996 1568 MDCXXII.
1023 1535 1118 1568 nonis
1141 1534 1340 1568 Februarii:
1378 1533 1542 1568 Districte
1572 1534 1808 1579 praecipimus,
1841 1542 1874 1568 et

368 1615 370 1617 .
395 1586 588 1619 mandamus
609 1609 618 1623 ,
647 1596 687 1617 ne
713 1582 868 1626 deinceps
899 1584 938 1616 ab
965 1582 1190 1627 exequutione
1205 1583 1428 1617 Decretorurn
1452 1582 1618 1616 dictiSac.
1639 1582 1786 1616 Concilii
1803 1582 1876 1616 Tri-

392 1632 520 1667 dentini
550 1633 580 1666 in
595 1631 752 1665 omnibus
782 1629 843 1664 illis
862 1630 991 1669 causis,
1018 1641 1051 1664 et
1080 1631 1253 1676 negociis,
1283 1632 1313 1664 in
1345 1631 1465 1674 quibus
1501 1630 1685 1674 exequutio
1705 1632 1879 1669 hujusmo-

394 1681 425 1715 di
455 1679 626 1725 Episcopis
646 1703 656 1718 ,
688 1688 719 1714 et
735 1679 900 1713 Locorum
931 1678 1144 1717 Ordinariis,
1172 1679 1270 1711 etiarn
1298 1677 1347 1711 uti
1374 1677 1467 1711 Sedis
1499 1677 1705 1722 Apostolicae
1731 1680 1875 1725 Delega-

335 1755 338 1756 γ
393 1729 433 1764 tis
450 1754 460 1768 ‚
501 1731 539 1763 ab
559 1729 677 1766 eodem
695 1729 807 1762 Sacro
825 1726 984 1761 Concilio
1000 1751 1010 1766 ‚
1042 1726 1095 1761 vel
1113 1726 1211 1760 dictis
1230 1724 1434 1770 Apostolicis
1465 1726 1795 1767 Constitutionibus,
1820 1740 1877 1772 ap-

393 1777 597 1824 pellatione,
629 1776 681 1810 vel
709 1775 909 1810 inhibitione
930 1787 1146 1820 quacumque
1161 1775 1342 1818 postposita
1358 1798 1367 1812 ,
1396 1774 1576 1810 commissa
1593 1785 1663 1816 est,
1693 1775 1874 1821 appellatio

327 1856 335 1864 ,
390 1825 501 1872 aliqua
534 1825 567 1860 in
593 1825 830 1860 Tribunalibus
858 1823 1023 1869 praedictis
1053 1824 1237 1869 recipiatur
1263 1848 1274 1863 ‚
1306 1822 1358 1857 vel
1387 1823 1604 1858 Inhibitiones
1636 1849 1646 1864 ,
1685 1824 1873 1860 Citationes

390 1874 559 1921 generales
576 1899 586 1914 ‚
613 1873 667 1908 vel
685 1873 845 1919 speciales
873 1885 947 1907 cum
977 1872 1228 1907 Commissione
1264 1872 1384 1907 inserta
1400 1897 1409 1912 ‚
1432 1874 1617 1907 Monitoria
1633 1898 1643 1913 ‚
1671 1885 1703 1908 et
1731 1873 1794 1908 alia
1811 1875 1875 1908 hu-

386 1924 538 1964 iusmodi
557 1947 567 1963 ‚
598 1934 658 1968 per
677 1934 749 1968 quae
764 1922 929 1956 dictorum
950 1923 1174 1957 Decretorum
1195 1920 1378 1966 exequutio
1413 1925 1603 1957 retardetur
1623 1947 1633 1963 ,
1663 1934 1719 1958 aut
1734 1924 1875 1957 Proces-

391 1985 445 2008 sus
471 1974 511 2007 ad
538 1971 698 2007 ulteriora
715 1972 745 2006 in
773 1972 888 2005 eadem
907 1970 1134 2017 exequutione
1160 1972 1411 2016 suspendatur,
1438 1981 1494 2006 aut
1531 1971 1733 2017 impediatur
1753 1997 1763 2012 ‚
1790 1982 1872 2017 quo-

391 2033 459 2067 quo
488 2023 587 2056 modo
608 2022 855 2056 concedantur.

479 2070 602 2115 'Itaque
628 2082 646 2103 a
673 2069 944 2115 quibuscumque
974 2069 1136 2104 Mandatis
1155 2093 1164 2109 ‚
1197 2068 1507 2114 prohibitionibus,
1533 2069 1804 2115 provisionibuS,
1834 2075 1868 2101 et

390 2118 520 2153 statutis
547 2128 613 2153 tam
643 2118 672 2152 in
704 2117 904 2153 visitatione
920 2143 930 2158 ‚
962 2131 1060 2164 quam
1078 2126 1168 2153 extra
1192 2130 1254 2162 pro
1275 2118 1401 2153 Divino
1426 2119 1534 2152 Cultu
1553 2119 1808 2162 conservando„
1835 2123 1868 2149 et

387 2167 543 2211 augendo
561 2190 570 2205 ‚
605 2175 638 2200 et
651 2167 831 2211 praesertim
860 2167 950 2201 circa
979 2179 1039 2205 ea,
1069 2166 1142 2209 quae
1158 2167 1363 2199 observanda
1389 2188 1400 2203 ‚
1427 2174 1461 2198 et
1483 2167 1636 2199 evitanda
1655 2174 1732 2199 sunt
1760 2163 1790 2197 in
1812 2175 1867 2198 ce·

386 2213 570 2247 lebratione
607 2215 743 2251 Missae,
770 2222 828 2247 aut
857 2213 923 2246 alio
944 2214 1063 2256 quovis
1093 2214 1192 2245 modo
1221 2211 1404 2254 respiciunt
1433 2212 1695 2256 exequutionem
1725 2211 1865 2247 Decreti

388 2261 462 2294 Sac.
478 2259 627 2294 Concilii
658 2271 733 2294 sess.
755 2271 810 2293 21.
830 2261 868 2294 de
883 2259 990 2302 Refor.
1010 2267 1081 2308 cap.
1100 2261 1132 2294 8.
1149 2284 1160 2299 ,
1188 2269 1220 2294 et
1231 2271 1307 2294 sess.
1325 2270 1381 2293 22.
1408 2260 1442 2293 in
1461 2265 1589 2294 Decret-
1607 2263 1644 2296 de
1658 2260 1784 2297 observ.
1797 2284 1807 2300 ,
1836 2269 1867 2296 ec

388 2309 468 2342 evit.
502 2309 536 2342 in
552 2307 705 2342 celebrat.
723 2309 820 2342 Miss.

483 2357 568 2391 Item
596 2369 613 2391 a
642 2355 797 2391 Decretis
823 2357 1019 2402 cogentibus
1047 2356 1200 2391 Clericos
1225 2365 1288 2392 tam
1320 2355 1490 2393 Seculares
1511 2382 1522 2398 ‚
1551 2371 1650 2404 quam
1682 2358 1860 2406 Regulares

387 2405 486 2440 etiam
501 2405 685 2440 Monachos
701 2428 712 2444 ‚
740 2413 773 2439 et
802 2414 976 2450 exemptos
1010 2406 1048 2439 ad
1069 2403 1218 2450 publicas
1237 2406 1467 2442 processiones
1483 2431 1493 2446 ‚
1524 2417 1654 2443 servata
1669 2418 1778 2443 tamen
1796 2409 1863 2443 for·

385 2466 436 2489 ma
450 2454 715 2488 Constitutionis
736 2466 804 2489 san.
820 2465 919 2489 mem:
938 2453 988 2487 Pii
1007 2454 1074 2494 V.,
1093 2465 1166 2500 quae
1194 2454 1312 2499 incipit
1339 2459 1379 2487 Et
1409 2457 1440 2490 si
1463 2457 1718 2492 mendicantium
1734 2470 1744 2498 ;
1762 2461 1861 2502 prout

385 2502 481 2536 etiam
503 2514 520 2537 a
536 2503 696 2537 Decretis
714 2526 724 2542 ,
749 2510 785 2537 et
799 2501 1051 2548 provisionibus
1078 2514 1179 2548 super
1198 2504 1421 2547 praecedentia
1451 2504 1537 2539 inter
1562 2505 1723 2541 Personas
1752 2503 1862 2540 Eccle-

384 2549 527 2584 siasticas
548 2559 611 2586 tam
633 2551 805 2587 Seculares
820 2575 831 2592 ,
858 2563 958 2596 quarn
976 2550 1156 2597 Regulares
1173 2551 1205 2587 in
1220 2548 1356 2590 'eisdem
1389 2553 1666 2589 processionibus
1679 2579 1689 2594 ‚
1705 2555 1759 2590 vel
1774 2563 1863 2587 asso-

383 2597 522 2634 ciatione
553 2600 804 2640 Defunctorum
830 2625 842 2641 ‚
872 2599 1039 2637 delatione
1066 2599 1226 2638 Umbeliae
1249 2626 1259 2643 ,
1288 2612 1320 2639 et
1354 2602 1578 2643 hujusmodi:
1611 2615 1736 2638 necnon
1764 2612 1863 2645 super

1751 2652 1866 2685 obser-
