1993 3195
575 339 614 382 C
648 340 685 381 A
720 342 748 381 Ρ
779 340 819 381 U
851 340 889 382 T
951 342 1007 384 11.
1478 359 1552 389 121

84 404 320 457 neutiquam
349 398 500 439 licitum
533 397 582 439 sit
609 398 738 441 eidem
757 400 949 442 Auditori
983 399 1225 458 hujusmodi
1259 400 1470 446 instantias
1502 407 1555 448 ad

80 463 238 520 plenam
254 460 509 516 Signaturam
540 457 733 499 remittere
760 473 832 516 pro
856 461 1101 502 resolutione
1137 489 1150 506 ‚
1186 461 1255 502 sed
1285 476 1358 517 pro
1384 477 1464 503 suo
1495 464 1553 516 ju.

81 519 189 562 dicio
225 519 431 560 decretum
457 516 627 558 omnino
653 518 767 559 edere
798 531 988 569 tenetur;
1028 519 1131 561 itaut
1157 518 1188 559 si
1212 521 1346 560 Partes
1377 536 1463 562 non
1484 523 1555 563 ad-

80 579 320 635 quiescant,
349 575 411 619 vel
440 590 656 618 recursum
691 578 873 619 habeant
905 579 957 618 ad
1001 576 1378 618 Eminentissimum
1408 581 1557 623 Praefe-

79 649 299 686 ctummet,
335 635 394 676 ille
423 650 461 677 se
490 635 707 677 abstinebit
725 635 845 677 etiam
877 651 898 676 a
927 636 1101 695 simplici
1136 635 1365 678 remissione
1407 638 1553 680 instan-

79 696 156 739 tiae
193 695 245 737 ad
262 697 419 753 plenam
446 696 732 751 Signaturam3
763 708 800 736 et
835 709 1016 740 servatur
1052 709 1172 738 omne
1198 695 1239 736 id
1264 697 1379 752 quod
1420 712 1552 740 recen-

81 754 238 797 suimus
272 755 312 795 in
344 754 470 811 priori
495 753 659 810 hujusce
686 751 827 810 capitis
846 768 960 810 parte
984 787 992 796 .

197 813 315 869 Quae
337 828 510 869 namque
540 813 621 854 sint
648 812 889 862 instantiae,
924 814 1163 871 emergentia
1184 845 1196 863 ,
1224 815 1304 857 sive
1325 815 1546 859 incidentia

80 871 241 915 Causae
271 872 555 930 respicientes,
594 885 850 913 recensentur
885 874 926 914 in
960 874 1084 931 capite
1104 886 1183 915 χΙΙ.
1221 875 1459 917 novissimae
1492 889 1545 916 re-

78 931 331 974 formationis
346 963 359 980 ,
391 944 675 974 attentatorum
692 946 832 988 nempe
855 960 867 978 ,
887 933 1151 986 pertinentiae
1183 931 1415 976 Causarum
1434 965 1445 982 ‚
1482 932 1548 985 ju-

81 991 320 1033 risdictionis
341 991 625 1047 competentiae
638 1022 650 1039 ,
664 990 947 1034 declinatoriae
966 992 1068 1041 fori,
1082 992 1329 1034 avocationis
1347 1023 1357 1040 ,
1371 1007 1408 1034 et
1425 993 1548 1034 unio-

81 1049 144 1092 nis
173 1049 434 1097 Causarum,
460 1049 699 1090 remissionis
728 1051 963 1091 earumdem
997 1051 1046 1092 ad
1070 1063 1200 1106 partes
1220 1081 1233 1098 ,
1267 1050 1453 1102 judicum
1482 1067 1545 1093 re-

80 1109 324 1155 cusationis,
356 1109 594 1150 remissionis
620 1107 671 1148 ad
708 1107 895 1149 eumdem
922 1109 1104 1156 Judicem
1129 1140 1141 1157 ,
1182 1110 1253 1163 qui
1287 1111 1431 1151 iterum
1467 1126 1543 1153 au-

80 1169 192 1210 diat,
219 1166 499 1205 declarationis
530 1168 763 1206 Causarum
783 1195 795 1209 ‚
827 1183 928 1207 num
957 1168 1140 1209 videlicet
1169 1169 1421 1209 recurribiles
1450 1169 1545 1218 sint,

69 1224 139 1268 vel
164 1222 409 1279 appellabiles
426 1253 439 1271 ‚
458 1222 614 1263 Rotales
629 1253 640 1269 ,
668 1223 751 1262 sive
772 1224 1016 1265 Praelatitiae
1038 1254 1050 1271 ‚
1075 1225 1457 1266 communicationis
1491 1227 1550 1267 fa-

79 1283 271 1325 cultatum
300 1281 392 1322 AG.
412 1313 424 1330 ‚
455 1280 743 1322 moderationis
763 1314 774 1330 ‚
822 1282 901 1323 sive
935 1282 1256 1338 reintegrationis
1306 1284 1543 1332 monitorii,

80 1356 152 1384 seu
179 1339 432 1382 inhibitionis
460 1370 472 1386 ,
493 1339 884 1396 circumscriptionis
915 1355 1098 1383 actorum
1132 1373 1145 1390 ,
1181 1354 1218 1382 et
1252 1343 1548 1399 possessionum

81 1415 129 1442 ex
153 1400 283 1455 capite
304 1399 495 1441 nullitatis
519 1430 530 1447 ‚
562 1399 836 1455 provenientis
863 1414 912 1442 ex
933 1401 1009 1442 alio
1028 1400 1144 1441 titulo
1165 1431 1177 1448 ,
1213 1416 1336 1456 quam
1355 1417 1403 1442 ex
1432 1402 1548 1442 nulli-

46 1510 51 1512 ῃ
81 1472 158 1503 tate
192 1459 314 1516 ipsius
340 1457 825 1513 sententiae,0mnesque
860 1460 957 1500 aliae
993 1458 1206 1499 instantiae
1246 1459 1392 1500 similes
1425 1474 1547 1513 super

82 1532 344 1573 quocumque
374 1516 601 1567 incidenti,
638 1530 676 1558 et
695 1518 908 1573 emergenti
927 1549 938 1567 ‚
974 1532 1078 1574 quae
1101 1517 1309 1573 negotium
1329 1519 1547 1576 principale

85 1592 171 1620 non
204 1587 383 1634 tangunt
404 1608 414 1618 .
470 1585 473 1587 '

201 1637 250 1679 Et
268 1652 316 1679 ex
335 1653 382 1679 eo
399 1638 494 1695 quia
527 1638 747 1697 saepissime
768 1640 966 1698 contingit
986 1672 998 1690 ,
1021 1641 1124 1682 Reos
1143 1672 1156 1691 ,
1172 1640 1304 1700 plures
1335 1655 1422 1683 uno
1439 1671 1452 1688 ,
1486 1655 1552 1683 eo-

83 1697 253 1755 demque
289 1711 465 1757 tempore
498 1701 641 1755 exequi
660 1700 787 1741 facere
817 1701 1024 1743 citationes
1054 1716 1194 1743 coram
1234 1700 1398 1743 diversis
1432 1699 1563 1751 Judi-,

83 1757 197 1800 cibus
210 1786 223 1805 ‚
239 1771 285 1800 ut
303 1759 452 1801 Actore
469 1760 521 1800 ad
539 1760 652 1816 plura
670 1758 910 1801 Tribunalia
928 1774 1074 1804 vocato
1092 1789 1104 1807 ‚
1124 1775 1163 1803 et
1184 1760 1373 1801 distracto
1387 1789 1399 1806 ‚
1430 1759 1555 1800 adeo-

83 1831 162 1871 que
194 1831 278 1858 non
313 1819 468 1858 valente
507 1819 560 1857 ad
588 1818 724 1858 omnia
760 1833 962 1860 recurrere
983 1851 996 1868 ‚
1036 1819 1195 1861 facilius
1230 1818 1384 1874 possint
1416 1831 1555 1859 coram

84 1889 173 1915 uno
196 1873 365 1925 Judice,
381 1888 518 1915 coram
544 1887 629 1927 quo
650 1876 776 1914 Actor
811 1890 896 1914 non
926 1878 1199 1931 comparuerit
1215 1907 1226 1924 ,
1257 1876 1552 1918 contumaciale

83 1932 264 1972 obtinere
293 1932 526 1980 decretum,
572 1930 691 1972 etsie
730 1933 807 1972 sub
856 1947 1066 1988 praetextu
1101 1947 1393 1976 attentatorum
1429 1935 1557 1976 innu-

80 2003 208 2031 meras
228 1989 269 2026 in
290 1989 588 2043 praejudicium
616 1989 795 2034 justitiae
821 1993 1072 2046 quaestiones
1089 1994 1259 2034 excitare
1279 2021 1291 2037 ‚
1322 2007 1360 2034 et
1376 2005 1558 2049 optatam

83 2047 320 2090 dilationem
337 2047 547 2097 obtinere;
579 2061 788 2104 eapropter
818 2051 870 2090 ad
905 2051 1122 2093 arcendam
1156 2052 1399 2092 industriam
1422 2053 1559 2099 hanc,

85 2121 182 2162 quae
206 2107 299 2148 dolo
328 2121 412 2147 non
438 2120 543 2148 caret
568 2138 580 2155 ‚
614 2106 654 2145 in
674 2121 881 2161 posterum
915 2110 976 2149 illa
1010 2111 1092 2152 sola
1123 2111 1259 2152 citatio
1293 2124 1340 2152 ex
1373 2111 1559 2168 pluribus

85 2168 226 2208 eodem
254 2180 427 2222 ternpore
452 2164 666 2221 exequutis
686 2165 837 2205 attendi
859 2166 1029 2213 debeat,
1048 2184 1146 2222 quae
1166 2170 1235 2211 fiat
1264 2184 1399 2211 coram
1418 2170 1557 2218 judice

87 2225 287 2282 superiore
307 2253 320 2272 ‚
353 2225 534 2267 videlicet
549 2225 580 2265 si
595 2238 731 2265 coram
764 2222 967 2266 Auditore
996 2227 1242 2282 Signaturae
1262 2259 1274 2276 ‚
1312 2230 1391 2273 sive
1424 2244 1560 2271 coram

91 2283 286 2325 Auditore
316 2284 541 2332 Pontificis;
571 2283 690 2326 verba
713 2284 802 2324 haec
822 2284 971 2340 quippe
1000 2300 1098 2328 sunt
1118 2286 1461 2343 Congregationis
1497 2303 1558 2328 re-

89 2340 339 2384 formationis
356 2342 643 2384 Tribunalium
665 2343 742 2383 sub
768 2342 976 2384 Clemente
996 2358 1076 2386 x11.
1103 2345 1164 2386 die
1183 2362 1223 2402 9.
1250 2349 1410 2404 augusti
1435 2358 1556 2399 ¹73¹·

209 2402 253 2440 ln
271 2402 417 2443 Causis
433 2401 712 2443 criminalibus
733 2432 744 2448 ‚
773 2403 943 2455 quando
964 2406 1094 2458 agitur
1106 2405 1153 2443 de
1174 2406 1403 2459 cognitione
1424 2404 1484 2445 illa
1501 2419 1554 2446 an

93 2458 309 2501 criminalis
333 2489 345 2506 ,
377 2461 437 2503 vel
455 2460 579 2503 civilis
611 2460 751 2500 Causa
768 2459 847 2504 sit,
881 2475 1018 2500 coram
1040 2462 1179 2501 eodem
1215 2462 1412 2503 Auditore
1443 2463 1486 2504 fit
1499 2463 1558 2504 ci-

92 2518 192 2560 tatio
208 2549 221 2566 ,
256 2532 275 2558 a
294 2533 375 2573 quo
397 2519 427 2560 si
447 2521 649 2561 decretum
669 2518 903 2559 obtineatur
925 2550 934 2567 ,
949 2519 1130 2560 Causam
1151 2519 1308 2562 civilem
1343 2537 1445 2569 esse,
1473 2521 1558 2563 talis

94 2576 355 2638 ab-omnibus
369 2577 578 2624 Judicibus
595 2592 651 2621 est
668 2578 876 2627 habenda,
900 2591 936 2620 et
956 2593 1149 2621 avocatur
1168 2595 1186 2620 a
1206 2579 1349 2632 Judice
1364 2581 1560 2623 crimina-

1050 2637 1090 2693 Q
1505 2641 1562 2690 li,
