1993 3195
232 356 564 400 ,animadvertere
585 357 649 400 hic
684 373 769 399 non
796 358 935 400 inutile
971 372 1057 408 est,
1089 357 1203 414 quod
1234 357 1455 414 aliquando
1488 315 1581 405 voit}

116 416 358 462 scinduntur
373 448 386 465 ,
420 417 483 458 alii
503 432 642 476 nempe
660 432 708 460 ex
725 417 970 460 Votantibus
986 449 999 467 ‚
1030 431 1126 474 puta
1151 417 1337 473 quinque
1367 433 1416 461 ex
1435 421 1584 464 duode-

115 476 194 519 cim
229 476 455 519 rescribunt
478 475 848 535 Sinepraejucllci03
875 489 949 519 tres
981 476 1025 518 Si
1052 476 1148 534 quid
1170 478 1458 533 exequendum,
1488 496 1583 534 qua-

118 548 210 578 tuor
238 535 592 591 deAppellatiorze3
622 549 721 579 tunc
753 536 849 580 solet
885 535 1047 592 procedi
1079 552 1172 579 cum
1208 537 1394 594 rescripto
1424 538 1471 579 Si
1495 538 1585 596 quid

114 594 379 652 exequendum
410 596 645 653 suspensivo
683 595 967 651 exequutionis
1010 594 1177 651 judicati
1210 624 1222 643 ‚
1257 611 1388 652 quum
1423 612 1462 638 re
1491 612 1584 641 vera

113 668 263 710 septem
289 653 472 697 dederint
487 668 579 699 vota
600 670 672 713 pro
688 653 968 697 commissione
990 654 1152 698 Causae
1176 655 1450 712 appellationis
1468 687 1479 705 ‚
1499 658 1585 699 licet

116 712 180 754 alii
196 713 447 770 simpliciter,
465 727 502 757 et
520 714 585 756 alii
603 730 695 757 cum
713 714 894 757 clausula
921 715 1154 772 suspensiva
1172 715 1247 765 ,Si
1270 715 1363 772 quid
1397 730 1583 774 exequen-

106 773 204 814 dum
222 802 234 820 ‚
252 788 345 814 nam
364 777 513 830 absque
532 774 660 817 dubio
680 774 731 815 illi
749 786 943 828 quatuor,
962 775 1035 828 qui
1051 787 1192 818 votum
1213 774 1414 817 dederunt
1431 791 1504 833 pro
1524 791 1586 833 ap-

113 831 323 889 pellatione
341 832 570 890 simpliciter
605 833 733 877 multo
765 832 889 891 magis
921 833 1171 877 inclinarunt
1204 849 1278 892 pro
1304 833 1475 891 simplici
1506 850 1587 877 sus-

112 891 327 948 pensione',
358 892 526 949 judicati
557 908 652 937 cum
685 892 791 936 dicta
835 892 1010 936 clausula
1041 923 1054 943 ‚
1089 893 1136 935 Si
1169 892 1262 950 quid
1293 894 1586 950 exequendum,

112 964 217 1005 quae
233 965 335 995 certe
365 952 493 994 multo
522 953 658 995 minus
689 952 968 1010 praejudicat,
999 967 1124 1008 quam
1158 953 1259 1003 alia,
1286 953 1414 995 Alteri
1443 954 1490 994 cle
1504 953 1585 1009 Ap-

107 1009 314 1065 pellatione
330 1041 344 1059 ,
376 1024 422 1053 ut
456 1012 633 1054 dicemus
651 1013 691 1053 in
713 1012 832 1067 capit.
853 1013 904 1054 de
929 1011 1092 1056 diversis
1110 1012 1350 1069 Signaturae
1373 1012 1587 1069 rescriptis,

113 1080 153 1118 et
169 1069 339 1111 adnotat
364 1070 482 1111 etiam
506 1070 779 1113 Constantinus
811 1071 884 1128 (ι)
905 1099 915 1110 .

231 1125 466 1165 Cardinalis
496 1131 595 1167 vero
626 1129 880 1174 Praefectus,
913 1127 986 1180 qui
1020 1127 1260 1181 Signaturae
1280 1127 1494 1184 praesidet,
1511 1144 1587 1186 po-

113 1193 189 1227 test
217 1196 337 1223 suum
368 1182 470 1223 ferre
503 1179 744 1239 suffragium
762 1181 805 1223 in
838 1195 1058 1223 causarum
1090 1184 1332 1225 resolutione
1351 1215 1364 1233 ,
1392 1198 1495 1226 eteo
1509 1204 1588 1230 ma-

112 1241 170 1300 gis
185 1241 216 1284 si
232 1255 326 1285 vota
353 1241 435 1284 sint
452 1241 565 1299 paria
584 1272 598 1290 ,
630 1241 683 1283 ad
701 1242 778 1283 hoc
799 1254 843 1284 ut
861 1241 1018 1283 oriatur
1046 1254 1192 1284 causae
1211 1242 1399 1286 resolutio
1415 1257 1509 1286 cum
1527 1246 1589 1288 sui

111 1300 607 1359 votipraeponderantia;
637 1313 678 1342 at
715 1301 757 1342 id
777 1302 868 1343 raro
903 1300 1036 1342 facere
1064 1299 1191 1348 solet,
1225 1301 1347 1344 immo
1377 1302 1514 1359 potius
1546 1305 1589 1346 in

113 1357 398 1418 suffragiorum
416 1360 583 1418 paritate
608 1359 800 1403 resolutio
819 1359 996 1403 defertur
1015 1360 1067 1402 ad
1092 1359 1210 1402 aliam
1226 1361 1482 1418 Signaturam
1497 1394 1511 1413 ,
1545 1375 1592 1405 ut

115 1433 225 1464 novo
258 1421 443 1463 examine
468 1435 612 1462 causae
635 1419 821 1463 instituto
837 1451 850 1470 ,
882 1435 942 1462 res
961 1419 1159 1462 maturius
1174 1420 1398 1463 exammari
1418 1450 1432 1468 ,
1464 1435 1502 1464 et
1530 1422 1591 1464 di·
1645 1443 1648 1448 ·

112 1476 286 1535 judicari
317 1479 448 1524 valeat
466 1511 476 1521 .
513 1479 749 1522 Cardinalis
765 1479 827 1522 De
845 1481 949 1522 Luca
967 1494 1130 1521 causam
1148 1479 1267 1522 etiam
1283 1479 1415 1522 reddit
1430 1510 1443 1530 ‚
1461 1496 1587 1537 quare

113 1536 341 1582 Praefectus
369 1556 390 1583 a
413 1537 603 1597 suffragio
631 1539 800 1581 ferendo
824 1555 863 1582 se
892 1538 1088 1581 abstinere
1119 1539 1246 1589 solet,
1278 1554 1327 1582 ex
1358 1553 1406 1580 eo
1426 1540 1592 1596 potissi-

111 1611 224 1640 mum
243 1627 256 1644 ,
288 1600 402 1655 quod
422 1599 479 1642 ille
505 1599 676 1641 omnino
705 1598 823 1654 sequi
843 1599 1004 1643 deberet
1024 1613 1169 1642 votum
1187 1598 1465 1642 praelatorum
1500 1598 1592 1641 Vo-

114 1658 287 1700 tantium
305 1690 318 1708 ,
352 1675 480 1716 quum
518 1675 601 1702 non
627 1659 676 1702 sit
693 1659 968 1702 consultivum
991 1688 1004 1706 ‚
1038 1671 1084 1700 ut
1115 1658 1157 1700 in
1176 1660 1392 1716 Signatura
1410 1656 1592 1710 Gratiae,

112 1715 182 1759 sed
208 1719 479 1769 arctativum3
513 1720 644 1769 itaut,
678 1735 810 1774 quum
846 1717 1036 1761 resolutio
1063 1717 1143 1774 jam
1177 1734 1251 1777 pro
1294 1717 1435 1776 majori
1476 1729 1588 1774 parte

112 1776 301 1819 conclusa
327 1778 405 1827 sit,
438 1779 537 1820 nihil
578 1779 697 1822 refert
717 1811 730 1828 ,
763 1794 815 1821 an
852 1778 932 1835 ipse
966 1777 1170 1821 diversum
1208 1779 1355 1821 habeat
1388 1790 1551 1818 sensum
1574 1807 1588 1826 ,

113 1847 234 1888 quem
255 1837 422 1889 proinde
443 1839 662 1890 prudenter
685 1838 881 1892 explicare
906 1851 989 1877 non
1025 1837 1124 1879 solet
1144 1867 1153 1876 .
1189 1836 1425 1877 Auctoritas
1456 1846 1589 1876 tamen

115 1890 301 1932 Praefecti
333 1891 604 1946 proculdubio
629 1906 785 1933 summa
813 1906 900 1941 est,
933 1908 1064 1947 quum
1097 1907 1236 1949 nempe
1272 1892 1510 1950 praecipiti,
1544 1908 1589 1935 ac

115 1948 323 1990 temerario
351 1947 510 2002 judicio
544 1949 663 1988 latam
684 1965 761 1989 esse
789 1951 1030 1990 sententIam
1062 1963 1278 2004 agnoscat,
1309 1962 1347 1990 et
1366 1951 1590 1992 demanda-

116 2021 155 2050 re
190 2005 287 2049 solet
315 2005 573 2048 resolutionis
609 2005 846 2047 dilationem
863 2006 915 2047 ad
943 2005 1112 2047 alterum
1131 2007 1371 2063 Signaturae
1402 2024 1591 2065 congre&

115 2081 205 2109 sum
222 2081 296 2124 pro
315 2064 526 2107 maturiori
557 2064 741 2107 examine
760 2096 773 2114 ,
809 2078 930 2121 prout
948 2063 1069 2107 etiam
1105 2066 1216 2124 apud
1233 2067 1438 2109 Romanos
1454 2068 1495 2108 in
1512 2084 1589 2111 usu

117 2125 218 2176 fuit,
235 2127 404 2183 quando
421 2124 540 2182 plena
560 2124 725 2167 Causae
743 2123 923 2180 cognitio
943 2124 1085 2166 deerat
1105 2154 1117 2172 ‚
1134 2138 1171 2169 et
1190 2140 1235 2167 ea
1261 2128 1497 2170 servabatur
1513 2128 1591 2170 for-

116 2185 225 2227 mula
242 2200 254 2227 2
287 2187 472 2229 Nondum
491 2184 608 2241 liquet
625 2214 639 2234 ,
674 2185 722 2226 de
741 2199 824 2241 qua
845 2182 1038 2225 Asconius
1069 2184 1144 2242 (2)
1178 2185 1337 2236 ,Gellius
1356 2186 1430 2244 (3)
1446 2218 1460 2238 ,
1476 2188 1590 2230 Senem

120 2259 162 2288 ca
179 2243 278 2302 (4),
311 2260 349 2288 et
367 2245 497 2287 Cicero
521 2245 561 2286 in
580 2243 754 2288 Cluentio
774 2256 969 2286 testantur
990 2273 1000 2284 .

236 2306 297 2348 De
331 2305 462 2347 forma
484 2303 765 2347 subscribendi
785 2302 970 2360 rescripta
989 2334 1003 2352 ,
1035 2301 1117 2347 sive
1138 2305 1510 2354 commissiones,in
1527 2318 1591 2346 eo·

122 2360 440 2409 demTribunali
460 2362 664 2422 expeditas
680 2396 693 2415 ,
725 2377 869 2423 operae
899 2362 1073 2421 pretium
1088 2376 1148 2407 est
1168 2393 1181 2413 ,
1206 2376 1254 2407 ut
1280 2365 1414 2420 aliqua
1433 2363 1498 2407 hic
1515 2363 1587 2404 ad-

838 2477 861 2485 *
908 2492 1060 2506 -..
1219 2437 1589 2509 -......-‘}?..

168 2521 222 2558 (1)
246 2523 301 2555 Ad
313 2524 423 2555 Statut.
440 2525 527 2557 Urbis
536 2525 652 2556 Annot.
666 2530 820 2563 52.art.1.
911 2524 966 2561 (2)
989 2526 1036 2554 De
1047 2524 1162 2555 Divin.

128 2574 202 2601 sect.
215 2578 244 2600 x.
260 2579 346 2601 num·
362 2578 392 2609 7.
410 2568 441 2600 8.
914 2569 967 2609 (3‘
996 2567 1064 2600 Lib.
1083 2577 1134 2606 ¹4·
1154 2574 1222 2612 cap.
1236 2575 1268 2599 2.
1292 2602 1296 2606 ,

916 2611 971 2652 (4)
993 2612 1092 2657 Epist.
1103 2613 1159 2647 66.
