1993 3195
584 329 622 370 C
658 329 694 370 A
729 332 756 371 Ρ
789 329 827 370 U
860 329 898 370 T
958 330 1005 370 ΙΙ.
1437 351 1452 375 1

185 387 472 430 Barbitonsores
496 386 609 428 Urbis
627 388 846 444 peculiaria
867 389 1016 430 habent
1032 399 1177 429 statuta
1199 417 1212 435 ‚
1229 401 1406 441 quorum
1424 347 1521 435 Eg?

69 461 182 492 cutor
210 459 265 488 est
298 445 649 488 Eminentissimus
666 447 856 489 Vicarius
874 479 886 496 ‚
903 445 1037 501 ejusve
1055 447 1314 503 Vicesgerens
1337 463 1349 496 ς
1369 462 1406 490 et
1424 465 1516 504 pro—

67 506 159 548 inde
178 506 220 547 in
241 505 379 547 Causa
397 507 570 548 Romana
606 507 837 549 Tonstrinae
867 507 967 548 inter
988 505 1280 548 Universitatem
1314 507 1519 550 Barbiton-

65 580 192 608 sorum
209 595 221 614 ‚
256 578 295 607 et
313 565 505 623 Angelum
525 566 665 622 Rojcmi
685 599 696 616 ‚
726 582 855 622 quum
878 567 998 623 petita
1034 565 1174 608 fuisset
1207 564 1520 624 circumscriptio

65 623 233 679 judicati
267 625 460 680 praedicti
500 625 792 683 Vicesgerentis
824 641 942 683 super
977 625 1164 668 cl‘ansura
1197 625 1444 675 Tonstrinae,
1478 627 1519 667 in

65 682 188 726 alium
207 685 343 726 locum
361 683 572 727 translatae
593 717 605 735 ,
638 686 851 741 Signatura
872 687 948 728 sub
969 685 1030 726 die
1052 683 1208 740 5.]ἰιηὶἰ
1237 685 1363 741 1788.
1384 685 1523 727 rescri-

64 742 163 801 psit:
193 743 305 786 Nihil
335 745 383 785 de
416 743 766 804 circumscriptione
785 777 796 795 ‚
832 745 872 787 ἱη
912 744 1064 802 reliquis
1093 746 1140 787 de
1168 744 1423 803 appellatione
1444 777 1457 795 ‚
1485 756 1522 786 et

62 803 248 860 amplius.

36 902 45 916 ‘v
181 864 447 905 Beneventana
468 862 625 908 Civitas
659 866 783 907 habet
799 863 1022 907 secundam
1038 862 1274 907 instantiam
1311 864 1352 905 in
1373 863 1522 906 Causis

40 920 349 979 ‘temporalibus
376 936 423 964 ex
454 924 659 981 privilegio
687 925 848 967 Urbani
884 937 981 968 v111.
1017 924 1258 967 confirmato
1289 939 1311 965 a
1339 922 1522 965 Clemen-

61 994 97 1024 te
115 996 195 1023 xn.
213 983 287 1037 (1)
311 1013 321 1022 .
355 981 568 1039 Excipitur
585 999 721 1032 casus,
736 984 778 1026 in
808 1000 891 1041 quo
908 983 1140 1040 proceditur
1160 984 1201 1025 in
1221 982 1348 1041 prima
1368 983 1524 1025 instan-

63 1040 118 1084 tia
135 1055 185 1082 ex
204 1040 451 1097 delegatione
472 1042 712 1099 Signaturae
727 1074 739 1091 ‚
771 1058 896 1101 prout
914 1042 1046 1086 evenit
1064 1042 1105 1082 in
1129 1043 1276 1086 Causa
1287 1045 1524 1084 Beneventa-

62 1115 112 1141 ιια
131 1099 416 1156 Appellationis
444 1114 508 1156 15.
527 1098 744 1145 decembris
775 1104 904 1160 1785.
924 1102 941 1150 ,’
972 1116 1077 1153 quae
1114 1103 1165 1145 ab
1188 1101 1386 1144 Auditore
1418 1100 1525 1141 dele-

61 1172 152 1214 gata
181 1158 315 1198 fuerat
345 1158 397 1197 ad
431 1159 604 1199 Curiam
639 1161 821 1202 laicalemv
845 1162 975 1202 dictae
990 1160 1179 1202 Civitatis
1206 1175 1300 1201 cum
1335 1159 1523 1201 facultate

60 1215 294 1274 purgandi,
321 1227 358 1256 et
387 1215 772 1267 circumscribendi3
807 1232 851 1259 ac
882 1218 924 1257 in
958 1217 1136 1257 secunda
1167 1217 1357 1258 instantia
1387 1230 1524 1259 exorta

63 1273 336 1330 disputatione
369 1289 487 1330 super
517 1277 760 1331 pertinentia
789 1292 840 1319 an
870 1276 920 1318 ad
937 1275 1126 1330 judicem
1151 1275 1352 1317 secundae
1371 1275 1526 1317 instan-

62 1333 140 1378 tiae
160 1331 338 1389 ejusdem
359 1332 576 1382 Civitatis,
602 1335 664 1379 vel
685 1337 737 1377 ad
771 1337 828 1378 A.
851 1335 904 1376 C.
919 1368 931 1385 ,
964 1350 1012 1376 ex
1047 1334 1233 1392 rescripto
1251 1332 1491 1390 signaturae
1513 1362 1526 1382 ,

62 1392 172 1435 nulla
195 1392 331 1435 habita
351 1392 504 1434 ratione
523 1394 716 1450 praedicti
739 1395 951 1452 privilegii,
969 1393 1047 1436 fuit
1066 1393 1220 1435 remissa
1237 1395 1289 1435 acl
1305 1395 1356 1435 A.
1371 1393 1412 1434 C.
1434 1409 1526 1449 quo—

61 1453 117 1494 ad
129 1465 264 1496 omnes
281 1483 298 1502 ,v
325 1466 362 1493 et
397 1451 525 1493 omnia
564 1467 650 1494 cum
664 1453 854 1509 facultate
887 1452 1250 1496 circumscribendi.
1279 1465 1315 1493 et
1347 1451 1526 1508 capiendi

62 1527 346 1570 quamcumque
352 1510 616 1568 provisionem
641 1543 657 1552 .,

177 1571 358 1614 Βοηοηὶα
386 1586 460 1612 sua
497 1587 667 1628 quoque
700 1574 822 1616 habet
852 1570 1087 1630 privilegia3
1122 1571 1299 1629 primum
1321 1584 1376 1614 est
1395 1569 1524 1621 illud,

65 1641 151 1682 quo
187 1629 322 1673 Curia
355 1631 613 1674 ecclesiastica
645 1633 826 1690 gaudet,
859 1631 1108 1686 jurisdictio,
1143 1646 1316 1688 nempe,
1349 1630 1529 1672 cumula-

61 1688 143 1732 tiva
161 1721 174 1740 ,
204 1691 377 1745 quando
394 1702 504 1732 actor
524 1691 573 1733 sit
591 1690 778 1734 Clericus
798 1721 811 1740 ,
845 1706 891 1734 ut
922 1703 1032 1748 patet
1061 1692 1082 1731 e
1104 1689 1218 1733 Brevi
1253 1689 1432 1745 Gregorii
1451 1702 1523 1732 xv.

31 1780 35 1784 .
63 1745 250 1791 Alterum
280 1765 329 1793 ex
355 1749 572 1808 prescripto
595 1751 915 1794 Constitutionis
946 1748 1151 1793 Benedicti
1172 1763 1259 1792 ΧΙν.
1297 1761 1352 1790 est
1370 1777 1388 1796 ‚.
1414 1747 1527 1803 quod

65 1805 110 1847 in
143 1807 295 1851 Causis
324 1809 544 1862 executivis
575 1810 907 1853 Bononiensibus
945 1808 1148 1867 prohibita
1187 1809 1235 1850 sit
1283 1806 1493 1863 appellatio
1513 1835 1524 1847 .

66 1865 201 1921 Quod
217 1865 379 1921 intelligi
396 1865 513 1906 debet
528 1893 542 1913 ,
574 1867 799 1909 dummodo
819 1882 904 1909 non
918 1869 1134 1923 appelletur
1150 1866 1202 1906 ad
1222 1865 1395 1906 Curiam
1410 1864 1528 1906 Prin-

66 1925 193 1980 cipis,
224 1940 329 1980 quae
350 1938 575 1978 numquam
593 1925 907 1981 compraehensa
931 1937 1138 1973 censetur,
1170 1921 1247 1965 nisi
1265 1924 1523 1980 exprimatur.

62 1984 114 2025 Et
143 1983 200 2023 ita
229 1981 388 2024 censuit
408 1982 765 2024 Eminentissirnus
802 1985 1030 2027 Praefectus
1065 1983 1107 2024 in
1137 1983 1276 2024 Causa
1308 1981 1523 2025 Bonotzz‘en.

61 2055 195 2084 mense
214 2039 392 2095 januarii
429 2040 554 2096 1787.
591 2041 876 2099 reintegrando
895 2041 1223 2101 Appellationem
1239 2056 1375 2084 coram
1405 2043 1461 2083 A.
1480 2044 1524 2086 C.

63 2101 114 2145 Et
145 2100 199 2144 ita
229 2100 416 2149 Judicato
436 2131 448 2150 ‚
478 2099 559 2140 lato
578 2098 620 2140 in
651 2103 833 2144 secunda
860 2101 1056 2145 instantia
1097 2102 1148 2144 ab
1165 2100 1365 2144 Auditore
1384 2100 1527 2145 Came-

63 2175 128 2204 rae
149 2157 466 2204 Eminentissimi
495 2157 658 2215 Legati,
691 2173 730 2203 et
755 2159 1060 2202 confirmatorio
1092 2160 1251 2203 alterius
1285 2160 1435 2218 primae
1469 2161 1526 2202 in·

64 2221 233 2264 stantiae
252 2232 404 2265 servata
422 2217 501 2260 fuit
519 2217 937 2277 appellatio,expedita
956 2233 1097 2262 coram.
1109 2218 1224 2261 A.C.
1244 2219 1286 2261 in
1301 2219 1442 2263 Causa
1455 2221 1527 2264 Bo-

67 2280 222 2322 nonien.
241 2278 467 2339 pecuniaria.
494 2289 562 2332 14.
585 2276 777 2332 februarii
802 2280 938 2336 1788..

186 2341 304 2398 Burgi
321 2338 513 2382 Notarius
528 2337 663 2380 scribit
681 2338 720 2380 in
744 2339 903 2381 Causis
933 2340 1038 2382 mere
1054 2338 1291 2389 laicalibus,
1325 2350 1527 2393 quatenus

66 2398 139 2440 Rei
166 2399 352 2444 conventi
383 2400 462 2443 sint
488 2395 646 2440 Incolae
673 2398 739 2442 vel.
773 2399 825 2440 ha
838 2397 1031 2441 bitatores
1056 2399 1185 2456 Burgi
1218 2398 1455 2448 dumtaxat3
1486 2409 1527 2440 et

89 2528 1511 2545 ———-—-—————

113 2585 166 2627 (1)
188 2588 306 2621 Bullar.
325 2588 416 2620 Rom.
437 2569 546 2620 novis.
562 2596 605 2620 to.
626 2598 676 2628 14·
703 2595 896 2632 nnn-231.
