<?xml version="1.0" encoding="UTF-8"?>
<!DOCTYPE html PUBLIC "-//W3C//DTD XHTML 1.0 Transitional//EN"
    "http://www.w3.org/TR/xhtml1/DTD/xhtml1-transitional.dtd">
<html xmlns="http://www.w3.org/1999/xhtml" xml:lang="en" lang="en">
 <head>
  <title>
</title>
<meta http-equiv="Content-Type" content="text/html;charset=utf-8" />
  <meta name='ocr-system' content='tesseract 3.04.00' />
  <meta name='ocr-capabilities' content='ocr_page ocr_carea ocr_par ocr_line ocrx_word'/>
</head>
<body>
  <div class='ocr_page' id='page_1' title='image "./dejuresignaturae00vita_0030.png"; bbox 0 0 2075 3167; ppageno 0'>
   <div class='ocr_carea' id='block_1_1' title="bbox 468 231 1647 288">
    <p class='ocr_par' dir='ltr' id='par_1_1' title="bbox 468 231 1647 288">
     <span class='ocr_line' id='line_1_1' title="bbox 468 231 1647 288; baseline -0.001 -9"><span class='ocrx_word' id='word_1_1' title='bbox 468 242 522 288; x_wconf 70' lang='lat'><em>16</em></span> <span class='ocrx_word' id='word_1_2' title='bbox 758 236 835 279; x_wconf 88' lang='lat' dir='ltr'><em>DE</em></span> <span class='ocrx_word' id='word_1_3' title='bbox 860 234 994 286; x_wconf 76' lang='lat' dir='ltr'>JURE</span> <span class='ocrx_word' id='word_1_4' title='bbox 1022 231 1366 281; x_wconf 76' lang='lat' dir='ltr'>SIGNATURAE</span> <span class='ocrx_word' id='word_1_5' title='bbox 1396 234 1647 286; x_wconf 78' lang='lat' dir='ltr'><em>JUsT1T1AE</em></span> 
     </span>
    </p>
   </div>
   <div class='ocr_carea' id='block_1_2' title="bbox 462 294 1955 1768">
    <p class='ocr_par' dir='ltr' id='par_1_2' title="bbox 462 294 1954 710">
     <span class='ocr_line' id='line_1_2' title="bbox 583 294 1951 354; baseline -0.003 -13"><span class='ocrx_word' id='word_1_6' title='bbox 583 297 676 342; x_wconf 84' lang='lat' dir='ltr'><em>Fuit</em></span> <span class='ocrx_word' id='word_1_7' title='bbox 706 295 851 340; x_wconf 83' lang='lat' dir='ltr'><strong>deinde</strong></span> <span class='ocrx_word' id='word_1_8' title='bbox 881 298 967 354; x_wconf 81' lang='lat' dir='ltr'><strong>ejus</strong></span> <span class='ocrx_word' id='word_1_9' title='bbox 983 312 1182 340; x_wconf 84' lang='lat' dir='ltr'><strong>successor</strong></span> <span class='ocrx_word' id='word_1_10' title='bbox 1195 298 1321 344; x_wconf 82' lang='lat' dir='ltr'><em>Julius</em></span> <span class='ocrx_word' id='word_1_11' title='bbox 1338 298 1563 340; x_wconf 82' lang='lat' dir='ltr'><em>Sacchettus</em></span> <span class='ocrx_word' id='word_1_12' title='bbox 1579 295 1799 339; x_wconf 83' lang='lat' dir='ltr'><em>Florentinu</em></span> <span class='ocrx_word' id='word_1_13' title='bbox 1807 294 1951 345; x_wconf 39' lang='lat' dir='ltr'>&amp;Cara</span> 
     </span>
     <span class='ocr_line' id='line_1_3' title="bbox 470 355 1954 424; baseline -0.005 -20"><span class='ocrx_word' id='word_1_14' title='bbox 470 359 647 407; x_wconf 82' lang='lat' dir='ltr'><em>dinalis,</em></span> <span class='ocrx_word' id='word_1_15' title='bbox 666 356 890 424; x_wconf 82' lang='lat' dir='ltr'>Episcopus</span> <span class='ocrx_word' id='word_1_16' title='bbox 921 356 1200 406; x_wconf 77' lang='lat' dir='ltr'><em>Gravinensis,</em></span> <span class='ocrx_word' id='word_1_17' title='bbox 1230 371 1266 398; x_wconf 81' lang='lat' dir='ltr'><em>et</em></span> <span class='ocrx_word' id='word_1_18' title='bbox 1285 357 1557 404; x_wconf 81' lang='lat' dir='ltr'><em>Tusculanu53</em></span> <span class='ocrx_word' id='word_1_19' title='bbox 1591 357 1638 397; x_wconf 92' lang='lat' dir='ltr'><strong>de</strong></span> <span class='ocrx_word' id='word_1_20' title='bbox 1658 372 1705 397; x_wconf 93' lang='lat' dir='ltr'><em>eo</em></span> <span class='ocrx_word' id='word_1_21' title='bbox 1731 356 1784 400; x_wconf 84' lang='lat' dir='ltr'><em>ait</em></span> <span class='ocrx_word' id='word_1_22' title='bbox 1801 355 1954 398; x_wconf 86' lang='lat' dir='ltr'><em>Ciacco-</em></span> 
     </span>
     <span class='ocr_line' id='line_1_4' title="bbox 471 415 1950 475; baseline -0.005 -13"><span class='ocrx_word' id='word_1_23' title='bbox 471 422 558 463; x_wconf 78' lang='lat' dir='ltr'><em>nius</em></span> <span class='ocrx_word' id='word_1_24' title='bbox 571 417 658 475; x_wconf 82' lang='lat'>(1):</span> <span class='ocrx_word' id='word_1_25' title='bbox 663 415 889 474; x_wconf 78' lang='lat' dir='ltr'><em>Signaturae</em></span> <span class='ocrx_word' id='word_1_26' title='bbox 897 416 1065 464; x_wconf 72' lang='lat' dir='ltr'><em>Iustitia?</em></span> <span class='ocrx_word' id='word_1_27' title='bbox 1082 415 1348 470; x_wconf 77' lang='lat' dir='ltr'><em>Praefecturam</em></span> <span class='ocrx_word' id='word_1_28' title='bbox 1368 415 1531 458; x_wconf 81' lang='lat' dir='ltr'><em>obtinuit</em></span> <span class='ocrx_word' id='word_1_29' title='bbox 1534 430 1766 470; x_wconf 82' lang='lat' dir='ltr'><strong>,summoque</strong></span> <span class='ocrx_word' id='word_1_30' title='bbox 1782 415 1950 456; x_wconf 85' lang='lat' dir='ltr'><em>omnium</em></span> 
     </span>
     <span class='ocr_line' id='line_1_5' title="bbox 465 472 1951 544; baseline -0.007 -22"><span class='ocrx_word' id='word_1_31' title='bbox 465 477 661 544; x_wconf 81' lang='lat' dir='ltr'><em>praecipue</em></span> <span class='ocrx_word' id='word_1_32' title='bbox 684 475 893 518; x_wconf 76' lang='lat' dir='ltr'><em>Curiatium</em></span> <span class='ocrx_word' id='word_1_33' title='bbox 908 477 1046 533; x_wconf 82' lang='lat' dir='ltr'><em>plausu</em></span> <span class='ocrx_word' id='word_1_34' title='bbox 1080 474 1319 516; x_wconf 78' lang='lat' dir='ltr'><em>laudabiliter</em></span> <span class='ocrx_word' id='word_1_35' title='bbox 1333 474 1541 517; x_wconf 80' lang='lat' dir='ltr'><em>substinuit</em></span> <span class='ocrx_word' id='word_1_36' title='bbox 1556 488 1631 514; x_wconf 78' lang='lat' dir='ltr'><em>tres</em></span> <span class='ocrx_word' id='word_1_37' title='bbox 1661 488 1776 529; x_wconf 75' lang='lat' dir='ltr'><em>supm</em></span> <span class='ocrx_word' id='word_1_38' title='bbox 1810 472 1951 529; x_wconf 76' lang='lat' dir='ltr'><em>viginti</em></span> 
     </span>
     <span class='ocr_line' id='line_1_6' title="bbox 469 531 1951 593; baseline -0.007 -14"><span class='ocrx_word' id='word_1_39' title='bbox 469 552 597 580; x_wconf 80' lang='lat' dir='ltr'><em>annos</em></span> <span class='ocrx_word' id='word_1_40' title='bbox 627 535 824 593; x_wconf 79' lang='lat' dir='ltr'><em>integros,</em></span> <span class='ocrx_word' id='word_1_41' title='bbox 852 535 973 576; x_wconf 83' lang='lat' dir='ltr'><strong>donec</strong></span> <span class='ocrx_word' id='word_1_42' title='bbox 989 549 1092 576; x_wconf 79' lang='lat' dir='ltr'><em>cinno</em></span> <span class='ocrx_word' id='word_1_43' title='bbox 1116 534 1242 589; x_wconf 78' lang='grc'><strong>1663.</strong></span> <span class='ocrx_word' id='word_1_44' title='bbox 1265 564 1279 583; x_wconf 87' lang='grc'>,</span> <span class='ocrx_word' id='word_1_45' title='bbox 1309 544 1352 576; x_wconf 82' lang='lat' dir='ltr'><em>ut</em></span> <span class='ocrx_word' id='word_1_46' title='bbox 1385 534 1611 575; x_wconf 77' lang='lat' dir='ltr'><em>Alexandro</em></span> <span class='ocrx_word' id='word_1_47' title='bbox 1646 545 1795 573; x_wconf 80' lang='lat' dir='ltr'><strong>summo</strong></span> <span class='ocrx_word' id='word_1_48' title='bbox 1813 531 1951 571; x_wconf 86' lang='lat' dir='ltr'><em>Ponti-</em></span> 
     </span>
     <span class='ocr_line' id='line_1_7' title="bbox 462 586 1947 653; baseline -0.005 -17"><span class='ocrx_word' id='word_1_49' title='bbox 462 595 540 653; x_wconf 87' lang='lat' dir='ltr'><em>fici</em></span> <span class='ocrx_word' id='word_1_50' title='bbox 561 609 706 636; x_wconf 84' lang='lat' dir='ltr'><strong>morem</strong></span> <span class='ocrx_word' id='word_1_51' title='bbox 738 605 911 651; x_wconf 74' lang='lat' dir='ltr'><strong>geretet,</strong></span> <span class='ocrx_word' id='word_1_52' title='bbox 941 594 1054 634; x_wconf 78' lang='lat' dir='ltr'><strong>libere</strong></span> <span class='ocrx_word' id='word_1_53' title='bbox 1081 592 1123 634; x_wconf 81' lang='lat' dir='ltr'><em>in</em></span> <span class='ocrx_word' id='word_1_54' title='bbox 1154 592 1238 648; x_wconf 84' lang='lat' dir='ltr'><strong>ejus</strong></span> <span class='ocrx_word' id='word_1_55' title='bbox 1268 592 1446 634; x_wconf 84' lang='lat' dir='ltr'><em>manibus</em></span> <span class='ocrx_word' id='word_1_56' title='bbox 1475 591 1616 634; x_wconf 83' lang='lat' dir='ltr'><em>dimisit</em></span> <span class='ocrx_word' id='word_1_57' title='bbox 1635 606 1709 633; x_wconf 92' lang='lat' dir='ltr'><em>non</em></span> <span class='ocrx_word' id='word_1_58' title='bbox 1730 605 1810 631; x_wconf 81' lang='lat' dir='ltr'><strong>sme</strong></span> <span class='ocrx_word' id='word_1_59' title='bbox 1832 586 1947 647; x_wconf 80' lang='lat' dir='ltr'><em>gravi</em></span> 
     </span>
     <span class='ocr_line' id='line_1_8' title="bbox 476 651 1421 710; baseline -0.004 -14"><span class='ocrx_word' id='word_1_60' title='bbox 476 653 779 700; x_wconf 80' lang='lat' dir='ltr'><em>Tribunalium,</em></span> <span class='ocrx_word' id='word_1_61' title='bbox 807 663 844 693; x_wconf 89' lang='lat' dir='ltr'><em>et</em></span> <span class='ocrx_word' id='word_1_62' title='bbox 859 651 1113 710; x_wconf 78' lang='lat' dir='ltr'><em>Litigantiutn</em></span> <span class='ocrx_word' id='word_1_63' title='bbox 1138 652 1421 708; x_wconf 61' lang='lat' dir='ltr'><em>quaerimonia.</em></span> 
     </span>
    </p>

    <p class='ocr_par' dir='ltr' id='par_1_3' title="bbox 472 707 1947 825">
     <span class='ocr_line' id='line_1_9' title="bbox 591 707 1947 768; baseline -0.002 -16"><span class='ocrx_word' id='word_1_64' title='bbox 591 711 855 754; x_wconf 87' lang='lat' dir='ltr'>Postmodum</span> <span class='ocrx_word' id='word_1_65' title='bbox 888 711 992 752; x_wconf 86' lang='lat' dir='ltr'><strong>idem</strong></span> <span class='ocrx_word' id='word_1_66' title='bbox 1031 710 1257 753; x_wconf 72' lang='lat' dir='ltr'><em>Alexander</em></span> <span class='ocrx_word' id='word_1_67' title='bbox 1280 712 1366 755; x_wconf 88' lang='lat' dir='ltr'><em>VII.</em></span> <span class='ocrx_word' id='word_1_68' title='bbox 1397 710 1574 768; x_wconf 66' lang='lat' dir='ltr'><strong>praefecit</strong></span> <span class='ocrx_word' id='word_1_69' title='bbox 1598 708 1774 751; x_wconf 83' lang='lat' dir='ltr'><em>Flavium</em></span> <span class='ocrx_word' id='word_1_70' title='bbox 1809 708 1841 749; x_wconf 85' lang='lat' dir='ltr'><em>C</em></span> <span class='ocrx_word' id='word_1_71' title='bbox 1840 707 1947 749; x_wconf 71' lang='lat' dir='ltr'><em>ardi-</em></span> 
     </span>
     <span class='ocr_line' id='line_1_10' title="bbox 472 767 1889 828; baseline -0.004 -14"><span class='ocrx_word' id='word_1_72' title='bbox 472 771 596 814; x_wconf 81' lang='lat' dir='ltr'><em>nalem</em></span> <span class='ocrx_word' id='word_1_73' title='bbox 618 770 783 813; x_wconf 68' lang='lat' dir='ltr'><em>chistum</em></span> <span class='ocrx_word' id='word_1_74' title='bbox 796 771 1017 820; x_wconf 75' lang='lat' dir='ltr'><strong>Smensem,</strong></span> <span class='ocrx_word' id='word_1_75' title='bbox 1035 785 1156 812; x_wconf 89' lang='lat' dir='ltr'><em>suum</em></span> <span class='ocrx_word' id='word_1_76' title='bbox 1175 786 1222 812; x_wconf 80' lang='lat' dir='ltr'><strong>ex</strong></span> <span class='ocrx_word' id='word_1_77' title='bbox 1251 784 1440 828; x_wconf 83' lang='lat' dir='ltr'><strong>germano</strong></span> <span class='ocrx_word' id='word_1_78' title='bbox 1456 770 1574 811; x_wconf 81' lang='lat' dir='ltr'><strong>fratre</strong></span> <span class='ocrx_word' id='word_1_79' title='bbox 1594 773 1776 825; x_wconf 85' lang='lat' dir='ltr'>nepotem</span> <span class='ocrx_word' id='word_1_80' title='bbox 1795 767 1889 823; x_wconf 86' lang='lat'><em>(2).</em></span> 
     </span>
    </p>

    <p class='ocr_par' dir='ltr' id='par_1_4' title="bbox 476 805 1953 948">
     <span class='ocr_line' id='line_1_11' title="bbox 590 805 1953 886; baseline -0.001 -16"><span class='ocrx_word' id='word_1_81' title='bbox 590 832 652 872; x_wconf 83' lang='lat' dir='ltr'><strong>Eo</strong></span> <span class='ocrx_word' id='word_1_82' title='bbox 683 830 875 873; x_wconf 82' lang='lat' dir='ltr'><strong>defuncto</strong></span> <span class='ocrx_word' id='word_1_83' title='bbox 890 844 1001 870; x_wconf 81' lang='lat' dir='ltr'><strong>anno</strong></span> <span class='ocrx_word' id='word_1_84' title='bbox 1025 829 1152 886; x_wconf 82' lang='lat'><strong>1694.</strong></span> <span class='ocrx_word' id='word_1_85' title='bbox 1173 831 1261 871; x_wconf 85' lang='lat' dir='ltr'><strong>Pro·</strong></span> <span class='ocrx_word' id='word_1_86' title='bbox 1251 805 1483 871; x_wconf 53' lang='lat' dir='ltr'><em>t&#39;Preefectus</em></span> <span class='ocrx_word' id='word_1_87' title='bbox 1509 829 1587 872; x_wconf 86' lang='lat' dir='ltr'><em>fuit</em></span> <span class='ocrx_word' id='word_1_88' title='bbox 1611 827 1844 869; x_wconf 80' lang='lat' dir='ltr'><strong>cardinalis</strong></span> <span class='ocrx_word' id='word_1_89' title='bbox 1873 827 1953 868; x_wconf 83' lang='lat' dir='ltr'><em>Fa-</em></span> 
     </span>
     <span class='ocr_line' id='line_1_12' title="bbox 476 889 1125 948; baseline -0.002 -16"><span class='ocrx_word' id='word_1_90' title='bbox 476 889 617 933; x_wconf 73' lang='lat' dir='ltr'><em>hrititts</em></span> <span class='ocrx_word' id='word_1_91' title='bbox 637 890 669 930; x_wconf 86' lang='lat' dir='ltr'><em>S</em></span> <span class='ocrx_word' id='word_1_92' title='bbox 666 892 796 948; x_wconf 76' lang='lat' dir='ltr'><em>pocla</em></span> <span class='ocrx_word' id='word_1_93' title='bbox 808 890 1003 931; x_wconf 83' lang='lat' dir='ltr'><em>Romanus</em></span> <span class='ocrx_word' id='word_1_94' title='bbox 1020 889 1125 944; x_wconf 84' lang='grc'><strong>(3).</strong></span> 
     </span>
    </p>

    <p class='ocr_par' dir='ltr' id='par_1_5' title="bbox 473 944 1954 1116">
     <span class='ocr_line' id='line_1_13' title="bbox 588 944 1954 1001; baseline -0.002 -13.993"><span class='ocrx_word' id='word_1_95' title='bbox 588 950 642 989; x_wconf 85' lang='lat' dir='ltr'><em>Et</em></span> <span class='ocrx_word' id='word_1_96' title='bbox 672 964 783 989; x_wconf 80' lang='lat' dir='ltr'><strong>anno</strong></span> <span class='ocrx_word' id='word_1_97' title='bbox 809 947 933 1001; x_wconf 76' lang='lat'>1696.</span> <span class='ocrx_word' id='word_1_98' title='bbox 956 948 1240 989; x_wconf 81' lang='lat' dir='ltr'><strong>Praefecturam</strong></span> <span class='ocrx_word' id='word_1_99' title='bbox 1259 946 1620 994; x_wconf 78' lang='lat' dir='ltr'><em>obtinuitloannes</em></span> <span class='ocrx_word' id='word_1_100' title='bbox 1633 946 1794 992; x_wconf 70' lang='lat' dir='ltr'><em>jacobus</em></span> <span class='ocrx_word' id='word_1_101' title='bbox 1814 944 1954 984; x_wconf 75' lang='lat' dir='ltr'><em>Cava!-</em></span> 
     </span>
     <span class='ocr_line' id='line_1_14' title="bbox 473 1001 1954 1058; baseline -0.002 -10"><span class='ocrx_word' id='word_1_102' title='bbox 473 1006 617 1048; x_wconf 81' lang='lat' dir='ltr'><em>Ierinus</em></span> <span class='ocrx_word' id='word_1_103' title='bbox 647 1007 843 1047; x_wconf 81' lang='lat' dir='ltr'><em>Romanus</em></span> <span class='ocrx_word' id='word_1_104' title='bbox 863 1035 876 1052; x_wconf 91' lang='lat'>,</span> <span class='ocrx_word' id='word_1_105' title='bbox 916 1019 1073 1046; x_wconf 78' lang='lat' dir='ltr'><strong>creatus</strong></span> <span class='ocrx_word' id='word_1_106' title='bbox 1093 1005 1327 1045; x_wconf 73' lang='lat' dir='ltr'><strong>cardinalis</strong></span> <span class='ocrx_word' id='word_1_107' title='bbox 1349 1006 1416 1044; x_wconf 88' lang='grc'><em>18.</em></span> <span class='ocrx_word' id='word_1_108' title='bbox 1439 1004 1658 1044; x_wconf 84' lang='lat' dir='ltr'><strong>decembris</strong></span> <span class='ocrx_word' id='word_1_109' title='bbox 1695 1002 1820 1058; x_wconf 85' lang='lat'><strong>1695.</strong></span> <span class='ocrx_word' id='word_1_110' title='bbox 1841 1001 1954 1045; x_wconf 86' lang='lat' dir='ltr'><em>Obiit</em></span> 
     </span>
     <span class='ocr_line' id='line_1_15' title="bbox 476 1062 1026 1116; baseline -0.011 -10"><span class='ocrx_word' id='word_1_111' title='bbox 476 1067 550 1106; x_wconf 80' lang='lat'><em>18.</em></span> <span class='ocrx_word' id='word_1_112' title='bbox 583 1063 778 1107; x_wconf 76' lang='lat' dir='ltr'><strong>februarii</strong></span> <span class='ocrx_word' id='word_1_113' title='bbox 800 1063 918 1116; x_wconf 82' lang='lat'><strong>1-699.</strong></span> <span class='ocrx_word' id='word_1_114' title='bbox 950 1062 1026 1115; x_wconf 84' lang='lat'><em>(4)</em></span> 
     </span>
    </p>

    <p class='ocr_par' dir='ltr' id='par_1_6' title="bbox 470 1117 1954 1292">
     <span class='ocr_line' id='line_1_16' title="bbox 594 1117 1954 1164; baseline -0.001 -1"><span class='ocrx_word' id='word_1_115' title='bbox 594 1126 686 1164; x_wconf 85' lang='lat' dir='ltr'><em>Post</em></span> <span class='ocrx_word' id='word_1_116' title='bbox 713 1121 815 1161; x_wconf 81' lang='lat' dir='ltr'><em>illius</em></span> <span class='ocrx_word' id='word_1_117' title='bbox 827 1120 986 1160; x_wconf 85' lang='lat' dir='ltr'><em>obitum</em></span> <span class='ocrx_word' id='word_1_118' title='bbox 1006 1118 1288 1159; x_wconf 75' lang='lat' dir='ltr'><strong>Praefecturam</strong></span> <span class='ocrx_word' id='word_1_119' title='bbox 1321 1118 1499 1160; x_wconf 76' lang='lat' dir='ltr'><strong>exercuit</strong></span> <span class='ocrx_word' id='word_1_120' title='bbox 1531 1117 1724 1159; x_wconf 80' lang='lat' dir='ltr'><em>laudatus</em></span> <span class='ocrx_word' id='word_1_121' title='bbox 1744 1117 1954 1162; x_wconf 82' lang='lat' dir='ltr'><strong>cardina-</strong></span> 
     </span>
     <span class='ocr_line' id='line_1_17' title="bbox 470 1176 1953 1238; baseline -0.001 -15"><span class='ocrx_word' id='word_1_122' title='bbox 470 1183 517 1225; x_wconf 79' lang='lat' dir='ltr'><em>iis</em></span> <span class='ocrx_word' id='word_1_123' title='bbox 534 1182 668 1238; x_wconf 75' lang='lat' dir='ltr'><em>spada</em></span> <span class='ocrx_word' id='word_1_124' title='bbox 688 1208 700 1226; x_wconf 93' lang='lat'>‚</span> <span class='ocrx_word' id='word_1_125' title='bbox 718 1177 790 1234; x_wconf 87' lang='lat' dir='ltr'><em>qui</em></span> <span class='ocrx_word' id='word_1_126' title='bbox 817 1191 863 1219; x_wconf 90' lang='lat' dir='ltr'><em>ut</em></span> <span class='ocrx_word' id='word_1_127' title='bbox 880 1192 1000 1234; x_wconf 81' lang='lat' dir='ltr'><em>supra</em></span> <span class='ocrx_word' id='word_1_128' title='bbox 1017 1176 1216 1226; x_wconf 81' lang='lat' dir='ltr'><em>diximus,</em></span> <span class='ocrx_word' id='word_1_129' title='bbox 1238 1178 1258 1218; x_wconf 86' lang='lat' dir='ltr'>f</span> <span class='ocrx_word' id='word_1_130' title='bbox 1260 1192 1370 1220; x_wconf 79' lang='lat' dir='ltr'><strong>uerat</strong></span> <span class='ocrx_word' id='word_1_131' title='bbox 1382 1176 1505 1236; x_wconf 78' lang='lat' dir='ltr'><strong>paulo</strong></span> <span class='ocrx_word' id='word_1_132' title='bbox 1529 1190 1621 1218; x_wconf 88' lang='lat' dir='ltr'><strong>ante</strong></span> <span class='ocrx_word' id='word_1_133' title='bbox 1648 1178 1953 1234; x_wconf 86' lang='lat' dir='ltr'><strong>Propraefectus;</strong></span> 
     </span>
     <span class='ocr_line' id='line_1_18' title="bbox 477 1241 847 1292; baseline -0.016 -10"><span class='ocrx_word' id='word_1_134' title='bbox 477 1241 576 1282; x_wconf 85' lang='lat' dir='ltr'><em>obiit</em></span> <span class='ocrx_word' id='word_1_135' title='bbox 595 1254 706 1281; x_wconf 83' lang='lat' dir='ltr'><strong>anno</strong></span> <span class='ocrx_word' id='word_1_136' title='bbox 733 1251 847 1292; x_wconf 89' lang='lat'><em>1717.</em></span> 
     </span>
    </p>

    <p class='ocr_par' dir='ltr' id='par_1_7' title="bbox 475 1295 1950 1411">
     <span class='ocr_line' id='line_1_19' title="bbox 592 1295 1950 1353; baseline -0.001 -15"><span class='ocrx_word' id='word_1_137' title='bbox 592 1296 786 1339; x_wconf 82' lang='lat' dir='ltr'><em>Successit</em></span> <span class='ocrx_word' id='word_1_138' title='bbox 806 1295 1041 1337; x_wconf 79' lang='lat' dir='ltr'><em>Cardinalis</em></span> <span class='ocrx_word' id='word_1_139' title='bbox 1059 1295 1321 1338; x_wconf 74' lang='lat' dir='ltr'><em>Bernardinus</em></span> <span class='ocrx_word' id='word_1_140' title='bbox 1336 1297 1490 1340; x_wconf 84' lang='lat' dir='ltr'><em>Scottus</em></span> <span class='ocrx_word' id='word_1_141' title='bbox 1507 1295 1814 1340; x_wconf 77' lang='lat' dir='ltr'><em>Mediolanensis</em></span> <span class='ocrx_word' id='word_1_142' title='bbox 1834 1325 1847 1345; x_wconf 88' lang='lat'>‚</span> <span class='ocrx_word' id='word_1_143' title='bbox 1878 1297 1950 1353; x_wconf 88' lang='lat' dir='ltr'><em>qui</em></span> 
     </span>
     <span class='ocr_line' id='line_1_20' title="bbox 475 1355 874 1411; baseline -0.01 -11"><span class='ocrx_word' id='word_1_144' title='bbox 475 1356 638 1400; x_wconf 80' lang='lat' dir='ltr'><em>decessit</em></span> <span class='ocrx_word' id='word_1_145' title='bbox 657 1371 722 1398; x_wconf 79' lang='lat' dir='ltr'><em>an.</em></span> <span class='ocrx_word' id='word_1_146' title='bbox 749 1355 874 1411; x_wconf 80' lang='lat'><strong>1726.</strong></span> 
     </span>
    </p>

    <p class='ocr_par' dir='ltr' id='par_1_8' title="bbox 472 1414 1955 1768">
     <span class='ocr_line' id='line_1_21' title="bbox 588 1414 1953 1473; baseline 0.002 -18"><span class='ocrx_word' id='word_1_147' title='bbox 588 1417 637 1456; x_wconf 74' lang='lat' dir='ltr'><em>=1n</em></span> <span class='ocrx_word' id='word_1_148' title='bbox 656 1415 831 1472; x_wconf 81' lang='lat' dir='ltr'><strong>ejusdem</strong></span> <span class='ocrx_word' id='word_1_149' title='bbox 848 1414 982 1456; x_wconf 88' lang='lat' dir='ltr'><strong>locum</strong></span> <span class='ocrx_word' id='word_1_150' title='bbox 997 1417 1240 1473; x_wconf 79' lang='lat' dir='ltr'><em>subrogatus</em></span> <span class='ocrx_word' id='word_1_151' title='bbox 1255 1415 1334 1459; x_wconf 86' lang='lat' dir='ltr'><em>fuit</em></span> <span class='ocrx_word' id='word_1_152' title='bbox 1350 1415 1582 1458; x_wconf 75' lang='lat' dir='ltr'><em>Laurentius</em></span> <span class='ocrx_word' id='word_1_153' title='bbox 1599 1414 1838 1458; x_wconf 81' lang='lat' dir='ltr'><em>Cardinalis</em></span> <span class='ocrx_word' id='word_1_154' title='bbox 1858 1415 1953 1458; x_wconf 81' lang='lat' dir='ltr'><strong>Cor-</strong></span> 
     </span>
     <span class='ocr_line' id='line_1_22' title="bbox 472 1474 1951 1533; baseline -0.002 -14"><span class='ocrx_word' id='word_1_155' title='bbox 472 1476 681 1519; x_wconf 73' lang='lat' dir='ltr'><em>sinus-Flet</em></span> <span class='ocrx_word' id='word_1_156' title='bbox 684 1475 868 1524; x_wconf 75' lang='lat' dir='ltr'><em>entinu53</em></span> <span class='ocrx_word' id='word_1_157' title='bbox 886 1474 949 1517; x_wconf 91' lang='lat' dir='ltr'><em>cui</em></span> <span class='ocrx_word' id='word_1_158' title='bbox 966 1475 1139 1531; x_wconf 82' lang='lat' dir='ltr'><strong>primum</strong></span> <span class='ocrx_word' id='word_1_159' title='bbox 1153 1491 1173 1516; x_wconf 82' lang='lat' dir='ltr'>a</span> <span class='ocrx_word' id='word_1_160' title='bbox 1195 1474 1766 1533; x_wconf 58' lang='lat' dir='ltr'><strong>cognitiombus‚Aud1torem</strong></span> <span class='ocrx_word' id='word_1_161' title='bbox 1784 1486 1951 1523; x_wconf 79' lang='lat' dir='ltr'><strong>vocant,</strong></span> 
     </span>
     <span class='ocr_line' id='line_1_23' title="bbox 472 1507 1951 1591; baseline -0.001 -14"><span class='ocrx_word' id='word_1_162' title='bbox 472 1536 605 1577; x_wconf 76' lang='lat' dir='ltr'><strong>fuerat</strong></span> <span class='ocrx_word' id='word_1_163' title='bbox 620 1534 787 1581; x_wconf 83' lang='lat' dir='ltr'><strong>Ioannes</strong></span> <span class='ocrx_word' id='word_1_164' title='bbox 807 1507 992 1576; x_wconf 74' lang='lat' dir='ltr'><em>Xciverius</em></span> <span class='ocrx_word' id='word_1_165' title='bbox 1006 1536 1054 1575; x_wconf 82' lang='lat' dir='ltr'><strong>de</strong></span> <span class='ocrx_word' id='word_1_166' title='bbox 1070 1536 1211 1584; x_wconf 82' lang='lat' dir='ltr'><em>Leone,</em></span> <span class='ocrx_word' id='word_1_167' title='bbox 1230 1550 1341 1576; x_wconf 89' lang='lat' dir='ltr'><strong>meus</strong></span> <span class='ocrx_word' id='word_1_168' title='bbox 1359 1533 1491 1583; x_wconf 86' lang='lat' dir='ltr'><em>Civis,</em></span> <span class='ocrx_word' id='word_1_169' title='bbox 1510 1550 1637 1591; x_wconf 92' lang='lat' dir='ltr'><strong>eoque</strong></span> <span class='ocrx_word' id='word_1_170' title='bbox 1657 1535 1709 1575; x_wconf 82' lang='lat' dir='ltr'><em>ad</em></span> <span class='ocrx_word' id='word_1_171' title='bbox 1730 1534 1951 1591; x_wconf 83' lang='lat' dir='ltr'><strong>Episcopa-</strong></span> 
     </span>
     <span class='ocr_line' id='line_1_24' title="bbox 472 1593 1955 1650; baseline -0.001 -13"><span class='ocrx_word' id='word_1_172' title='bbox 472 1608 560 1637; x_wconf 86' lang='lat' dir='ltr'><em>turn</em></span> <span class='ocrx_word' id='word_1_173' title='bbox 575 1595 850 1636; x_wconf 79' lang='lat' dir='ltr'><strong>AEserniensem</strong></span> <span class='ocrx_word' id='word_1_174' title='bbox 869 1602 1069 1650; x_wconf 83' lang='lat' dir='ltr'><strong>promoto,</strong></span> <span class='ocrx_word' id='word_1_175' title='bbox 1079 1593 1157 1636; x_wconf 84' lang='lat' dir='ltr'><em>fult</em></span> <span class='ocrx_word' id='word_1_176' title='bbox 1175 1594 1392 1636; x_wconf 74' lang='lat' dir='ltr'><em>Marcellus</em></span> <span class='ocrx_word' id='word_1_177' title='bbox 1407 1595 1558 1642; x_wconf 78' lang='lat' dir='ltr'><strong>Passer,</strong></span> <span class='ocrx_word' id='word_1_178' title='bbox 1568 1608 1685 1650; x_wconf 86' lang='lat' dir='ltr'><strong>aeque</strong></span> <span class='ocrx_word' id='word_1_179' title='bbox 1706 1608 1819 1635; x_wconf 89' lang='lat' dir='ltr'><strong>meus</strong></span> <span class='ocrx_word' id='word_1_180' title='bbox 1837 1593 1955 1641; x_wconf 83' lang='lat' dir='ltr'><em>civis,</em></span> 
     </span>
     <span class='ocr_line' id='line_1_25' title="bbox 477 1651 1953 1710; baseline -0.002 -15"><span class='ocrx_word' id='word_1_181' title='bbox 477 1653 832 1710; x_wconf 77' lang='lat' dir='ltr'><em>etpropinquitate</em></span> <span class='ocrx_word' id='word_1_182' title='bbox 867 1652 1278 1710; x_wconf 77' lang='lat' dir='ltr'><strong>conjunctus‚deinde</strong></span> <span class='ocrx_word' id='word_1_183' title='bbox 1299 1653 1532 1695; x_wconf 74' lang='lat' dir='ltr'><em>Cardinalis</em></span> <span class='ocrx_word' id='word_1_184' title='bbox 1557 1652 1864 1700; x_wconf 80' lang='lat' dir='ltr'><em>Pro-Auditor3</em></span> <span class='ocrx_word' id='word_1_185' title='bbox 1881 1651 1953 1707; x_wconf 85' lang='lat' dir='ltr'><em>qui</em></span> 
     </span>
     <span class='ocr_line' id='line_1_26' title="bbox 475 1710 1954 1768; baseline -0.001 -15"><span class='ocrx_word' id='word_1_186' title='bbox 475 1727 562 1753; x_wconf 87' lang='lat' dir='ltr'><strong>non</strong></span> <span class='ocrx_word' id='word_1_187' title='bbox 595 1726 716 1768; x_wconf 84' lang='lat' dir='ltr'>parva</span> <span class='ocrx_word' id='word_1_188' title='bbox 749 1712 939 1753; x_wconf 81' lang='lat' dir='ltr'><strong>beneficia</strong></span> <span class='ocrx_word' id='word_1_189' title='bbox 955 1743 968 1761; x_wconf 86' lang='lat'>,</span> <span class='ocrx_word' id='word_1_190' title='bbox 1002 1713 1101 1754; x_wconf 87' lang='lat' dir='ltr'><em>dum</em></span> <span class='ocrx_word' id='word_1_191' title='bbox 1120 1711 1380 1754; x_wconf 79' lang='lat' dir='ltr'><strong>Conclavista</strong></span> <span class='ocrx_word' id='word_1_192' title='bbox 1395 1726 1479 1755; x_wconf 85' lang='lat' dir='ltr'><strong>erat</strong></span> <span class='ocrx_word' id='word_1_193' title='bbox 1495 1712 1589 1754; x_wconf 90' lang='lat' dir='ltr'><em>dicti</em></span> <span class='ocrx_word' id='word_1_194' title='bbox 1607 1710 1839 1753; x_wconf 82' lang='lat' dir='ltr'><em>Cardinalis</em></span> <span class='ocrx_word' id='word_1_195' title='bbox 1849 1712 1954 1752; x_wconf 82' lang='lat' dir='ltr'><em>Lau-</em></span> 
     </span>
    </p>
   </div>
   <div class='ocr_carea' id='block_1_3' title="bbox 477 1769 1956 1885">
    <p class='ocr_par' dir='ltr' id='par_1_9' title="bbox 477 1769 1956 1885">
     <span class='ocr_line' id='line_1_27' title="bbox 477 1769 1956 1824; baseline -0.002 -12"><span class='ocrx_word' id='word_1_196' title='bbox 477 1770 609 1819; x_wconf 80' lang='lat' dir='ltr'><em>rentii,</em></span> <span class='ocrx_word' id='word_1_197' title='bbox 631 1770 800 1811; x_wconf 85' lang='lat' dir='ltr'><em>contulit</em></span> <span class='ocrx_word' id='word_1_198' title='bbox 816 1769 991 1824; x_wconf 85' lang='lat' dir='ltr'><strong>ejusdem</strong></span> <span class='ocrx_word' id='word_1_199' title='bbox 1019 1771 1201 1813; x_wconf 82' lang='lat' dir='ltr'><strong>electioni</strong></span> <span class='ocrx_word' id='word_1_200' title='bbox 1219 1770 1261 1811; x_wconf 88' lang='lat' dir='ltr'><em>in</em></span> <span class='ocrx_word' id='word_1_201' title='bbox 1279 1785 1482 1813; x_wconf 89' lang='lat' dir='ltr'><strong>summum</strong></span> <span class='ocrx_word' id='word_1_202' title='bbox 1498 1771 1736 1813; x_wconf 87' lang='lat' dir='ltr'><em>Pontificem</em></span> <span class='ocrx_word' id='word_1_203' title='bbox 1766 1771 1844 1811; x_wconf 91' lang='lat' dir='ltr'><em>sub</em></span> <span class='ocrx_word' id='word_1_204' title='bbox 1877 1784 1956 1809; x_wconf 74' lang='lat' dir='ltr'><strong>no-</strong></span> 
     </span>
     <span class='ocr_line' id='line_1_28' title="bbox 482 1828 1030 1885; baseline -0.002 -15"><span class='ocrx_word' id='word_1_205' title='bbox 482 1830 590 1870; x_wconf 87' lang='lat' dir='ltr'><strong>mine</strong></span> <span class='ocrx_word' id='word_1_206' title='bbox 611 1828 813 1870; x_wconf 75' lang='lat' dir='ltr'><em>Clementis</em></span> <span class='ocrx_word' id='word_1_207' title='bbox 829 1829 917 1869; x_wconf 88' lang='lat' dir='ltr'><em>XII.</em></span> <span class='ocrx_word' id='word_1_208' title='bbox 932 1830 1005 1885; x_wconf 87' lang='lat'><em>(5)</em></span> <span class='ocrx_word' id='word_1_209' title='bbox 1021 1860 1030 1869; x_wconf 90' lang='lat'>.</span> 
     </span>
    </p>
   </div>
   <div class='ocr_carea' id='block_1_4' title="bbox 470 1885 1956 2296">
    <p class='ocr_par' dir='ltr' id='par_1_10' title="bbox 474 1885 1956 2059">
     <span class='ocr_line' id='line_1_29' title="bbox 593 1885 1956 1941; baseline 0.001 -14"><span class='ocrx_word' id='word_1_210' title='bbox 593 1887 644 1927; x_wconf 83' lang='lat' dir='ltr'><em>Et</em></span> <span class='ocrx_word' id='word_1_211' title='bbox 677 1885 707 1925; x_wconf 93' lang='lat' dir='ltr'><em>is</em></span> <span class='ocrx_word' id='word_1_212' title='bbox 738 1897 827 1941; x_wconf 86' lang='lat' dir='ltr'><em>post</em></span> <span class='ocrx_word' id='word_1_213' title='bbox 858 1900 972 1925; x_wconf 83' lang='lat' dir='ltr'><strong>suam</strong></span> <span class='ocrx_word' id='word_1_214' title='bbox 1003 1887 1055 1926; x_wconf 76' lang='lat' dir='ltr'><em>ad</em></span> <span class='ocrx_word' id='word_1_215' title='bbox 1073 1887 1355 1927; x_wconf 82' lang='lat' dir='ltr'><em>Pontificatum</em></span> <span class='ocrx_word' id='word_1_216' title='bbox 1386 1887 1699 1940; x_wconf 83' lang='lat' dir='ltr'><em>assumptionem</em></span> <span class='ocrx_word' id='word_1_217' title='bbox 1734 1885 1956 1941; x_wconf 84' lang='lat' dir='ltr'><em>designavit</em></span> 
     </span>
     <span class='ocr_line' id='line_1_30' title="bbox 478 1941 1952 2001; baseline -0.003 -12"><span class='ocrx_word' id='word_1_218' title='bbox 478 1946 719 1988; x_wconf 76' lang='lat' dir='ltr'><strong>Praefectum</strong></span> <span class='ocrx_word' id='word_1_219' title='bbox 746 1943 1011 1985; x_wconf 80' lang='lat' dir='ltr'><em>Alamannum</em></span> <span class='ocrx_word' id='word_1_220' title='bbox 1060 1941 1324 1984; x_wconf 78' lang='lat' dir='ltr'><strong>cardinalem</strong></span> <span class='ocrx_word' id='word_1_221' title='bbox 1356 1942 1523 1985; x_wconf 75' lang='lat' dir='ltr'><em>Salvioti</em></span> <span class='ocrx_word' id='word_1_222' title='bbox 1547 1942 1809 1984; x_wconf 85' lang='lat' dir='ltr'><em>Florentinum</em></span> <span class='ocrx_word' id='word_1_223' title='bbox 1834 1957 1846 1993; x_wconf 91' lang='lat'>;</span> <span class='ocrx_word' id='word_1_224' title='bbox 1879 1944 1952 2001; x_wconf 90' lang='lat' dir='ltr'><em>qui</em></span> 
     </span>
     <span class='ocr_line' id='line_1_31' title="bbox 474 2003 813 2059; baseline -0.006 -14"><span class='ocrx_word' id='word_1_225' title='bbox 474 2003 578 2047; x_wconf 83' lang='lat' dir='ltr'><em>obiit</em></span> <span class='ocrx_word' id='word_1_226' title='bbox 594 2018 661 2046; x_wconf 82' lang='lat' dir='ltr'><em>an.</em></span> <span class='ocrx_word' id='word_1_227' title='bbox 688 2017 813 2059; x_wconf 79' lang='lat'><strong>1733.</strong></span> 
     </span>
    </p>

    <p class='ocr_par' dir='ltr' id='par_1_11' title="bbox 470 2059 1953 2296">
     <span class='ocr_line' id='line_1_32' title="bbox 588 2059 1953 2119; baseline 0 -16"><span class='ocrx_word' id='word_1_228' title='bbox 588 2065 798 2104; x_wconf 88' lang='lat' dir='ltr'><strong>Successor</strong></span> <span class='ocrx_word' id='word_1_229' title='bbox 835 2061 982 2103; x_wconf 85' lang='lat' dir='ltr'><strong>deinde</strong></span> <span class='ocrx_word' id='word_1_230' title='bbox 1014 2062 1094 2103; x_wconf 81' lang='lat' dir='ltr'><em>fuit</em></span> <span class='ocrx_word' id='word_1_231' title='bbox 1118 2061 1270 2102; x_wconf 82' lang='lat' dir='ltr'><strong>Nereus</strong></span> <span class='ocrx_word' id='word_1_232' title='bbox 1292 2059 1523 2103; x_wconf 78' lang='lat' dir='ltr'><strong>cardinalis</strong></span> <span class='ocrx_word' id='word_1_233' title='bbox 1556 2061 1737 2104; x_wconf 78' lang='lat' dir='ltr'><em>Corsinus</em></span> <span class='ocrx_word' id='word_1_234' title='bbox 1772 2060 1953 2119; x_wconf 85' lang='lat' dir='ltr'><strong>ejusdem</strong></span> 
     </span>
     <span class='ocr_line' id='line_1_33' title="bbox 471 2119 1953 2178; baseline -0.001 -15"><span class='ocrx_word' id='word_1_235' title='bbox 471 2120 671 2163; x_wconf 82' lang='lat' dir='ltr'><em>Pontificis</em></span> <span class='ocrx_word' id='word_1_236' title='bbox 705 2135 859 2178; x_wconf 79' lang='lat' dir='ltr'><strong>nepos3</strong></span> <span class='ocrx_word' id='word_1_237' title='bbox 895 2134 979 2174; x_wconf 90' lang='lat' dir='ltr'><strong>quo</strong></span> <span class='ocrx_word' id='word_1_238' title='bbox 1025 2120 1183 2161; x_wconf 84' lang='lat' dir='ltr'><strong>absente</strong></span> <span class='ocrx_word' id='word_1_239' title='bbox 1212 2150 1226 2169; x_wconf 91' lang='lat'>‚</span> <span class='ocrx_word' id='word_1_240' title='bbox 1273 2119 1334 2161; x_wconf 81' lang='lat' dir='ltr'><strong>die</strong></span> <span class='ocrx_word' id='word_1_241' title='bbox 1367 2136 1407 2176; x_wconf 85' lang='lat'><em>3.</em></span> <span class='ocrx_word' id='word_1_242' title='bbox 1448 2120 1604 2177; x_wconf 85' lang='lat' dir='ltr'><em>augusti</em></span> <span class='ocrx_word' id='word_1_243' title='bbox 1656 2134 1780 2177; x_wconf 84' lang='lat'>¹747·</span> <span class='ocrx_word' id='word_1_244' title='bbox 1829 2121 1953 2162; x_wconf 83' lang='lat' dir='ltr'><strong>inter-</strong></span> 
     </span>
     <span class='ocr_line' id='line_1_34' title="bbox 470 2177 1953 2237; baseline 0.001 -17"><span class='ocrx_word' id='word_1_245' title='bbox 470 2178 581 2221; x_wconf 78' lang='lat' dir='ltr'><em>fuit</em></span> <span class='ocrx_word' id='word_1_246' title='bbox 571 2193 615 2221; x_wconf 82' lang='lat' dir='ltr'><em>ln</em></span> <span class='ocrx_word' id='word_1_247' title='bbox 650 2180 770 2237; x_wconf 83' lang='lat' dir='ltr'><strong>plena</strong></span> <span class='ocrx_word' id='word_1_248' title='bbox 802 2178 1014 2234; x_wconf 74' lang='lat' dir='ltr'><em>Signatura</em></span> <span class='ocrx_word' id='word_1_249' title='bbox 1045 2177 1276 2219; x_wconf 74' lang='lat' dir='ltr'><strong>cardinalis</strong></span> <span class='ocrx_word' id='word_1_250' title='bbox 1294 2179 1532 2237; x_wconf 78' lang='lat' dir='ltr'><em>Guadagni,</em></span> <span class='ocrx_word' id='word_1_251' title='bbox 1563 2193 1601 2220; x_wconf 86' lang='lat' dir='ltr'><em>et</em></span> <span class='ocrx_word' id='word_1_252' title='bbox 1636 2180 1814 2222; x_wconf 71' lang='lat' dir='ltr'><strong>Praefecti</strong></span> <span class='ocrx_word' id='word_1_253' title='bbox 1846 2180 1953 2223; x_wconf 90' lang='lat' dir='ltr'><strong>vices</strong></span> 
     </span>
     <span class='ocr_line' id='line_1_35' title="bbox 473 2236 1953 2296; baseline 0.001 -17"><span class='ocrx_word' id='word_1_254' title='bbox 473 2237 625 2296; x_wconf 77' lang='lat' dir='ltr'><em>gessit.</em></span> <span class='ocrx_word' id='word_1_255' title='bbox 657 2241 833 2280; x_wconf 88' lang='lat' dir='ltr'><strong>Demum</strong></span> <span class='ocrx_word' id='word_1_256' title='bbox 873 2237 979 2279; x_wconf 87' lang='lat' dir='ltr'><strong>idem</strong></span> <span class='ocrx_word' id='word_1_257' title='bbox 1006 2236 1239 2280; x_wconf 79' lang='lat' dir='ltr'><strong>cardinalis</strong></span> <span class='ocrx_word' id='word_1_258' title='bbox 1274 2237 1429 2281; x_wconf 80' lang='lat' dir='ltr'><strong>Nereus</strong></span> <span class='ocrx_word' id='word_1_259' title='bbox 1447 2238 1600 2281; x_wconf 63' lang='lat' dir='ltr'><em>Cossini</em></span> <span class='ocrx_word' id='word_1_260' title='bbox 1652 2239 1765 2282; x_wconf 87' lang='lat' dir='ltr'><strong>senio</strong></span> <span class='ocrx_word' id='word_1_261' title='bbox 1813 2239 1953 2281; x_wconf 90' lang='lat' dir='ltr'><strong>confe-</strong></span> 
     </span>
    </p>
   </div>
   <div class='ocr_carea' id='block_1_5' title="bbox 1831 2309 1950 2347">
    <p class='ocr_par' dir='ltr' id='par_1_12' title="bbox 1831 2309 1950 2347">
     <span class='ocr_line' id='line_1_36' title="bbox 1831 2309 1950 2347; baseline 0.017 -8"><span class='ocrx_word' id='word_1_262' title='bbox 1831 2309 1919 2340; x_wconf 73' lang='lat' dir='ltr'>CI&#39;US</span> <span class='ocrx_word' id='word_1_263' title='bbox 1935 2327 1950 2347; x_wconf 73' lang='lat'><em>2</em></span> 
     </span>
    </p>
   </div>
   <div class='ocr_carea' id='block_1_6' title="bbox 520 2390 1948 2485">
    <p class='ocr_par' dir='ltr' id='par_1_13' title="bbox 520 2390 1948 2485">
     <span class='ocr_line' id='line_1_37' title="bbox 522 2390 1948 2440; baseline 0.001 -13"><span class='ocrx_word' id='word_1_264' title='bbox 522 2397 577 2437; x_wconf 84' lang='lat'><em>(1)</em></span> <span class='ocrx_word' id='word_1_265' title='bbox 601 2399 673 2429; x_wconf 86' lang='lat' dir='ltr'><strong>Loc.</strong></span> <span class='ocrx_word' id='word_1_266' title='bbox 693 2400 744 2429; x_wconf 86' lang='lat' dir='ltr'><em>cit.</em></span> <span class='ocrx_word' id='word_1_267' title='bbox 760 2406 802 2429; x_wconf 84' lang='lat' dir='ltr'><em>to.</em></span> <span class='ocrx_word' id='word_1_268' title='bbox 819 2410 850 2437; x_wconf 76' lang='lat'><em>4.</em></span> <span class='ocrx_word' id='word_1_269' title='bbox 865 2397 919 2429; x_wconf 88' lang='lat' dir='ltr'><strong>col.</strong></span> <span class='ocrx_word' id='word_1_270' title='bbox 935 2406 1009 2436; x_wconf 83' lang='lat'><em>551-</em></span> <span class='ocrx_word' id='word_1_271' title='bbox 1172 2418 1178 2424; x_wconf 86' lang='lat'><strong>·</strong></span> <span class='ocrx_word' id='word_1_272' title='bbox 1284 2397 1340 2436; x_wconf 83' lang='lat'><em>(4)</em></span> <span class='ocrx_word' id='word_1_273' title='bbox 1363 2400 1535 2430; x_wconf 78' lang='lat' dir='ltr'><em>Guarnacc.</em></span> <span class='ocrx_word' id='word_1_274' title='bbox 1563 2400 1630 2432; x_wconf 74' lang='lat' dir='ltr'><em>Vir.</em></span> <span class='ocrx_word' id='word_1_275' title='bbox 1661 2399 1776 2440; x_wconf 72' lang='lat' dir='ltr'><em>Pontis.</em></span> <span class='ocrx_word' id='word_1_276' title='bbox 1801 2406 1831 2430; x_wconf 81' lang='lat' dir='ltr'><em>et</em></span> <span class='ocrx_word' id='word_1_277' title='bbox 1847 2390 1948 2434; x_wconf 51' lang='lat' dir='ltr'><em>‘Card2</em></span> 
     </span>
     <span class='ocr_line' id='line_1_38' title="bbox 520 2442 1533 2485; baseline 0.001 -14"><span class='ocrx_word' id='word_1_278' title='bbox 520 2442 575 2480; x_wconf 76' lang='lat'><em>(2)</em></span> <span class='ocrx_word' id='word_1_279' title='bbox 605 2442 764 2474; x_wconf 81' lang='lat' dir='ltr'><em>Fattinell.</em></span> <span class='ocrx_word' id='word_1_280' title='bbox 784 2443 821 2473; x_wconf 87' lang='lat' dir='ltr'><strong>de</strong></span> <span class='ocrx_word' id='word_1_281' title='bbox 837 2443 1090 2485; x_wconf 74' lang='lat' dir='ltr'><strong>Referend.pag.</strong></span> <span class='ocrx_word' id='word_1_282' title='bbox 1109 2451 1165 2483; x_wconf 87' lang='lat'><em>79.</em></span> <span class='ocrx_word' id='word_1_283' title='bbox 1239 2450 1281 2474; x_wconf 86' lang='lat' dir='ltr'><em>to.</em></span> <span class='ocrx_word' id='word_1_284' title='bbox 1307 2451 1338 2472; x_wconf 92' lang='grc'><em>1.</em></span> <span class='ocrx_word' id='word_1_285' title='bbox 1360 2452 1438 2484; x_wconf 87' lang='lat' dir='ltr'><em>pag.</em></span> <span class='ocrx_word' id='word_1_286' title='bbox 1455 2444 1533 2483; x_wconf 88' lang='lat'>418.</span> 
     </span>
    </p>
   </div>
   <div class='ocr_carea' id='block_1_7' title="bbox 525 2486 1945 2531">
    <p class='ocr_par' dir='ltr' id='par_1_14' title="bbox 525 2486 1945 2531">
     <span class='ocr_line' id='line_1_39' title="bbox 525 2486 1945 2531; baseline 0.001 -14"><span class='ocrx_word' id='word_1_287' title='bbox 525 2486 580 2526; x_wconf 82' lang='lat'><em>(3)</em></span> <span class='ocrx_word' id='word_1_288' title='bbox 613 2487 702 2518; x_wconf 82' lang='lat' dir='ltr'><strong>Idem</strong></span> <span class='ocrx_word' id='word_1_289' title='bbox 727 2487 786 2520; x_wconf 85' lang='lat' dir='ltr'><strong>loc.</strong></span> <span class='ocrx_word' id='word_1_290' title='bbox 805 2489 857 2521; x_wconf 78' lang='lat' dir='ltr'><em>cit.</em></span> <span class='ocrx_word' id='word_1_291' title='bbox 867 2496 945 2531; x_wconf 81' lang='lat' dir='ltr'><em>pag.</em></span> <span class='ocrx_word' id='word_1_292' title='bbox 961 2487 1013 2518; x_wconf 90' lang='lat'><em>80.</em></span> <span class='ocrx_word' id='word_1_293' title='bbox 1287 2486 1341 2526; x_wconf 84' lang='lat'><em>(5)</em></span> <span class='ocrx_word' id='word_1_294' title='bbox 1364 2488 1452 2520; x_wconf 80' lang='lat' dir='ltr'><em>Idem</em></span> <span class='ocrx_word' id='word_1_295' title='bbox 1471 2491 1503 2521; x_wconf 86' lang='lat' dir='ltr'><em>in</em></span> <span class='ocrx_word' id='word_1_296' title='bbox 1522 2490 1596 2522; x_wconf 81' lang='lat' dir='ltr'><em>Vita</em></span> <span class='ocrx_word' id='word_1_297' title='bbox 1613 2487 1788 2523; x_wconf 78' lang='lat' dir='ltr'><em>cardinalis</em></span> <span class='ocrx_word' id='word_1_298' title='bbox 1804 2487 1945 2522; x_wconf 76' lang='lat' dir='ltr'><em>Passuri.</em></span> 
     </span>
    </p>
   </div>
   <div class='ocr_carea' id='block_1_8' title="bbox 473 2369 627 2380">
    <p class='ocr_par' dir='ltr' id='par_1_15' title="bbox 473 2369 627 2380">
     <span class='ocr_line' id='line_1_40' title="bbox 473 2369 627 2380; baseline 0 0"><span class='ocrx_word' id='word_1_299' title='bbox 473 2369 627 2380; x_wconf 95' lang='lat' dir='ltr'><em> </em></span> 
     </span>
    </p>
   </div>
   <div class='ocr_carea' id='block_1_9' title="bbox 629 2371 783 2381">
    <p class='ocr_par' dir='ltr' id='par_1_16' title="bbox 629 2371 783 2381">
     <span class='ocr_line' id='line_1_41' title="bbox 629 2371 783 2381; baseline 0 0"><span class='ocrx_word' id='word_1_300' title='bbox 629 2371 783 2381; x_wconf 95' lang='lat' dir='ltr'><em> </em></span> 
     </span>
    </p>
   </div>
   <div class='ocr_carea' id='block_1_10' title="bbox 785 2371 939 2380">
    <p class='ocr_par' dir='ltr' id='par_1_17' title="bbox 785 2371 939 2380">
     <span class='ocr_line' id='line_1_42' title="bbox 785 2371 939 2380; baseline 0 0"><span class='ocrx_word' id='word_1_301' title='bbox 785 2371 939 2380; x_wconf 95' lang='lat' dir='ltr'><em> </em></span> 
     </span>
    </p>
   </div>
   <div class='ocr_carea' id='block_1_11' title="bbox 941 2370 1095 2379">
    <p class='ocr_par' dir='ltr' id='par_1_18' title="bbox 941 2370 1095 2379">
     <span class='ocr_line' id='line_1_43' title="bbox 941 2370 1095 2379; baseline 0 0"><span class='ocrx_word' id='word_1_302' title='bbox 941 2370 1095 2379; x_wconf 95' lang='lat' dir='ltr'><em> </em></span> 
     </span>
    </p>
   </div>
   <div class='ocr_carea' id='block_1_12' title="bbox 1099 2369 1249 2380">
    <p class='ocr_par' dir='ltr' id='par_1_19' title="bbox 1099 2369 1249 2380">
     <span class='ocr_line' id='line_1_44' title="bbox 1099 2369 1249 2380; baseline 0 0"><span class='ocrx_word' id='word_1_303' title='bbox 1099 2369 1249 2380; x_wconf 95' lang='lat' dir='ltr'><em> </em></span> 
     </span>
    </p>
   </div>
   <div class='ocr_carea' id='block_1_13' title="bbox 1253 2370 1406 2380">
    <p class='ocr_par' dir='ltr' id='par_1_20' title="bbox 1253 2370 1406 2380">
     <span class='ocr_line' id='line_1_45' title="bbox 1253 2370 1406 2380; baseline 0 0"><span class='ocrx_word' id='word_1_304' title='bbox 1253 2370 1406 2380; x_wconf 95' lang='lat' dir='ltr'><em> </em></span> 
     </span>
    </p>
   </div>
   <div class='ocr_carea' id='block_1_14' title="bbox 1409 2371 1565 2381">
    <p class='ocr_par' dir='ltr' id='par_1_21' title="bbox 1409 2371 1565 2381">
     <span class='ocr_line' id='line_1_46' title="bbox 1409 2371 1565 2381; baseline 0 0"><span class='ocrx_word' id='word_1_305' title='bbox 1409 2371 1565 2381; x_wconf 95' lang='lat' dir='ltr'><em> </em></span> 
     </span>
    </p>
   </div>
   <div class='ocr_carea' id='block_1_15' title="bbox 1567 2371 1721 2381">
    <p class='ocr_par' dir='ltr' id='par_1_22' title="bbox 1567 2371 1721 2381">
     <span class='ocr_line' id='line_1_47' title="bbox 1567 2371 1721 2381; baseline 0 0"><span class='ocrx_word' id='word_1_306' title='bbox 1567 2371 1721 2381; x_wconf 95' lang='lat' dir='ltr'><em> </em></span> 
     </span>
    </p>
   </div>
   <div class='ocr_carea' id='block_1_16' title="bbox 1724 2370 1877 2381">
    <p class='ocr_par' dir='ltr' id='par_1_23' title="bbox 1724 2370 1877 2381">
     <span class='ocr_line' id='line_1_48' title="bbox 1724 2370 1877 2381; baseline 0 0"><span class='ocrx_word' id='word_1_307' title='bbox 1724 2370 1877 2381; x_wconf 95' lang='lat' dir='ltr'><em> </em></span> 
     </span>
    </p>
   </div>
  </div>
 </body>
</html>
