<?xml version="1.0" encoding="UTF-8"?>
<!DOCTYPE html PUBLIC "-//W3C//DTD XHTML 1.0 Transitional//EN"
    "http://www.w3.org/TR/xhtml1/DTD/xhtml1-transitional.dtd">
<html xmlns="http://www.w3.org/1999/xhtml" xml:lang="en" lang="en">
 <head>
  <title>
</title>
<meta http-equiv="Content-Type" content="text/html;charset=utf-8" />
  <meta name='ocr-system' content='tesseract 3.04.00' />
  <meta name='ocr-capabilities' content='ocr_page ocr_carea ocr_par ocr_line ocrx_word'/>
</head>
<body>
  <div class='ocr_page' id='page_1' title='image "./dejuresignaturae00vita_0319.png"; bbox 0 0 1993 3195; ppageno 0'>
   <div class='ocr_carea' id='block_1_1' title="bbox 184 252 1683 2497">
    <p class='ocr_par' dir='ltr' id='par_1_1' title="bbox 187 252 1666 404">
     <span class='ocr_line' id='line_1_1' title="bbox 391 252 1661 308; baseline 0.001 -18"><span class='ocrx_word' id='word_1_1' title='bbox 391 278 393 281; x_wconf 94' lang='lat'>-</span> <span class='ocrx_word' id='word_1_2' title='bbox 682 252 713 289; x_wconf 69' lang='lat' dir='ltr'>A*</span> <span class='ocrx_word' id='word_1_3' title='bbox 753 257 779 290; x_wconf 89' lang='lat' dir='ltr'>P</span> <span class='ocrx_word' id='word_1_4' title='bbox 817 258 844 290; x_wconf 87' lang='lat' dir='ltr'>P</span> <span class='ocrx_word' id='word_1_5' title='bbox 883 258 905 291; x_wconf 87' lang='lat' dir='ltr'>E</span> <span class='ocrx_word' id='word_1_6' title='bbox 948 259 981 291; x_wconf 93' lang='lat' dir='ltr'>N</span> <span class='ocrx_word' id='word_1_7' title='bbox 1020 258 1055 291; x_wconf 91' lang='lat' dir='ltr'>D</span> <span class='ocrx_word' id='word_1_8' title='bbox 1094 258 1110 293; x_wconf 88' lang='lat'>1</span> <span class='ocrx_word' id='word_1_9' title='bbox 1147 258 1177 292; x_wconf 86' lang='lat' dir='ltr'>X</span> <span class='ocrx_word' id='word_1_10' title='bbox 1623 276 1661 308; x_wconf 79' lang='lat'>15</span> 
     </span>
     <span class='ocr_line' id='line_1_2' title="bbox 191 305 1666 356; baseline 0.002 -16"><span class='ocrx_word' id='word_1_11' title='bbox 191 308 262 345; x_wconf 76' lang='lat' dir='ltr'>sitis</span> <span class='ocrx_word' id='word_1_12' title='bbox 280 332 290 347; x_wconf 91' lang='lat'>‚</span> <span class='ocrx_word' id='word_1_13' title='bbox 321 306 362 339; x_wconf 87' lang='lat' dir='ltr'>de</span> <span class='ocrx_word' id='word_1_14' title='bbox 378 305 574 339; x_wconf 88' lang='lat' dir='ltr'>eorumdem</span> <span class='ocrx_word' id='word_1_15' title='bbox 589 326 599 342; x_wconf 89' lang='lat'>‚</span> <span class='ocrx_word' id='word_1_16' title='bbox 632 315 670 338; x_wconf 87' lang='lat' dir='ltr'>ac</span> <span class='ocrx_word' id='word_1_17' title='bbox 687 312 886 339; x_wconf 81' lang='lat' dir='ltr'>caeterorum</span> <span class='ocrx_word' id='word_1_18' title='bbox 920 306 1070 339; x_wconf 79' lang='lat' dir='ltr'>Fratrum</span> <span class='ocrx_word' id='word_1_19' title='bbox 1087 314 1279 341; x_wconf 82' lang='lat' dir='ltr'>nostrorum</span> <span class='ocrx_word' id='word_1_20' title='bbox 1296 306 1438 339; x_wconf 89' lang='lat' dir='ltr'>consilio</span> <span class='ocrx_word' id='word_1_21' title='bbox 1456 330 1466 346; x_wconf 92' lang='lat'>,</span> <span class='ocrx_word' id='word_1_22' title='bbox 1493 310 1574 343; x_wconf 82' lang='lat' dir='ltr'>acin</span> <span class='ocrx_word' id='word_1_23' title='bbox 1595 324 1666 356; x_wconf 66' lang='lat' dir='ltr'>per.</span> 
     </span>
     <span class='ocr_line' id='line_1_3' title="bbox 187 351 954 404; baseline -0.008 -13"><span class='ocrx_word' id='word_1_24' title='bbox 187 365 325 404; x_wconf 88' lang='lat' dir='ltr'>petuum</span> <span class='ocrx_word' id='word_1_25' title='bbox 347 355 492 387; x_wconf 85' lang='lat' dir='ltr'>valitura</span> <span class='ocrx_word' id='word_1_26' title='bbox 507 351 747 387; x_wconf 84' lang='lat' dir='ltr'>constitutione</span> <span class='ocrx_word' id='word_1_27' title='bbox 763 353 927 387; x_wconf 80' lang='lat' dir='ltr'>sancimus</span> <span class='ocrx_word' id='word_1_28' title='bbox 945 376 954 385; x_wconf 94' lang='lat'><em>.</em></span> 
     </span>
    </p>

    <p class='ocr_par' dir='ltr' id='par_1_2' title="bbox 285 400 1667 446">
     <span class='ocr_line' id='line_1_4' title="bbox 285 400 1667 446; baseline 0 -10"><span class='ocrx_word' id='word_1_29' title='bbox 285 403 330 437; x_wconf 87' lang='lat'>11.</span> <span class='ocrx_word' id='word_1_30' title='bbox 358 403 461 446; x_wconf 88' lang='lat' dir='ltr'>Quod</span> <span class='ocrx_word' id='word_1_31' title='bbox 480 401 588 437; x_wconf 89' lang='lat' dir='ltr'>nullus</span> <span class='ocrx_word' id='word_1_32' title='bbox 616 413 656 437; x_wconf 85' lang='lat' dir='ltr'>ex</span> <span class='ocrx_word' id='word_1_33' title='bbox 675 400 771 436; x_wconf 90' lang='lat' dir='ltr'>dictis</span> <span class='ocrx_word' id='word_1_34' title='bbox 801 401 1048 436; x_wconf 84' lang='lat' dir='ltr'>Referendariis</span> <span class='ocrx_word' id='word_1_35' title='bbox 1078 402 1289 446; x_wconf 74' lang='lat' dir='ltr'>propositas.</span> <span class='ocrx_word' id='word_1_36' title='bbox 1319 410 1352 434; x_wconf 89' lang='lat' dir='ltr'>et</span> <span class='ocrx_word' id='word_1_37' title='bbox 1386 401 1523 440; x_wconf 70' lang='lat' dir='ltr'>reiectas</span> <span class='ocrx_word' id='word_1_38' title='bbox 1563 404 1592 439; x_wconf 90' lang='lat' dir='ltr'>in</span> <span class='ocrx_word' id='word_1_39' title='bbox 1621 409 1667 441; x_wconf 89' lang='lat' dir='ltr'>Si.</span> 
     </span>
    </p>

    <p class='ocr_par' dir='ltr' id='par_1_3' title="bbox 185 448 1666 598">
     <span class='ocr_line' id='line_1_5' title="bbox 211 448 1666 498; baseline 0.002 -12"><span class='ocrx_word' id='word_1_40' title='bbox 211 461 325 487; x_wconf 88' lang='lat' dir='ltr'>natura</span> <span class='ocrx_word' id='word_1_41' title='bbox 353 453 467 498; x_wconf 83' lang='lat' dir='ltr'>gratiae</span> <span class='ocrx_word' id='word_1_42' title='bbox 500 464 611 488; x_wconf 85' lang='lat' dir='ltr'>coram</span> <span class='ocrx_word' id='word_1_43' title='bbox 650 450 744 485; x_wconf 79' lang='lat' dir='ltr'>nobis</span> <span class='ocrx_word' id='word_1_44' title='bbox 774 461 965 497; x_wconf 78' lang='lat' dir='ltr'>proponere</span> <span class='ocrx_word' id='word_1_45' title='bbox 986 454 1131 490; x_wconf 82' lang='lat' dir='ltr'>audeat,</span> <span class='ocrx_word' id='word_1_46' title='bbox 1159 451 1220 485; x_wconf 90' lang='lat' dir='ltr'>nisi</span> <span class='ocrx_word' id='word_1_47' title='bbox 1238 448 1308 484; x_wconf 86' lang='lat' dir='ltr'>talis</span> <span class='ocrx_word' id='word_1_48' title='bbox 1341 449 1382 483; x_wconf 86' lang='lat' dir='ltr'>sit</span> <span class='ocrx_word' id='word_1_49' title='bbox 1400 453 1562 493; x_wconf 83' lang='lat' dir='ltr'>materia,</span> <span class='ocrx_word' id='word_1_50' title='bbox 1595 449 1666 491; x_wconf 57' lang='lat' dir='ltr'>onai</span> 
     </span>
     <span class='ocr_line' id='line_1_6' title="bbox 185 465 1665 586; baseline -0.001 -50"><span class='ocrx_word' id='word_1_51' title='bbox 185 465 361 586; x_wconf 60' lang='lat' dir='ltr'>{ciendam</span> <span class='ocrx_word' id='word_1_52' title='bbox 404 510 550 537; x_wconf 79' lang='lat' dir='ltr'>nostram</span> <span class='ocrx_word' id='word_1_53' title='bbox 587 500 761 547; x_wconf 79' lang='lat' dir='ltr'>requirat,</span> <span class='ocrx_word' id='word_1_54' title='bbox 791 511 847 535; x_wconf 83' lang='lat' dir='ltr'>aut</span> <span class='ocrx_word' id='word_1_55' title='bbox 863 512 935 547; x_wconf 82' lang='lat' dir='ltr'>quae</span> <span class='ocrx_word' id='word_1_56' title='bbox 960 512 1019 546; x_wconf 83' lang='lat' dir='ltr'>per</span> <span class='ocrx_word' id='word_1_57' title='bbox 1033 501 1245 548; x_wconf 83' lang='lat' dir='ltr'>Signaturam</span> <span class='ocrx_word' id='word_1_58' title='bbox 1271 498 1413 540; x_wconf 72' lang='lat' dir='ltr'>Justitiae</span> <span class='ocrx_word' id='word_1_59' title='bbox 1454 502 1492 535; x_wconf 81' lang='lat' dir='ltr'>ad</span> <span class='ocrx_word' id='word_1_60' title='bbox 1516 504 1665 540; x_wconf 76' lang='lat' dir='ltr'>eamdem</span> 
     </span>
     <span class='ocr_line' id='line_1_7' title="bbox 212 549 857 598; baseline -0.005 -12"><span class='ocrx_word' id='word_1_61' title='bbox 212 551 401 598; x_wconf 81' lang='lat' dir='ltr'>ignaturam</span> <span class='ocrx_word' id='word_1_62' title='bbox 435 552 544 597; x_wconf 84' lang='lat' dir='ltr'>gratiae</span> <span class='ocrx_word' id='word_1_63' title='bbox 573 551 708 586; x_wconf 86' lang='lat' dir='ltr'>remissa</span> <span class='ocrx_word' id='word_1_64' title='bbox 724 549 829 585; x_wconf 84' lang='lat' dir='ltr'>fuerit</span> <span class='ocrx_word' id='word_1_65' title='bbox 848 575 857 583; x_wconf 95' lang='lat'><strong><em>.</em></strong></span> 
     </span>
    </p>

    <p class='ocr_par' dir='ltr' id='par_1_4' title="bbox 187 597 1671 784">
     <span class='ocr_line' id='line_1_8' title="bbox 286 597 1671 646; baseline -0.001 -11"><span class='ocrx_word' id='word_1_66' title='bbox 286 601 349 635; x_wconf 88' lang='lat'>111.</span> <span class='ocrx_word' id='word_1_67' title='bbox 378 600 453 634; x_wconf 91' lang='lat' dir='ltr'>Nec</span> <span class='ocrx_word' id='word_1_68' title='bbox 469 600 500 634; x_wconf 92' lang='lat' dir='ltr'>in</span> <span class='ocrx_word' id='word_1_69' title='bbox 517 600 662 644; x_wconf 79' lang='lat' dir='ltr'>antiquis</span> <span class='ocrx_word' id='word_1_70' title='bbox 676 622 687 639; x_wconf 89' lang='lat'>‚</span> <span class='ocrx_word' id='word_1_71' title='bbox 715 611 753 635; x_wconf 83' lang='lat' dir='ltr'>ac</span> <span class='ocrx_word' id='word_1_72' title='bbox 767 599 877 635; x_wconf 80' lang='lat' dir='ltr'>arduis</span> <span class='ocrx_word' id='word_1_73' title='bbox 894 599 1041 635; x_wconf 82' lang='lat' dir='ltr'>materiis</span> <span class='ocrx_word' id='word_1_74' title='bbox 1058 623 1069 640; x_wconf 90' lang='lat'>‚</span> <span class='ocrx_word' id='word_1_75' title='bbox 1099 601 1129 635; x_wconf 87' lang='lat' dir='ltr'>in</span> <span class='ocrx_word' id='word_1_76' title='bbox 1147 599 1267 646; x_wconf 84' lang='lat' dir='ltr'>quibus</span> <span class='ocrx_word' id='word_1_77' title='bbox 1282 597 1395 643; x_wconf 83' lang='lat' dir='ltr'>plures</span> <span class='ocrx_word' id='word_1_78' title='bbox 1422 598 1498 632; x_wconf 90' lang='lat' dir='ltr'>hinc</span> <span class='ocrx_word' id='word_1_79' title='bbox 1527 598 1602 635; x_wconf 87' lang='lat' dir='ltr'>inde</span> <span class='ocrx_word' id='word_1_80' title='bbox 1616 614 1671 636; x_wconf 77' lang='lat' dir='ltr'>ex.</span> 
     </span>
     <span class='ocr_line' id='line_1_9' title="bbox 188 647 1669 696; baseline -0.003 -12"><span class='ocrx_word' id='word_1_81' title='bbox 188 651 312 696; x_wconf 84' lang='lat' dir='ltr'>peditae</span> <span class='ocrx_word' id='word_1_82' title='bbox 331 649 456 684; x_wconf 81' lang='lat' dir='ltr'>fuerint</span> <span class='ocrx_word' id='word_1_83' title='bbox 472 648 728 689; x_wconf 81' lang='lat' dir='ltr'>commissiones</span> <span class='ocrx_word' id='word_1_84' title='bbox 744 673 753 689; x_wconf 90' lang='lat'><strong>,</strong></span> <span class='ocrx_word' id='word_1_85' title='bbox 772 650 849 684; x_wconf 87' lang='lat' dir='ltr'>etin</span> <span class='ocrx_word' id='word_1_86' title='bbox 868 649 1067 685; x_wconf 85' lang='lat' dir='ltr'>avocatcriis</span> <span class='ocrx_word' id='word_1_87' title='bbox 1083 661 1100 684; x_wconf 81' lang='lat' dir='ltr'>a</span> <span class='ocrx_word' id='word_1_88' title='bbox 1119 649 1290 694; x_wconf 81' lang='lat' dir='ltr'>prioribus</span> <span class='ocrx_word' id='word_1_89' title='bbox 1307 647 1481 689; x_wconf 77' lang='lat' dir='ltr'>judicibus</span> <span class='ocrx_word' id='word_1_90' title='bbox 1498 672 1507 688; x_wconf 91' lang='lat'>‚</span> <span class='ocrx_word' id='word_1_91' title='bbox 1539 660 1572 684; x_wconf 78' lang='lat' dir='ltr'>et</span> <span class='ocrx_word' id='word_1_92' title='bbox 1587 662 1669 695; x_wconf 72' lang='lat' dir='ltr'>quo.</span> 
     </span>
     <span class='ocr_line' id='line_1_10' title="bbox 187 698 1668 746; baseline -0.001 -12"><span class='ocrx_word' id='word_1_93' title='bbox 187 700 241 734; x_wconf 88' lang='lat' dir='ltr'>vis</span> <span class='ocrx_word' id='word_1_94' title='bbox 260 700 361 734; x_wconf 85' lang='lat' dir='ltr'>modo</span> <span class='ocrx_word' id='word_1_95' title='bbox 378 698 659 743; x_wconf 80' lang='lat' dir='ltr'>praejudicialibus</span> <span class='ocrx_word' id='word_1_96' title='bbox 674 722 686 739; x_wconf 86' lang='grc'>,</span> <span class='ocrx_word' id='word_1_97' title='bbox 713 710 844 735; x_wconf 82' lang='lat' dir='ltr'>manum</span> <span class='ocrx_word' id='word_1_98' title='bbox 861 710 1030 746; x_wconf 85' lang='lat' dir='ltr'>apponere</span> <span class='ocrx_word' id='word_1_99' title='bbox 1045 723 1056 738; x_wconf 92' lang='lat'>,</span> <span class='ocrx_word' id='word_1_100' title='bbox 1088 698 1150 734; x_wconf 88' lang='lat' dir='ltr'>nisi</span> <span class='ocrx_word' id='word_1_101' title='bbox 1171 698 1276 743; x_wconf 83' lang='lat' dir='ltr'>ipsius</span> <span class='ocrx_word' id='word_1_102' title='bbox 1295 700 1396 733; x_wconf 88' lang='lat' dir='ltr'>citata</span> <span class='ocrx_word' id='word_1_103' title='bbox 1412 707 1523 733; x_wconf 76' lang='lat' dir='ltr'>coram</span> <span class='ocrx_word' id='word_1_104' title='bbox 1546 711 1583 733; x_wconf 84' lang='lat' dir='ltr'>ea</span> <span class='ocrx_word' id='word_1_105' title='bbox 1597 711 1668 744; x_wconf 84' lang='lat' dir='ltr'>par-</span> 
     </span>
     <span class='ocr_line' id='line_1_11' title="bbox 187 748 582 784; baseline 0.003 -1"><span class='ocrx_word' id='word_1_106' title='bbox 187 756 221 783; x_wconf 87' lang='lat' dir='ltr'>te</span> <span class='ocrx_word' id='word_1_107' title='bbox 238 748 398 783; x_wconf 88' lang='lat' dir='ltr'>interesse</span> <span class='ocrx_word' id='word_1_108' title='bbox 414 749 556 783; x_wconf 84' lang='lat' dir='ltr'>habente</span> <span class='ocrx_word' id='word_1_109' title='bbox 572 772 582 784; x_wconf 85' lang='lat'><strong>.</strong></span> 
     </span>
    </p>

    <p class='ocr_par' dir='ltr' id='par_1_5' title="bbox 186 794 1670 1090">
     <span class='ocr_line' id='line_1_12' title="bbox 285 794 1670 844; baseline -0.002 -12"><span class='ocrx_word' id='word_1_110' title='bbox 285 797 507 835; x_wconf 75' lang='lat' dir='ltr'>1V..Etcum</span> <span class='ocrx_word' id='word_1_111' title='bbox 536 796 650 844; x_wconf 83' lang='lat' dir='ltr'>agitur</span> <span class='ocrx_word' id='word_1_112' title='bbox 677 798 718 832; x_wconf 91' lang='lat' dir='ltr'>de</span> <span class='ocrx_word' id='word_1_113' title='bbox 736 797 976 837; x_wconf 82' lang='lat' dir='ltr'>revocatione,</span> <span class='ocrx_word' id='word_1_114' title='bbox 1011 806 1066 832; x_wconf 82' lang='lat' dir='ltr'>aut</span> <span class='ocrx_word' id='word_1_115' title='bbox 1085 795 1320 831; x_wconf 80' lang='lat' dir='ltr'>moderatione</span> <span class='ocrx_word' id='word_1_116' title='bbox 1342 794 1482 835; x_wconf 78' lang='lat' dir='ltr'>alicujus</span> <span class='ocrx_word' id='word_1_117' title='bbox 1498 797 1670 840; x_wconf 77' lang='lat' dir='ltr'>praeinser-</span> 
     </span>
     <span class='ocr_line' id='line_1_13' title="bbox 186 845 1668 892; baseline -0.001 -11"><span class='ocrx_word' id='word_1_118' title='bbox 186 854 227 881; x_wconf 82' lang='lat' dir='ltr'>tae</span> <span class='ocrx_word' id='word_1_119' title='bbox 257 845 401 882; x_wconf 78' lang='lat' dir='ltr'>similem</span> <span class='ocrx_word' id='word_1_120' title='bbox 439 859 569 883; x_wconf 84' lang='lat' dir='ltr'>manum</span> <span class='ocrx_word' id='word_1_121' title='bbox 602 858 666 888; x_wconf 67' lang='lat' dir='ltr'>non</span> <span class='ocrx_word' id='word_1_122' title='bbox 697 857 844 892; x_wconf 86' lang='lat' dir='ltr'>apponat</span> <span class='ocrx_word' id='word_1_123' title='bbox 883 846 941 882; x_wconf 88' lang='lat' dir='ltr'>nisi</span> <span class='ocrx_word' id='word_1_124' title='bbox 974 847 1005 881; x_wconf 89' lang='lat' dir='ltr'>in</span> <span class='ocrx_word' id='word_1_125' title='bbox 1025 845 1220 892; x_wconf 81' lang='lat' dir='ltr'>praeinserta</span> <span class='ocrx_word' id='word_1_126' title='bbox 1247 846 1442 890; x_wconf 84' lang='lat' dir='ltr'>appositum</span> <span class='ocrx_word' id='word_1_127' title='bbox 1487 845 1529 880; x_wconf 89' lang='lat' dir='ltr'>sit</span> <span class='ocrx_word' id='word_1_128' title='bbox 1547 858 1668 880; x_wconf 87' lang='lat' dir='ltr'>nomen</span> 
     </span>
     <span class='ocr_line' id='line_1_14' title="bbox 188 895 1669 943; baseline 0.001 -15"><span class='ocrx_word' id='word_1_129' title='bbox 188 895 451 937; x_wconf 70' lang='lat' dir='ltr'>Referendarii,</span> <span class='ocrx_word' id='word_1_130' title='bbox 483 900 537 943; x_wconf 85' lang='lat' dir='ltr'>qui</span> <span class='ocrx_word' id='word_1_131' title='bbox 557 895 601 932; x_wconf 92' lang='lat' dir='ltr'>illi</span> <span class='ocrx_word' id='word_1_132' title='bbox 629 907 762 931; x_wconf 88' lang='lat' dir='ltr'>manum</span> <span class='ocrx_word' id='word_1_133' title='bbox 793 897 973 943; x_wconf 84' lang='lat' dir='ltr'>apposuit,</span> <span class='ocrx_word' id='word_1_134' title='bbox 1006 906 1042 931; x_wconf 88' lang='lat' dir='ltr'>ut</span> <span class='ocrx_word' id='word_1_135' title='bbox 1057 896 1221 930; x_wconf 78' lang='lat' dir='ltr'>rationem</span> <span class='ocrx_word' id='word_1_136' title='bbox 1259 895 1413 928; x_wconf 84' lang='lat' dir='ltr'>redderet</span> <span class='ocrx_word' id='word_1_137' title='bbox 1434 904 1493 931; x_wconf 85' lang='lat' dir='ltr'>,et</span> <span class='ocrx_word' id='word_1_138' title='bbox 1521 906 1591 929; x_wconf 84' lang='lat' dir='ltr'>earn</span> <span class='ocrx_word' id='word_1_139' title='bbox 1620 897 1669 934; x_wconf 85' lang='lat' dir='ltr'>iu-</span> 
     </span>
     <span class='ocr_line' id='line_1_15' title="bbox 187 943 1669 991; baseline 0.001 -14"><span class='ocrx_word' id='word_1_140' title='bbox 187 945 330 979; x_wconf 82' lang='lat' dir='ltr'>stificare</span> <span class='ocrx_word' id='word_1_141' title='bbox 356 947 488 991; x_wconf 90' lang='lat' dir='ltr'>possit.</span> <span class='ocrx_word' id='word_1_142' title='bbox 522 947 599 982; x_wconf 89' lang='lat' dir='ltr'>Nec</span> <span class='ocrx_word' id='word_1_143' title='bbox 615 946 715 980; x_wconf 81' lang='lat' dir='ltr'>etiam</span> <span class='ocrx_word' id='word_1_144' title='bbox 733 947 930 982; x_wconf 81' lang='lat' dir='ltr'>reformatio</span> <span class='ocrx_word' id='word_1_145' title='bbox 947 970 956 985; x_wconf 88' lang='lat'>,</span> <span class='ocrx_word' id='word_1_146' title='bbox 972 945 1043 979; x_wconf 85' lang='lat' dir='ltr'>sive</span> <span class='ocrx_word' id='word_1_147' title='bbox 1075 943 1262 979; x_wconf 79' lang='lat' dir='ltr'>moderatio</span> <span class='ocrx_word' id='word_1_148' title='bbox 1291 943 1440 982; x_wconf 84' lang='lat' dir='ltr'>ejusdem</span> <span class='ocrx_word' id='word_1_149' title='bbox 1470 944 1669 986; x_wconf 83' lang='lat' dir='ltr'>praeinsertae</span> 
     </span>
     <span class='ocr_line' id='line_1_16' title="bbox 189 991 1670 1041; baseline -0.001 -14"><span class='ocrx_word' id='word_1_150' title='bbox 189 995 228 1028; x_wconf 87' lang='lat' dir='ltr'>ab</span> <span class='ocrx_word' id='word_1_151' title='bbox 245 995 387 1028; x_wconf 84' lang='lat' dir='ltr'>habente</span> <span class='ocrx_word' id='word_1_152' title='bbox 404 996 616 1041; x_wconf 78' lang='lat' dir='ltr'>Signaturam</span> <span class='ocrx_word' id='word_1_153' title='bbox 642 994 816 1036; x_wconf 84' lang='lat' dir='ltr'>Justitiae,</span> <span class='ocrx_word' id='word_1_154' title='bbox 844 995 1043 1030; x_wconf 88' lang='lat' dir='ltr'>nisinomen</span> <span class='ocrx_word' id='word_1_155' title='bbox 1072 991 1302 1027; x_wconf 83' lang='lat' dir='ltr'>Referendarii</span> <span class='ocrx_word' id='word_1_156' title='bbox 1333 1015 1342 1030; x_wconf 91' lang='lat'>,</span> <span class='ocrx_word' id='word_1_157' title='bbox 1385 999 1423 1026; x_wconf 93' lang='lat' dir='ltr'>ut</span> <span class='ocrx_word' id='word_1_158' title='bbox 1455 991 1670 1035; x_wconf 67' lang='lat' dir='ltr'>praemittitur</span> 
     </span>
     <span class='ocr_line' id='line_1_17' title="bbox 189 1041 1371 1090; baseline -0.002 -13"><span class='ocrx_word' id='word_1_159' title='bbox 189 1042 221 1077; x_wconf 91' lang='lat' dir='ltr'>in</span> <span class='ocrx_word' id='word_1_160' title='bbox 238 1043 305 1089; x_wconf 84' lang='lat' dir='ltr'>ipsa</span> <span class='ocrx_word' id='word_1_161' title='bbox 335 1044 524 1089; x_wconf 81' lang='lat' dir='ltr'>praeinserta</span> <span class='ocrx_word' id='word_1_162' title='bbox 548 1045 738 1090; x_wconf 84' lang='lat' dir='ltr'>appositum</span> <span class='ocrx_word' id='word_1_163' title='bbox 772 1045 901 1084; x_wconf 88' lang='lat' dir='ltr'>fuerit,</span> <span class='ocrx_word' id='word_1_164' title='bbox 930 1044 1043 1088; x_wconf 89' lang='lat' dir='ltr'>aliquo</span> <span class='ocrx_word' id='word_1_165' title='bbox 1061 1042 1165 1076; x_wconf 85' lang='lat' dir='ltr'>modo</span> <span class='ocrx_word' id='word_1_166' title='bbox 1192 1041 1342 1087; x_wconf 80' lang='lat' dir='ltr'>signetur</span> <span class='ocrx_word' id='word_1_167' title='bbox 1362 1063 1371 1073; x_wconf 85' lang='lat'>·</span> 
     </span>
    </p>

    <p class='ocr_par' dir='ltr' id='par_1_6' title="bbox 184 1087 1672 1382">
     <span class='ocr_line' id='line_1_18' title="bbox 286 1087 1669 1138; baseline -0.004 -9"><span class='ocrx_word' id='word_1_168' title='bbox 286 1091 332 1129; x_wconf 86' lang='lat' dir='ltr'>V.</span> <span class='ocrx_word' id='word_1_169' title='bbox 361 1092 472 1128; x_wconf 79' lang='lat' dir='ltr'>Minus</span> <span class='ocrx_word' id='word_1_170' title='bbox 489 1096 518 1128; x_wconf 91' lang='lat' dir='ltr'>in</span> <span class='ocrx_word' id='word_1_171' title='bbox 534 1093 828 1129; x_wconf 85' lang='lat' dir='ltr'>commissionibus</span> <span class='ocrx_word' id='word_1_172' title='bbox 858 1091 1121 1138; x_wconf 75' lang='lat' dir='ltr'>appellationum</span> <span class='ocrx_word' id='word_1_173' title='bbox 1149 1093 1188 1126; x_wconf 84' lang='lat' dir='ltr'>ab</span> <span class='ocrx_word' id='word_1_174' title='bbox 1203 1087 1473 1127; x_wconf 76' lang='lat' dir='ltr'>interlocutoriis</span> <span class='ocrx_word' id='word_1_175' title='bbox 1491 1111 1502 1127; x_wconf 90' lang='lat'><strong>,</strong></span> <span class='ocrx_word' id='word_1_176' title='bbox 1533 1088 1595 1123; x_wconf 86' lang='lat' dir='ltr'>nisi</span> <span class='ocrx_word' id='word_1_177' title='bbox 1614 1100 1669 1123; x_wconf 65' lang='lat' dir='ltr'>en-</span> 
     </span>
     <span class='ocr_line' id='line_1_19' title="bbox 184 1137 1672 1185; baseline -0.003 -11"><span class='ocrx_word' id='word_1_178' title='bbox 184 1151 304 1185; x_wconf 86' lang='lat' dir='ltr'>presso</span> <span class='ocrx_word' id='word_1_179' title='bbox 332 1142 726 1185; x_wconf 68' lang='lat' dir='ltr'>relevantigrava1nine3</span> <span class='ocrx_word' id='word_1_180' title='bbox 760 1153 820 1176; x_wconf 87' lang='lat' dir='ltr'>nec</span> <span class='ocrx_word' id='word_1_181' title='bbox 837 1154 912 1175; x_wconf 85' lang='lat' dir='ltr'>cum</span> <span class='ocrx_word' id='word_1_182' title='bbox 930 1140 1116 1185; x_wconf 86' lang='lat' dir='ltr'>appellatur</span> <span class='ocrx_word' id='word_1_183' title='bbox 1147 1152 1163 1173; x_wconf 84' lang='lat' dir='ltr'>a</span> <span class='ocrx_word' id='word_1_184' title='bbox 1180 1138 1357 1173; x_wconf 88' lang='lat' dir='ltr'>diffinitiva</span> <span class='ocrx_word' id='word_1_185' title='bbox 1373 1161 1383 1177; x_wconf 91' lang='lat'>,</span> <span class='ocrx_word' id='word_1_186' title='bbox 1415 1145 1473 1171; x_wconf 85' lang='lat' dir='ltr'>aut</span> <span class='ocrx_word' id='word_1_187' title='bbox 1489 1148 1565 1171; x_wconf 89' lang='lat' dir='ltr'>cum</span> <span class='ocrx_word' id='word_1_188' title='bbox 1585 1137 1672 1171; x_wconf 87' lang='lat' dir='ltr'>clau-</span> 
     </span>
     <span class='ocr_line' id='line_1_20' title="bbox 184 1184 1671 1233; baseline -0.003 -9"><span class='ocrx_word' id='word_1_189' title='bbox 184 1188 282 1229; x_wconf 81' lang='lat' dir='ltr'>sula,</span> <span class='ocrx_word' id='word_1_190' title='bbox 310 1198 370 1233; x_wconf 14' lang='lat' dir='ltr'>Vaut</span> <span class='ocrx_word' id='word_1_191' title='bbox 383 1190 452 1225; x_wconf 89' lang='lat' dir='ltr'>vim</span> <span class='ocrx_word' id='word_1_192' title='bbox 481 1189 667 1225; x_wconf 82' lang='lat' dir='ltr'>diffinitivae</span> <span class='ocrx_word' id='word_1_193' title='bbox 697 1191 864 1229; x_wconf 80' lang='lat' dir='ltr'>habente,</span> <span class='ocrx_word' id='word_1_194' title='bbox 895 1189 955 1223; x_wconf 85' lang='lat' dir='ltr'>nisi</span> <span class='ocrx_word' id='word_1_195' title='bbox 974 1200 1025 1222; x_wconf 87' lang='lat' dir='ltr'>res</span> <span class='ocrx_word' id='word_1_196' title='bbox 1041 1189 1123 1222; x_wconf 86' lang='lat' dir='ltr'>adeo</span> <span class='ocrx_word' id='word_1_197' title='bbox 1137 1187 1374 1232; x_wconf 78' lang='lat' dir='ltr'>exprimatur,</span> <span class='ocrx_word' id='word_1_198' title='bbox 1405 1194 1444 1219; x_wconf 92' lang='lat' dir='ltr'>ut</span> <span class='ocrx_word' id='word_1_199' title='bbox 1457 1184 1570 1220; x_wconf 81' lang='lat' dir='ltr'>videat</span> <span class='ocrx_word' id='word_1_200' title='bbox 1600 1186 1671 1220; x_wconf 85' lang='lat' dir='ltr'>Re-</span> 
     </span>
     <span class='ocr_line' id='line_1_21' title="bbox 186 1234 1670 1284; baseline -0.002 -12"><span class='ocrx_word' id='word_1_201' title='bbox 186 1237 393 1273; x_wconf 80' lang='lat' dir='ltr'>ferendarius</span> <span class='ocrx_word' id='word_1_202' title='bbox 415 1263 426 1278; x_wconf 94' lang='lat'>‚</span> <span class='ocrx_word' id='word_1_203' title='bbox 480 1251 517 1273; x_wconf 86' lang='lat' dir='ltr'>an</span> <span class='ocrx_word' id='word_1_204' title='bbox 538 1239 602 1273; x_wconf 86' lang='lat' dir='ltr'>tale</span> <span class='ocrx_word' id='word_1_205' title='bbox 630 1238 672 1272; x_wconf 88' lang='lat' dir='ltr'>sit</span> <span class='ocrx_word' id='word_1_206' title='bbox 691 1250 867 1284; x_wconf 79' lang='lat' dir='ltr'>gravamen</span> <span class='ocrx_word' id='word_1_207' title='bbox 901 1262 912 1279; x_wconf 87' lang='lat'><strong>,</strong></span> <span class='ocrx_word' id='word_1_208' title='bbox 953 1238 1045 1283; x_wconf 87' lang='lat' dir='ltr'>quod</span> <span class='ocrx_word' id='word_1_209' title='bbox 1073 1248 1134 1283; x_wconf 87' lang='lat' dir='ltr'>per</span> <span class='ocrx_word' id='word_1_210' title='bbox 1168 1235 1377 1271; x_wconf 84' lang='lat' dir='ltr'>diffinitivam</span> <span class='ocrx_word' id='word_1_211' title='bbox 1423 1234 1568 1278; x_wconf 82' lang='lat' dir='ltr'>reparari</span> <span class='ocrx_word' id='word_1_212' title='bbox 1605 1247 1670 1269; x_wconf 85' lang='lat' dir='ltr'>non</span> 
     </span>
     <span class='ocr_line' id='line_1_22' title="bbox 187 1282 1671 1332; baseline -0.003 -11"><span class='ocrx_word' id='word_1_213' title='bbox 187 1287 318 1332; x_wconf 88' lang='lat' dir='ltr'>possit.</span> <span class='ocrx_word' id='word_1_214' title='bbox 345 1286 384 1321; x_wconf 84' lang='lat' dir='ltr'>Et</span> <span class='ocrx_word' id='word_1_215' title='bbox 399 1286 424 1321; x_wconf 89' lang='lat' dir='ltr'>si</span> <span class='ocrx_word' id='word_1_216' title='bbox 444 1288 474 1322; x_wconf 90' lang='lat' dir='ltr'>in</span> <span class='ocrx_word' id='word_1_217' title='bbox 491 1286 730 1322; x_wconf 78' lang='lat' dir='ltr'>commissione</span> <span class='ocrx_word' id='word_1_218' title='bbox 759 1285 911 1332; x_wconf 86' lang='lat' dir='ltr'>apposita</span> <span class='ocrx_word' id='word_1_219' title='bbox 942 1286 1048 1320; x_wconf 86' lang='lat' dir='ltr'>fuerit</span> <span class='ocrx_word' id='word_1_220' title='bbox 1073 1285 1221 1320; x_wconf 87' lang='lat' dir='ltr'>clausula</span> <span class='ocrx_word' id='word_1_221' title='bbox 1235 1296 1311 1319; x_wconf 87' lang='lat' dir='ltr'>cum</span> <span class='ocrx_word' id='word_1_222' title='bbox 1333 1291 1407 1318; x_wconf 87' lang='lat' dir='ltr'>toto</span> <span class='ocrx_word' id='word_1_223' title='bbox 1425 1287 1564 1328; x_wconf 79' lang='lat' dir='ltr'>negotio</span> <span class='ocrx_word' id='word_1_224' title='bbox 1580 1282 1671 1329; x_wconf 90' lang='lat' dir='ltr'>prin-</span> 
     </span>
     <span class='ocr_line' id='line_1_23' title="bbox 187 1334 1270 1382; baseline 0 -13"><span class='ocrx_word' id='word_1_225' title='bbox 187 1334 287 1380; x_wconf 86' lang='lat' dir='ltr'>cipali</span> <span class='ocrx_word' id='word_1_226' title='bbox 302 1359 312 1374; x_wconf 78' lang='grc'>,</span> <span class='ocrx_word' id='word_1_227' title='bbox 344 1344 423 1370; x_wconf 87' lang='lat' dir='ltr'>tunc</span> <span class='ocrx_word' id='word_1_228' title='bbox 441 1337 583 1371; x_wconf 83' lang='lat' dir='ltr'>addatur</span> <span class='ocrx_word' id='word_1_229' title='bbox 596 1336 777 1375; x_wconf 83' lang='lat' dir='ltr'>justificato</span> <span class='ocrx_word' id='word_1_230' title='bbox 805 1344 916 1371; x_wconf 82' lang='lat' dir='ltr'>tamen</span> <span class='ocrx_word' id='word_1_231' title='bbox 932 1335 1023 1370; x_wconf 91' lang='lat' dir='ltr'>dicto</span> <span class='ocrx_word' id='word_1_232' title='bbox 1039 1334 1230 1382; x_wconf 83' lang='lat' dir='ltr'>gravamine</span> <span class='ocrx_word' id='word_1_233' title='bbox 1259 1358 1270 1369; x_wconf 85' lang='lat'><strong>.</strong></span> 
     </span>
    </p>

    <p class='ocr_par' dir='ltr' id='par_1_7' title="bbox 185 1379 1673 1576">
     <span class='ocr_line' id='line_1_24' title="bbox 284 1379 1672 1427; baseline -0.003 -11"><span class='ocrx_word' id='word_1_234' title='bbox 284 1383 348 1416; x_wconf 88' lang='lat' dir='ltr'>VI.</span> <span class='ocrx_word' id='word_1_235' title='bbox 376 1385 574 1419; x_wconf 84' lang='lat' dir='ltr'>Abstineant</span> <span class='ocrx_word' id='word_1_236' title='bbox 601 1383 742 1419; x_wconf 86' lang='lat' dir='ltr'>ulterius</span> <span class='ocrx_word' id='word_1_237' title='bbox 765 1385 996 1420; x_wconf 85' lang='lat' dir='ltr'>Referendarii</span> <span class='ocrx_word' id='word_1_238' title='bbox 1025 1386 1064 1418; x_wconf 88' lang='lat' dir='ltr'>ab</span> <span class='ocrx_word' id='word_1_239' title='bbox 1080 1382 1293 1427; x_wconf 84' lang='lat' dir='ltr'>appositione</span> <span class='ocrx_word' id='word_1_240' title='bbox 1322 1392 1480 1416; x_wconf 88' lang='lat' dir='ltr'>manuum</span> <span class='ocrx_word' id='word_1_241' title='bbox 1514 1379 1544 1413; x_wconf 89' lang='lat' dir='ltr'>in</span> <span class='ocrx_word' id='word_1_242' title='bbox 1576 1391 1672 1413; x_wconf 89' lang='lat' dir='ltr'>com-</span> 
     </span>
     <span class='ocr_line' id='line_1_25' title="bbox 185 1428 1672 1474; baseline -0.003 -7"><span class='ocrx_word' id='word_1_243' title='bbox 185 1431 403 1468; x_wconf 85' lang='lat' dir='ltr'>missionibus</span> <span class='ocrx_word' id='word_1_244' title='bbox 444 1432 638 1467; x_wconf 87' lang='lat' dir='ltr'>nullitatum</span> <span class='ocrx_word' id='word_1_245' title='bbox 676 1456 686 1471; x_wconf 86' lang='grc'>,</span> <span class='ocrx_word' id='word_1_246' title='bbox 727 1442 760 1466; x_wconf 89' lang='lat' dir='ltr'>et</span> <span class='ocrx_word' id='word_1_247' title='bbox 778 1441 1041 1470; x_wconf 84' lang='lat' dir='ltr'>attentatorum,</span> <span class='ocrx_word' id='word_1_248' title='bbox 1079 1431 1139 1464; x_wconf 88' lang='lat' dir='ltr'>nisi</span> <span class='ocrx_word' id='word_1_249' title='bbox 1167 1430 1401 1474; x_wconf 83' lang='lat' dir='ltr'>exprimantur</span> <span class='ocrx_word' id='word_1_250' title='bbox 1426 1428 1596 1463; x_wconf 86' lang='lat' dir='ltr'>nullitates</span> <span class='ocrx_word' id='word_1_251' title='bbox 1629 1440 1672 1463; x_wconf 80' lang='lat' dir='ltr'>ex</span> 
     </span>
     <span class='ocr_line' id='line_1_26' title="bbox 186 1477 1673 1524; baseline -0.003 -8"><span class='ocrx_word' id='word_1_252' title='bbox 186 1482 324 1516; x_wconf 88' lang='lat' dir='ltr'>defectu</span> <span class='ocrx_word' id='word_1_253' title='bbox 351 1481 620 1521; x_wconf 81' lang='lat' dir='ltr'>jurisdictionis,</span> <span class='ocrx_word' id='word_1_254' title='bbox 649 1481 843 1520; x_wconf 85' lang='lat' dir='ltr'>citationis,</span> <span class='ocrx_word' id='word_1_255' title='bbox 866 1480 926 1515; x_wconf 52' lang='lat' dir='ltr'>&lt;vel</span> <span class='ocrx_word' id='word_1_256' title='bbox 942 1480 1112 1520; x_wconf 81' lang='lat' dir='ltr'>mandati,</span> <span class='ocrx_word' id='word_1_257' title='bbox 1141 1478 1256 1523; x_wconf 83' lang='lat' dir='ltr'>etipsa</span> <span class='ocrx_word' id='word_1_258' title='bbox 1273 1486 1458 1518; x_wconf 83' lang='lat' dir='ltr'>attentata;</span> <span class='ocrx_word' id='word_1_259' title='bbox 1485 1485 1519 1511; x_wconf 90' lang='lat' dir='ltr'>et</span> <span class='ocrx_word' id='word_1_260' title='bbox 1545 1477 1673 1524; x_wconf 85' lang='lat' dir='ltr'>pariter</span> 
     </span>
     <span class='ocr_line' id='line_1_27' title="bbox 186 1526 1474 1576; baseline -0.005 -10"><span class='ocrx_word' id='word_1_261' title='bbox 186 1529 327 1569; x_wconf 86' lang='lat' dir='ltr'>inillis,</span> <span class='ocrx_word' id='word_1_262' title='bbox 344 1530 374 1565; x_wconf 89' lang='lat' dir='ltr'>in</span> <span class='ocrx_word' id='word_1_263' title='bbox 392 1531 515 1573; x_wconf 80' lang='lat' dir='ltr'>quibus</span> <span class='ocrx_word' id='word_1_264' title='bbox 541 1539 690 1566; x_wconf 84' lang='lat' dir='ltr'>narratur</span> <span class='ocrx_word' id='word_1_265' title='bbox 716 1530 972 1576; x_wconf 87' lang='lat' dir='ltr'>pronunciatum</span> <span class='ocrx_word' id='word_1_266' title='bbox 1000 1529 1103 1565; x_wconf 87' lang='lat' dir='ltr'>fuisse</span> <span class='ocrx_word' id='word_1_267' title='bbox 1134 1535 1237 1573; x_wconf 87' lang='lat' dir='ltr'>prout</span> <span class='ocrx_word' id='word_1_268' title='bbox 1265 1528 1297 1562; x_wconf 89' lang='lat' dir='ltr'>in</span> <span class='ocrx_word' id='word_1_269' title='bbox 1315 1526 1449 1561; x_wconf 86' lang='lat' dir='ltr'>Cedula</span> <span class='ocrx_word' id='word_1_270' title='bbox 1465 1550 1474 1560; x_wconf 92' lang='lat'>.</span> 
     </span>
    </p>

    <p class='ocr_par' dir='ltr' id='par_1_8' title="bbox 186 1574 1671 1772">
     <span class='ocr_line' id='line_1_28' title="bbox 285 1574 1671 1625; baseline -0.004 -12"><span class='ocrx_word' id='word_1_271' title='bbox 285 1580 367 1616; x_wconf 86' lang='lat' dir='ltr'><strong>VII.</strong></span> <span class='ocrx_word' id='word_1_272' title='bbox 392 1581 468 1615; x_wconf 87' lang='lat' dir='ltr'>Nec</span> <span class='ocrx_word' id='word_1_273' title='bbox 484 1579 581 1615; x_wconf 87' lang='lat' dir='ltr'>etiam</span> <span class='ocrx_word' id='word_1_274' title='bbox 610 1592 742 1615; x_wconf 83' lang='lat' dir='ltr'>manum</span> <span class='ocrx_word' id='word_1_275' title='bbox 761 1588 907 1625; x_wconf 85' lang='lat' dir='ltr'>apponat</span> <span class='ocrx_word' id='word_1_276' title='bbox 937 1579 967 1614; x_wconf 93' lang='lat' dir='ltr'>in</span> <span class='ocrx_word' id='word_1_277' title='bbox 985 1576 1280 1614; x_wconf 82' lang='lat' dir='ltr'>commissionibus</span> <span class='ocrx_word' id='word_1_278' title='bbox 1310 1574 1458 1610; x_wconf 79' lang='lat' dir='ltr'>fatalium</span> <span class='ocrx_word' id='word_1_279' title='bbox 1476 1598 1486 1614; x_wconf 86' lang='lat'>‚</span> <span class='ocrx_word' id='word_1_280' title='bbox 1527 1574 1592 1608; x_wconf 88' lang='lat' dir='ltr'>nisi</span> <span class='ocrx_word' id='word_1_281' title='bbox 1638 1574 1671 1608; x_wconf 86' lang='lat' dir='ltr'>in</span> 
     </span>
     <span class='ocr_line' id='line_1_29' title="bbox 187 1623 1668 1675; baseline -0.005 -12"><span class='ocrx_word' id='word_1_282' title='bbox 187 1628 310 1673; x_wconf 81' lang='lat' dir='ltr'>quibus</span> <span class='ocrx_word' id='word_1_283' title='bbox 336 1628 443 1674; x_wconf 88' lang='lat' dir='ltr'>prima</span> <span class='ocrx_word' id='word_1_284' title='bbox 471 1628 545 1664; x_wconf 84' lang='lat' dir='ltr'>vice</span> <span class='ocrx_word' id='word_1_285' title='bbox 578 1630 648 1675; x_wconf 87' lang='lat' dir='ltr'>ipsa</span> <span class='ocrx_word' id='word_1_286' title='bbox 662 1628 860 1675; x_wconf 84' lang='lat' dir='ltr'>prorogatio</span> <span class='ocrx_word' id='word_1_287' title='bbox 885 1629 1037 1674; x_wconf 84' lang='lat' dir='ltr'>petitur3</span> <span class='ocrx_word' id='word_1_288' title='bbox 1084 1627 1152 1662; x_wconf 79' lang='lat' dir='ltr'>illas</span> <span class='ocrx_word' id='word_1_289' title='bbox 1182 1633 1265 1660; x_wconf 75' lang='lat' dir='ltr'>v‘ero</span> <span class='ocrx_word' id='word_1_290' title='bbox 1305 1623 1564 1660; x_wconf 86' lang='lat' dir='ltr'>commissiones</span> <span class='ocrx_word' id='word_1_291' title='bbox 1592 1646 1602 1661; x_wconf 90' lang='lat'><strong>‚</strong></span> <span class='ocrx_word' id='word_1_292' title='bbox 1637 1623 1668 1656; x_wconf 87' lang='lat' dir='ltr'>in</span> 
     </span>
     <span class='ocr_line' id='line_1_30' title="bbox 186 1670 1671 1725; baseline -0.005 -13"><span class='ocrx_word' id='word_1_293' title='bbox 186 1679 307 1723; x_wconf 85' lang='lat' dir='ltr'>quibus</span> <span class='ocrx_word' id='word_1_294' title='bbox 337 1690 399 1724; x_wconf 89' lang='lat' dir='ltr'>pro</span> <span class='ocrx_word' id='word_1_295' title='bbox 427 1677 580 1714; x_wconf 88' lang='lat' dir='ltr'>ulteriori</span> <span class='ocrx_word' id='word_1_296' title='bbox 620 1687 858 1725; x_wconf 78' lang='lat' dir='ltr'>prorogatione</span> <span class='ocrx_word' id='word_1_297' title='bbox 899 1677 1111 1723; x_wconf 87' lang='lat' dir='ltr'>supplicatur</span> <span class='ocrx_word' id='word_1_298' title='bbox 1141 1675 1173 1711; x_wconf 90' lang='lat' dir='ltr'>in</span> <span class='ocrx_word' id='word_1_299' title='bbox 1195 1683 1309 1710; x_wconf 86' lang='lat' dir='ltr'>nostra</span> <span class='ocrx_word' id='word_1_300' title='bbox 1349 1673 1526 1719; x_wconf 74' lang='lat' dir='ltr'>signatura</span> <span class='ocrx_word' id='word_1_301' title='bbox 1554 1670 1671 1717; x_wconf 78' lang='lat' dir='ltr'>gratiae</span> 
     </span>
     <span class='ocr_line' id='line_1_31' title="bbox 186 1736 400 1772; baseline 0.009 -12"><span class='ocrx_word' id='word_1_302' title='bbox 186 1736 374 1772; x_wconf 88' lang='lat' dir='ltr'>proponant</span> <span class='ocrx_word' id='word_1_303' title='bbox 391 1751 400 1762; x_wconf 91' lang='lat'><em>.</em></span> 
     </span>
    </p>

    <p class='ocr_par' dir='ltr' id='par_1_9' title="bbox 186 1768 1671 1959">
     <span class='ocr_line' id='line_1_32' title="bbox 287 1768 1671 1816; baseline -0.004 -7"><span class='ocrx_word' id='word_1_304' title='bbox 287 1776 384 1810; x_wconf 84' lang='lat' dir='ltr'>VIII.</span> <span class='ocrx_word' id='word_1_305' title='bbox 412 1775 533 1811; x_wconf 70' lang='lat' dir='ltr'>Causae</span> <span class='ocrx_word' id='word_1_306' title='bbox 562 1776 777 1816; x_wconf 85' lang='lat' dir='ltr'>criminales,</span> <span class='ocrx_word' id='word_1_307' title='bbox 809 1775 1144 1813; x_wconf 77' lang='lat' dir='ltr'>etmatrimoniales‚</span> <span class='ocrx_word' id='word_1_308' title='bbox 1173 1784 1237 1807; x_wconf 91' lang='lat' dir='ltr'>non</span> <span class='ocrx_word' id='word_1_309' title='bbox 1253 1770 1470 1807; x_wconf 85' lang='lat' dir='ltr'>inferioribus</span> <span class='ocrx_word' id='word_1_310' title='bbox 1491 1768 1671 1814; x_wconf 87' lang='lat' dir='ltr'>Episcopis</span> 
     </span>
     <span class='ocr_line' id='line_1_33' title="bbox 187 1820 1667 1861; baseline -0.005 -1"><span class='ocrx_word' id='word_1_311' title='bbox 187 1833 221 1860; x_wconf 88' lang='lat' dir='ltr'>et</span> <span class='ocrx_word' id='word_1_312' title='bbox 250 1825 282 1860; x_wconf 88' lang='lat' dir='ltr'>in</span> <span class='ocrx_word' id='word_1_313' title='bbox 301 1826 397 1860; x_wconf 90' lang='lat' dir='ltr'>terris</span> <span class='ocrx_word' id='word_1_314' title='bbox 424 1824 579 1861; x_wconf 67' lang='lat' dir='ltr'>Ecclesiae</span> <span class='ocrx_word' id='word_1_315' title='bbox 607 1835 715 1860; x_wconf 81' lang='lat' dir='ltr'>causae</span> <span class='ocrx_word' id='word_1_316' title='bbox 750 1824 939 1859; x_wconf 86' lang='lat' dir='ltr'>criminales</span> <span class='ocrx_word' id='word_1_317' title='bbox 968 1825 1190 1858; x_wconf 85' lang='lat' dir='ltr'>Clericorum</span> <span class='ocrx_word' id='word_1_318' title='bbox 1217 1821 1250 1855; x_wconf 89' lang='lat' dir='ltr'>in</span> <span class='ocrx_word' id='word_1_319' title='bbox 1278 1821 1378 1856; x_wconf 84' lang='lat' dir='ltr'>sacris</span> <span class='ocrx_word' id='word_1_320' title='bbox 1406 1820 1667 1855; x_wconf 82' lang='lat' dir='ltr'>constitutorum</span> 
     </span>
     <span class='ocr_line' id='line_1_34' title="bbox 186 1869 1670 1920; baseline -0.004 -13"><span class='ocrx_word' id='word_1_321' title='bbox 186 1874 390 1913; x_wconf 80' lang='lat' dir='ltr'>ordinario,</span> <span class='ocrx_word' id='word_1_322' title='bbox 417 1874 626 1920; x_wconf 87' lang='lat' dir='ltr'>reliquorum</span> <span class='ocrx_word' id='word_1_323' title='bbox 656 1885 739 1908; x_wconf 89' lang='lat' dir='ltr'>vero</span> <span class='ocrx_word' id='word_1_324' title='bbox 755 1873 973 1909; x_wconf 87' lang='lat' dir='ltr'>Clericorum</span> <span class='ocrx_word' id='word_1_325' title='bbox 990 1898 1000 1914; x_wconf 84' lang='grc'><strong><em>,</em></strong></span> <span class='ocrx_word' id='word_1_326' title='bbox 1029 1882 1062 1908; x_wconf 88' lang='lat' dir='ltr'>et</span> <span class='ocrx_word' id='word_1_327' title='bbox 1079 1871 1261 1907; x_wconf 82' lang='lat' dir='ltr'>Laicorum</span> <span class='ocrx_word' id='word_1_328' title='bbox 1282 1894 1292 1910; x_wconf 88' lang='lat'>,</span> <span class='ocrx_word' id='word_1_329' title='bbox 1319 1870 1473 1905; x_wconf 85' lang='lat' dir='ltr'>locorum</span> <span class='ocrx_word' id='word_1_330' title='bbox 1491 1869 1670 1904; x_wconf 83' lang='lat' dir='ltr'>Guberna-</span> 
     </span>
     <span class='ocr_line' id='line_1_35' title="bbox 187 1924 1390 1959; baseline 0.001 -5"><span class='ocrx_word' id='word_1_331' title='bbox 187 1925 318 1957; x_wconf 86' lang='lat' dir='ltr'>toribus</span> <span class='ocrx_word' id='word_1_332' title='bbox 346 1924 602 1959; x_wconf 85' lang='lat' dir='ltr'>committantur</span> <span class='ocrx_word' id='word_1_333' title='bbox 618 1947 626 1957; x_wconf 91' lang='lat'>.</span> <span class='ocrx_word' id='word_1_334' title='bbox 1385 1947 1390 1951; x_wconf 89' lang='lat'>.</span> 
     </span>
    </p>

    <p class='ocr_par' dir='ltr' id='par_1_10' title="bbox 187 1963 1683 2212">
     <span class='ocr_line' id='line_1_36' title="bbox 286 1963 1669 2017; baseline -0.006 -12"><span class='ocrx_word' id='word_1_335' title='bbox 286 1972 345 2006; x_wconf 87' lang='lat' dir='ltr'>IX.</span> <span class='ocrx_word' id='word_1_336' title='bbox 373 1973 468 2007; x_wconf 87' lang='lat' dir='ltr'>Etut</span> <span class='ocrx_word' id='word_1_337' title='bbox 499 1972 572 2007; x_wconf 87' lang='lat' dir='ltr'>lites</span> <span class='ocrx_word' id='word_1_338' title='bbox 592 1972 820 2017; x_wconf 86' lang='lat' dir='ltr'>quantocitius</span> <span class='ocrx_word' id='word_1_339' title='bbox 857 1971 928 2007; x_wconf 85' lang='lat' dir='ltr'>fieri</span> <span class='ocrx_word' id='word_1_340' title='bbox 955 1971 1086 2016; x_wconf 87' lang='lat' dir='ltr'>possit,</span> <span class='ocrx_word' id='word_1_341' title='bbox 1115 1981 1151 2004; x_wconf 80' lang='lat' dir='ltr'>ac</span> <span class='ocrx_word' id='word_1_342' title='bbox 1178 1968 1301 2003; x_wconf 80' lang='lat' dir='ltr'>minori</span> <span class='ocrx_word' id='word_1_343' title='bbox 1322 1967 1472 2013; x_wconf 86' lang='lat' dir='ltr'>partium</span> <span class='ocrx_word' id='word_1_344' title='bbox 1493 1963 1669 2010; x_wconf 85' lang='lat' dir='ltr'>dispendio</span> 
     </span>
     <span class='ocr_line' id='line_1_37' title="bbox 189 2013 1670 2066; baseline -0.005 -12"><span class='ocrx_word' id='word_1_345' title='bbox 189 2019 439 2064; x_wconf 83' lang='lat' dir='ltr'>expediantur,</span> <span class='ocrx_word' id='word_1_346' title='bbox 470 2021 681 2055; x_wconf 82' lang='lat' dir='ltr'>decernimus</span> <span class='ocrx_word' id='word_1_347' title='bbox 709 2045 719 2061; x_wconf 83' lang='lat'>‚</span> <span class='ocrx_word' id='word_1_348' title='bbox 749 2022 838 2066; x_wconf 86' lang='lat' dir='ltr'>quod</span> <span class='ocrx_word' id='word_1_349' title='bbox 872 2020 1014 2066; x_wconf 85' lang='lat' dir='ltr'>quilibet</span> <span class='ocrx_word' id='word_1_350' title='bbox 1042 2020 1152 2061; x_wconf 68' lang='lat' dir='ltr'>judex</span> <span class='ocrx_word' id='word_1_351' title='bbox 1181 2042 1193 2057; x_wconf 90' lang='lat'>‚</span> <span class='ocrx_word' id='word_1_352' title='bbox 1226 2017 1279 2052; x_wconf 89' lang='lat' dir='ltr'>cui</span> <span class='ocrx_word' id='word_1_353' title='bbox 1308 2028 1414 2052; x_wconf 79' lang='lat' dir='ltr'>causae</span> <span class='ocrx_word' id='word_1_354' title='bbox 1448 2013 1670 2066; x_wconf 74' lang='lat' dir='ltr'>restitutionis</span> 
     </span>
     <span class='ocr_line' id='line_1_38' title="bbox 188 2065 1683 2114; baseline -0.005 -12"><span class='ocrx_word' id='word_1_355' title='bbox 188 2069 312 2114; x_wconf 88' lang='lat' dir='ltr'>absque</span> <span class='ocrx_word' id='word_1_356' title='bbox 338 2069 477 2113; x_wconf 82' lang='lat' dir='ltr'>speciali</span> <span class='ocrx_word' id='word_1_357' title='bbox 511 2069 751 2103; x_wconf 86' lang='lat' dir='ltr'>commissione</span> <span class='ocrx_word' id='word_1_358' title='bbox 778 2071 951 2114; x_wconf 83' lang='lat' dir='ltr'>praefigere</span> <span class='ocrx_word' id='word_1_359' title='bbox 982 2068 1165 2103; x_wconf 87' lang='lat' dir='ltr'>terminum</span> <span class='ocrx_word' id='word_1_360' title='bbox 1197 2069 1235 2102; x_wconf 82' lang='lat' dir='ltr'>ad</span> <span class='ocrx_word' id='word_1_361' title='bbox 1263 2067 1452 2101; x_wconf 83' lang='lat' dir='ltr'>docendum</span> <span class='ocrx_word' id='word_1_362' title='bbox 1481 2065 1522 2098; x_wconf 86' lang='lat' dir='ltr'>de</span> <span class='ocrx_word' id='word_1_363' title='bbox 1563 2068 1683 2096; x_wconf 73' lang='lat' dir='ltr'>causis·</span> 
     </span>
     <span class='ocr_line' id='line_1_39' title="bbox 187 2112 1674 2161; baseline -0.001 -10"><span class='ocrx_word' id='word_1_364' title='bbox 187 2117 437 2158; x_wconf 84' lang='lat' dir='ltr'>restitutionis,</span> <span class='ocrx_word' id='word_1_365' title='bbox 481 2130 517 2152; x_wconf 86' lang='lat' dir='ltr'>ac</span> <span class='ocrx_word' id='word_1_366' title='bbox 537 2120 577 2152; x_wconf 88' lang='lat' dir='ltr'>de</span> <span class='ocrx_word' id='word_1_367' title='bbox 608 2117 715 2161; x_wconf 78' lang='lat' dir='ltr'>ipsius</span> <span class='ocrx_word' id='word_1_368' title='bbox 749 2116 960 2150; x_wconf 83' lang='lat' dir='ltr'>nullitatibus</span> <span class='ocrx_word' id='word_1_369' title='bbox 985 2141 996 2156; x_wconf 94' lang='lat'>‚</span> <span class='ocrx_word' id='word_1_370' title='bbox 1027 2128 1085 2150; x_wconf 84' lang='lat' dir='ltr'>seu</span> <span class='ocrx_word' id='word_1_371' title='bbox 1116 2116 1288 2155; x_wconf 84' lang='lat' dir='ltr'>attentatis</span> <span class='ocrx_word' id='word_1_372' title='bbox 1308 2139 1318 2154; x_wconf 88' lang='lat'>‚</span> <span class='ocrx_word' id='word_1_373' title='bbox 1349 2124 1382 2150; x_wconf 89' lang='lat' dir='ltr'>et</span> <span class='ocrx_word' id='word_1_374' title='bbox 1405 2126 1446 2149; x_wconf 89' lang='lat' dir='ltr'>eo</span> <span class='ocrx_word' id='word_1_375' title='bbox 1482 2112 1574 2157; x_wconf 77' lang='lat' dir='ltr'>lapso</span> <span class='ocrx_word' id='word_1_376' title='bbox 1601 2134 1612 2150; x_wconf 75' lang='lat'><em>2</em></span> <span class='ocrx_word' id='word_1_377' title='bbox 1640 2117 1674 2144; x_wconf 86' lang='lat' dir='ltr'>et</span> 
     </span>
     <span class='ocr_line' id='line_1_40' title="bbox 192 2164 1381 2212; baseline -0.003 -12"><span class='ocrx_word' id='word_1_378' title='bbox 192 2177 256 2202; x_wconf 87' lang='lat' dir='ltr'>non</span> <span class='ocrx_word' id='word_1_379' title='bbox 284 2169 412 2205; x_wconf 84' lang='lat' dir='ltr'>docto,</span> <span class='ocrx_word' id='word_1_380' title='bbox 444 2169 483 2201; x_wconf 84' lang='lat' dir='ltr'>ad</span> <span class='ocrx_word' id='word_1_381' title='bbox 516 2165 646 2212; x_wconf 83' lang='lat' dir='ltr'>negotii</span> <span class='ocrx_word' id='word_1_382' title='bbox 675 2164 868 2211; x_wconf 80' lang='lat' dir='ltr'>principalis</span> <span class='ocrx_word' id='word_1_383' title='bbox 896 2164 1144 2209; x_wconf 78' lang='lat' dir='ltr'>expeditionem</span> <span class='ocrx_word' id='word_1_384' title='bbox 1167 2165 1381 2207; x_wconf 79' lang='lat' dir='ltr'>procedere.</span> 
     </span>
    </p>

    <p class='ocr_par' dir='ltr' id='par_1_11' title="bbox 190 2208 1672 2497">
     <span class='ocr_line' id='line_1_41' title="bbox 297 2208 1671 2259; baseline -0.007 -9"><span class='ocrx_word' id='word_1_385' title='bbox 297 2216 340 2250; x_wconf 87' lang='lat' dir='ltr'>X.</span> <span class='ocrx_word' id='word_1_386' title='bbox 370 2215 534 2250; x_wconf 86' lang='lat' dir='ltr'>Similiter</span> <span class='ocrx_word' id='word_1_387' title='bbox 563 2214 704 2259; x_wconf 78' lang='lat' dir='ltr'>quilibet</span> <span class='ocrx_word' id='word_1_388' title='bbox 719 2214 829 2254; x_wconf 72' lang='lat' dir='ltr'>judex</span> <span class='ocrx_word' id='word_1_389' title='bbox 847 2214 876 2247; x_wconf 89' lang='lat' dir='ltr'>in</span> <span class='ocrx_word' id='word_1_390' title='bbox 895 2213 1103 2251; x_wconf 77' lang='lat' dir='ltr'>cuibuslibet</span> <span class='ocrx_word' id='word_1_391' title='bbox 1132 2211 1238 2247; x_wconf 82' lang='lat' dir='ltr'>causis</span> <span class='ocrx_word' id='word_1_392' title='bbox 1254 2223 1366 2247; x_wconf 85' lang='lat' dir='ltr'>coram</span> <span class='ocrx_word' id='word_1_393' title='bbox 1384 2223 1423 2245; x_wconf 86' lang='lat' dir='ltr'>eo</span> <span class='ocrx_word' id='word_1_394' title='bbox 1449 2208 1645 2245; x_wconf 80' lang='lat' dir='ltr'>introductis</span> <span class='ocrx_word' id='word_1_395' title='bbox 1662 2231 1671 2247; x_wconf 85' lang='lat'><strong>,</strong></span> 
     </span>
     <span class='ocr_line' id='line_1_42' title="bbox 197 2255 1671 2303; baseline -0.007 -5"><span class='ocrx_word' id='word_1_396' title='bbox 197 2271 228 2298; x_wconf 87' lang='lat' dir='ltr'>et</span> <span class='ocrx_word' id='word_1_397' title='bbox 249 2263 501 2301; x_wconf 83' lang='lat' dir='ltr'>introducendis</span> <span class='ocrx_word' id='word_1_398' title='bbox 518 2273 574 2303; x_wconf 88' lang='lat' dir='ltr'>‚et</span> <span class='ocrx_word' id='word_1_399' title='bbox 605 2263 701 2296; x_wconf 87' lang='lat' dir='ltr'>etiam</span> <span class='ocrx_word' id='word_1_400' title='bbox 733 2262 880 2296; x_wconf 88' lang='lat' dir='ltr'>Auditor</span> <span class='ocrx_word' id='word_1_401' title='bbox 900 2263 996 2297; x_wconf 81' lang='lat' dir='ltr'>Rotae</span> <span class='ocrx_word' id='word_1_402' title='bbox 1022 2262 1053 2295; x_wconf 87' lang='lat' dir='ltr'>in</span> <span class='ocrx_word' id='word_1_403' title='bbox 1070 2261 1176 2296; x_wconf 80' lang='lat' dir='ltr'>causis</span> <span class='ocrx_word' id='word_1_404' title='bbox 1209 2269 1299 2295; x_wconf 82' lang='lat' dir='ltr'>extra</span> <span class='ocrx_word' id='word_1_405' title='bbox 1314 2261 1436 2295; x_wconf 88' lang='lat' dir='ltr'>Rotam</span> <span class='ocrx_word' id='word_1_406' title='bbox 1464 2255 1671 2296; x_wconf 76' lang='lat' dir='ltr'>commissis,</span> 
     </span>
     <span class='ocr_line' id='line_1_43' title="bbox 190 2305 1670 2358; baseline -0.006 -9"><span class='ocrx_word' id='word_1_407' title='bbox 190 2312 329 2358; x_wconf 64' lang='lat' dir='ltr'>,possint</span> <span class='ocrx_word' id='word_1_408' title='bbox 361 2326 477 2349; x_wconf 85' lang='lat' dir='ltr'>omnes</span> <span class='ocrx_word' id='word_1_409' title='bbox 515 2311 677 2347; x_wconf 79' lang='lat' dir='ltr'>terminos</span> <span class='ocrx_word' id='word_1_410' title='bbox 697 2309 930 2345; x_wconf 87' lang='lat' dir='ltr'>substantiales</span> <span class='ocrx_word' id='word_1_411' title='bbox 957 2310 987 2344; x_wconf 84' lang='lat' dir='ltr'>in</span> <span class='ocrx_word' id='word_1_412' title='bbox 1005 2310 1072 2344; x_wconf 88' lang='lat' dir='ltr'>vim</span> <span class='ocrx_word' id='word_1_413' title='bbox 1093 2309 1341 2344; x_wconf 88' lang='lat' dir='ltr'>commissionis</span> <span class='ocrx_word' id='word_1_414' title='bbox 1367 2322 1384 2343; x_wconf 87' lang='lat' dir='ltr'>a</span> <span class='ocrx_word' id='word_1_415' title='bbox 1400 2308 1455 2342; x_wconf 87' lang='lat' dir='ltr'>fel.</span> <span class='ocrx_word' id='word_1_416' title='bbox 1468 2318 1536 2341; x_wconf 83' lang='lat' dir='ltr'>rec.</span> <span class='ocrx_word' id='word_1_417' title='bbox 1555 2305 1670 2340; x_wconf 78' lang='lat' dir='ltr'>Innoc.</span> 
     </span>
     <span class='ocr_line' id='line_1_44' title="bbox 196 2352 1672 2407; baseline -0.007 -11"><span class='ocrx_word' id='word_1_418' title='bbox 196 2363 289 2405; x_wconf 74' lang='lat' dir='ltr'>Papa</span> <span class='ocrx_word' id='word_1_419' title='bbox 317 2359 415 2397; x_wconf 81' lang='lat' dir='ltr'>Vin.</span> <span class='ocrx_word' id='word_1_420' title='bbox 447 2363 692 2407; x_wconf 86' lang='lat' dir='ltr'>praedecessore</span> <span class='ocrx_word' id='word_1_421' title='bbox 722 2366 860 2398; x_wconf 87' lang='lat' dir='ltr'>nostr0,</span> <span class='ocrx_word' id='word_1_422' title='bbox 889 2370 987 2403; x_wconf 84' lang='lat' dir='ltr'>quam</span> <span class='ocrx_word' id='word_1_423' title='bbox 1017 2359 1056 2392; x_wconf 87' lang='lat' dir='ltr'>ad</span> <span class='ocrx_word' id='word_1_424' title='bbox 1075 2368 1189 2392; x_wconf 87' lang='lat' dir='ltr'>omnes</span> <span class='ocrx_word' id='word_1_425' title='bbox 1205 2356 1472 2397; x_wconf 84' lang='lat' dir='ltr'>Judices‚etiam</span> <span class='ocrx_word' id='word_1_426' title='bbox 1490 2352 1672 2388; x_wconf 83' lang='lat' dir='ltr'>Auditores</span> 
     </span>
     <span class='ocr_line' id='line_1_45' title="bbox 199 2401 1672 2455; baseline -0.007 -9"><span class='ocrx_word' id='word_1_427' title='bbox 199 2413 230 2446; x_wconf 86' lang='lat' dir='ltr'>in</span> <span class='ocrx_word' id='word_1_428' title='bbox 261 2410 370 2444; x_wconf 83' lang='lat' dir='ltr'>causis</span> <span class='ocrx_word' id='word_1_429' title='bbox 387 2411 566 2455; x_wconf 77' lang='lat' dir='ltr'>pra-missis</span> <span class='ocrx_word' id='word_1_430' title='bbox 597 2419 713 2444; x_wconf 85' lang='lat' dir='ltr'>tenore</span> <span class='ocrx_word' id='word_1_431' title='bbox 741 2406 955 2453; x_wconf 84' lang='lat' dir='ltr'>praesentium</span> <span class='ocrx_word' id='word_1_432' title='bbox 998 2405 1207 2441; x_wconf 80' lang='lat' dir='ltr'>extendimus</span> <span class='ocrx_word' id='word_1_433' title='bbox 1239 2428 1250 2444; x_wconf 92' lang='lat'><strong>,</strong></span> <span class='ocrx_word' id='word_1_434' title='bbox 1281 2406 1403 2451; x_wconf 84' lang='lat' dir='ltr'>absque</span> <span class='ocrx_word' id='word_1_435' title='bbox 1431 2403 1495 2438; x_wconf 86' lang='lat' dir='ltr'>alia</span> <span class='ocrx_word' id='word_1_436' title='bbox 1533 2401 1672 2447; x_wconf 79' lang='lat' dir='ltr'>speciali</span> 
     </span>
     <span class='ocr_line' id='line_1_46' title="bbox 192 2458 645 2497; baseline -0.011 0"><span class='ocrx_word' id='word_1_437' title='bbox 192 2458 437 2497; x_wconf 86' lang='lat' dir='ltr'>commissione</span> <span class='ocrx_word' id='word_1_438' title='bbox 462 2460 617 2496; x_wconf 83' lang='lat' dir='ltr'>reiterare</span> <span class='ocrx_word' id='word_1_439' title='bbox 636 2483 645 2492; x_wconf 92' lang='lat'><em>.</em></span> 
     </span>
    </p>
   </div>
   <div class='ocr_carea' id='block_1_2' title="bbox 1478 2499 1672 2545">
    <p class='ocr_par' dir='ltr' id='par_1_12' title="bbox 1478 2499 1672 2545">
     <span class='ocr_line' id='line_1_47' title="bbox 1478 2499 1672 2545; baseline -0.005 -11"><span class='ocrx_word' id='word_1_440' title='bbox 1478 2500 1539 2534; x_wconf 82' lang='lat' dir='ltr'>xt.</span> <span class='ocrx_word' id='word_1_441' title='bbox 1556 2499 1672 2545; x_wconf 45' lang='lat' dir='ltr'>Quodn</span> 
     </span>
    </p>
   </div>
  </div>
 </body>
</html>
