1993 3195
621 379 659 420 C
695 377 731 419 Α
764 381 799 420 P‘
823 379 862 420 U
895 379 932 419 Τ
993 381 1074 422 IV.
1517 399 1539 427 2

132 442 228 485 dum
254 451 310 482 est
337 469 350 487 ,
379 452 423 480 ac
452 437 568 479 citius
597 436 677 478 illas
713 451 876 478 exarare
903 437 1051 478 debent
1082 436 1323 487 Causidici,
1351 447 1399 478 ut
1426 399 1603 498 ternposs‘re5

129 499 253 542 habili
283 496 580 540 distribuantur
611 496 850 554 Signaturae
873 496 1121 538 Votantibus
1139 528 1151 546 ,
1185 496 1225 536 in
1245 494 1310 537 die
1331 510 1472 553 nempe
1491 515 1600 556 prae-

130 559 291 601 cedente
312 556 425 609 Jovis
445 557 549 597 diem
569 587 582 607 ,
614 557 656 598 in
679 570 759 611 qua
782 555 898 613 plena
923 555 1140 609 Signatura
1160 556 1361 598 habetur·
1351 588 1363 604 ‚
1401 567 1440 596 et
1456 557 1486 596 si
1518 560 1597 602 alia

128 616 322 662 validiora
362 617 589 658 habeantur
621 616 894 664 documenta,
928 614 1039 656 aliud
1073 614 1347 657 Summarium
1382 615 1601 660 conficien-

129 675 229 716 dum
248 688 304 717 est
319 706 333 725 ‚
366 674 611 716 additionale
635 675 787 716 dictum
804 706 816 724 ,
835 674 1015 728 illudque
1045 689 1253 718 annexum
1272 674 1503 731 Scripturae
1538 691 1600 718 re-

127 733 362 790 sponsionis
392 733 646 776 distribuitur
664 734 803 775 iisdem
817 735 1348 791 VotantibusSignaturae,
1377 733 1483 776 Parti
1504 738 1598 778 vero

128 808 215 835 non
237 793 557 835 communicatur
577 823 586 833 .
620 796 663 833 ln
694 794 768 835 hac
797 807 931 835 autem
952 794 1223 850 responsionis
1239 795 1432 852 scriptura
1450 824 1463 842 ,
1497 809 1601 850 quae

129 853 351 909 aliquando
372 852 586 895 conficitur
607 866 694 908 post
719 866 918 909 peractam
945 853 1143 895 verbalem
1160 854 1484 896 informationem
1506 882 1518 899 ‚
1555 870 1600 899 ut

129 924 366 955 occurratur
396 913 638 955 Votantium
673 911 1010 960 difficultatibus,
1049 913 1090 954 in
1120 929 1211 958 actu
1252 911 1433 965 ejusdem
1468 911 1600 956 Infor-

125 970 317 1014 marionis
350 971 485 1014 forsan
506 972 717 1029 propositis
737 1000 747 1017 ,
772 971 866 1014 facti
883 973 1000 1015 series
1029 988 1111 1014 non
1131 989 1187 1016 est
1205 975 1449 1032 repetenda,
1476 988 1599 1030 prout

128 1044 207 1074 nec*
221 1033 461 1073 recensenda
480 1045 576 1073 sunt
609 1044 761 1073 caetera
795 1047 1062 1090 argumenta,
1095 1049 1134 1075 et
1163 1034 1254 1089 jura
1286 1033 1459 1074 deducta
1484 1059 1496 1078 ‚
1530 1033 1600 1074 sed

131 1092 422 1133 tantummodo
459 1091 597 1134 danda
627 1105 682 1135 est
713 1107 863 1148 opera,
899 1107 946 1135 ut
975 1093 1147 1134 strictius
1182 1091 1336 1143 objecta
1371 1091 1605 1132 Adversarii

127 1152 479 1201 submoveantur,
511 1151 716 1205 etJudicis
737 1151 896 1193 animus
933 1153 979 1192 de
1001 1151 1152 1208 justitia
1171 1184 1184 1202 ,
1217 1167 1273 1194 ae.
1280 1153 1344 1194 rei
1352 1150 1515 1193 veritate
1541 1149 1600 1191 in-

125 1205 350 1258 formetur,
380 1224 428 1250 ne
448 1185 516 1251 illis
534 1212 653 1250 ullam
672 1210 790 1250 ndem
810 1224 1012 1264 praestet.

247 1267 462 1323 Sequuta
456 1283 531 1316 {arn
554 1268 784 1319 Scripturae
805 1269 972 1308 defensi<
989 1270 1048 1310 nis
1070 1270 1350 1313 distributione
1369 1297 1381 1314 ‚
1415 1265 1600 1322 sequenti

126 1325 192 1366 die
220 1327 388 1369 verbalis
413 1327 454 1367 fit
475 1325 711 1366 lnformario
729 1325 924 1381 sigillatim
943 1329 1136 1370 omnibus
1151 1328 1340 1385 suffragia
1366 1327 1600 1377 ferentibus,

126 1398 166 1427 et
186 1385 313 1439 primo
344 1385 432 1426 loco
452 1385 651 1433 Pone0113
653 1405 657 1407 -
682 1382 740 1423 ille
778 1399 952 1440 namque
974 1402 1068 1443 prae
1104 1389 1293 1436 caeteris,
1327 1395 1491 1455 oportet
1505 1416 1518 1434 ,
1556 1397 1602 1429 ut

128 1443 329 1499 propitius
347 1459 490 1486 causae
510 1445 575 1489 sit,
592 1457 721 1498 quum
741 1443 782 1483 in
804 1444 920 1497 plena
938 1447 1151 1501 signatura
1172 1447 1325 1500 primus
1343 1447 1444 1486 inter
1460 1458 1598 1485 omnes

127 1503 422 1545 controversiae
456 1516 634 1549 statum,
643 1514 708 1540 vet
741 1500 831 1551 jura
865 1503 1008 1551 refert;
1042 1504 1188 1543 deinde
1224 1506 1318 1545 verb
1351 1501 1602 1543 informandi

127 1575 222 1605 sunt
240 1562 382 1604 caeteri
404 1564 625 1611 vorantes,
659 1561 855 1617 quamvis
863 1575 1071 1618 perperam
1090 1561 1212 1616 aliqui
1248 1559 1459 1604 Causidici
1479 1573 1601 1616 agant

128 1619 392 1662 informando
416 1622 628 1663 dumtaxat
654 1633 809 1678 paucos
822 1635 869 1663 ex
898 1620 1013 1662 dictis
1042 1621 1316 1670 vorantibus,
1351 1632 1388 1663 et
1406 1633 1474 1660 eos
1490 1633 1601 1675 prae·

126 1681 258 1721 sertim
281 1709 293 1726 ‚
322 1697 456 1736 quos,
486 1681 609 1737 vulgo
642 1682 815 1727 dicunt,
849 1681 994 1722 habere
1022 1674 1118 1722 alios
1147 1681 1353 1723 Votantes
1374 1679 1611 1719 adhaeren-

126 1749 214 1782 tes·
205 1771 226 1806 ’.
249 1739 297 1781 id
314 1740 421 1781 enim
445 1739 705 1797 praejudicat
727 1738 943 1797 integritati
963 1771 985 1788 ,
1014 1754 1051 1782 et
1069 1740 1255 1783 scientiae
1290 1741 1491 1783 dictorum
1509 1737 1599 1777 Vo-

125 1798 331 1847 mnrium,
365 1799 435 1854 qui
468 1815 551 1841 non
578 1800 852 1842 informantur
873 1828 885 1846 ‚
919 1812 969 1840 et
975 1800 1310 1855 quodammodo
1302 1797 1450 1862 injuria
1473 1809 1596 1851 quae·

126 1856 218 1897 dam
249 1859 388 1898 iisdem
420 1858 648 1913 irrogatur;
683 1858 807 1899 immo
824 1857 972 1898 accidit
988 1873 1206 1913 persaepe,
1233 1872 1278 1900 ut
1294 1854 1504 1900 Caus1d1c1
1522 1869 1596 1910 pro

126 1929 234 1956 certo
268 1917 476 1960 habeant,
507 1915 675 1955 aliorum
704 1913 904 1968 suffragiis
943 1914 1025 1954 illos
1062 1916 1221 1955 haerere
1259 1947 1272 1965 ‚
1303 1929 1340 1957 et
1372 1912 1516 1956 deinde
1552 1913 1593 1954 in

124 1989 342 2031 congressu
375 1975 512 2030 plenae
548 1973 785 2028 Signaturae
821 1972 864 2012 in
901 1972 1146 2015 contrariam
1181 1973 1296 2017 ivisse
1329 1971 1595 2023 sententian12

124 2046 280 2090 praeter
299 2047 406 2090 spem
428 2033 678 2089 comperiant
697 2063 705 2072 .

246 2091 472 2147 Quomodo
494 2107 668 2147 namque
686 2092 754 2134 fiat
775 2091 1043 2139 Informatio·‚
1076 2093 1141 2135 hic
1173 2093 1384 2137 videamus
1401 2104 1421 2143 ;·
1447 2103 1484 2133 et
1514 2091 1597 2157 pri-

126 2167 248 2195 mum
270 2151 502 2194 informatio
535 2151 632 2192 haec
663 2183 677 2200 ‚
710 2166 814 2192 ouae
843 2151 884 2191 in
918 2166 1073 2194 camera
1093 2184 1106 2202 ‚
1141 2165 1185 2194 ut
1220 2152 1398 2201 dicitur,
1431 2149 1475 2190 fit
1510 2150 1595 2191 cui-

127 2228 204 2269 que
236 2210 419 2254 Praelato
445 2209 618 2252 Votanti
652 2240 665 2259 ‚
701 2223 785 2250 non
820 2221 876 2249 est
919 2210 1069 2263 quippe
1104 2211 1151 2251 de
1189 2212 1263 2252 illis
1301 2207 1596 2257 contentiosis,

127 2287 230 2328 quae
248 2286 383 2315 coram
410 2266 620 2317 judicibus
638 2270 688 2309 Α
711 2268 764 2310 C.
801 2266 983 2320 quotidie
1011 2266 1117 2310 fiunt
1146 2282 1316 2325 utraque
1336 2282 1445 2326 parte
1465 2266 1596 2309 infor-

129 2344 292 2381 mante3
323 2328 510 2371 familiari
544 2328 694 2369 idcirco
715 2341 896 2369 sermone
931 2326 1225 2381 alloquendum
1241 2341 1328 2378 est,
1361 2341 1398 2370 et
1430 2340 1598 2369 contro-

130 2390 279 2435 versiae
313 2405 418 2432 Statu
446 2387 626 2444 exposito
647 2416 658 2432 ‚
692 2385 780 2438 jura
805 2386 1059 2427 insinuanda
1072 2402 1198 2439 sunt,
1233 2390 1362 2431 donec
1383 2387 1595 2434 praelatus,

129 2447 368 2504 suffragium
396 2449 587 2495 laturus,
614 2446 894 2492 difficultates,
925 2460 1026 2499 quas
1065 2447 1184 2488 habet
1207 2476 1220 2493 ‚
1252 2460 1469 2503 exponat;
1492 2457 1594 2486 tunc

129 2508 237 2554 enim
258 2507 322 2549 eis
333 2508 486 2549 occurri
507 2507 652 2555 debet,
684 2504 892 2561 proprias,
926 2519 969 2545 ac
987 2503 1116 2546 viriles
1140 2506 1384 2562 exponendo
1405 2503 1594 2554 rationes,

131 2567 234 2611 itaut
261 2566 428 2609 abillius
450 2566 584 2608 animo
616 2566 776 2624 penitus
806 2562 1081 2618 repellantur.
1110 2565 1271 2620 Optima
1300 2564 1396 2607 hinc
1428 2563 1593 2605 ratione.

134 2626 231 2677 fit,
244 2641 288 2670 ut
307 2625 399 2670 alibi
427 2624 633 2677 diximus,
665 2641 696 2669 ει
713 2638 802 2684 post
830 2625 938 2667 hanc
968 2622 1297 2671 informationem
1324 2621 1594 2686 responsionis

1498 2694 1601 2723 scria-
