1952 3167
361 323 445 354 120
639 306 715 348 DE
746 303 881 355 JURE
905 302 1251 349 ,SIGNATURAE
1283 302 1542 353 JUSTITIAE

473 365 716 410 Novissimis
750 367 930 410 Decretis
946 396 959 415 ‚
990 382 1012 408 a
1032 365 1212 423 Collegio
1228 365 1468 407 Votantium
1488 365 1723 421 Signattirae
1745 363 1828 408 edi‘.

347 431 397 473 tis
414 458 427 477 ‚
465 426 546 481 jam
563 440 684 482 supra
702 425 907 476 diximus,
935 426 1219 484 praescriptum
1251 423 1372 465 fuisse
1388 455 1402 473 ‚
1430 426 1543 479 quod
1563 424 1603 464 in
1624 439 1826 478 quacum-

353 502 436 545 que
474 486 690 542 Signatura
724 486 869 528 aestiva
901 485 1072 542 proponi
1119 483 1231 525 haud
1263 494 1431 538 possunt
1472 484 1689 538 plusquam
1719 498 1847 538 qua-„⁷

357 546 543 603 draginta
565 544 881 585 Commissiones
898 576 911 594 ‚
933 545 1003 585 illis
1027 542 1149 585 etiam
1168 540 1461 596 comprehensis
1475 572 1488 590 ,
1514 556 1617 598 quae
1638 543 1822 591 redeunt,

356 617 397 648 et
416 619 520 661 quae
551 603 671 645 unica
709 616 867 644 tantum
899 616 1009 661 parte
1041 602 1314 643 informantur
1337 630 1345 640 .
1380 600 1430 641 Et
1456 613 1500 641 ut
1528 600 1686 642 debitus
1719 600 1822 641 ordo

350 677 559 712 servetur,
597 661 735 703 iisdem
762 674 928 703 cautum
943 662 1061 703 etiam
1077 661 1155 703 fuit
1173 692 1184 710 ,
1222 660 1334 716 quod
1366 658 1604 715 Signaturae
1626 657 1825 709 Auditor,

354 735 527 779 sequuta
548 720 893 763 Commissionum
915 720 1194 763 distributione
1214 749 1225 768 ,
1255 719 1456 776 separabit
1475 717 1557 760 illas
1576 748 1588 764 ‚
1624 732 1728 774 quae
1747 732 1826 760 nu-

359 796 516 823 merum
548 781 917 838 quadragenarium
954 781 1188 826 excedunt,
1229 791 1267 820 et
1301 792 1366 819 eas
1385 777 1571 819 adnotari
1604 775 1763 819 curabit
1784 776 1826 818 in

350 842 485 890 folio,
515 854 608 882 eum
640 839 894 897 expressione
932 838 1033 881 tituli
1064 836 1381 883 commissionis,
1420 850 1457 878 et
1490 835 1668 878 nominis
1713 835 1839 878 Refe-·

352 899 558 947 tendarii,
607 899 660 939 ad
678 898 793 953 cujus
823 899 1053 940 relationem
1090 897 1290 951 quaelibet
1317 895 1457 936 Causa
1478 894 1744 953 proponenda
1765 909 1830 938 ve-

361 959 451 1007 nit,
489 957 714 1010 deindeque
742 956 838 995 illud
867 957 997 997 statim
1021 956 1281 996 transmittere
1308 953 1424 995 debet
1458 954 1712 995 Votantibus
1731 983 1744 1001 ‚
1779 968 1826 995 ac

356 1015 479 1056 etiam
497 1013 790 1054 Referendariis
807 1015 1054 1054 Ponentibus
1081 1015 1313 1053 earumdem
1329 1010 1659 1053 commissionum
1679 1042 1692 1061 ‚
1722 1025 1828 1066 quae

351 1088 446 1116 -non
480 1086 796 1131 proponuntur3
828 1073 941 1129 quod
973 1072 1124 1126 optima
1157 1071 1309 1112 ratione
1338 1071 1407 1119 fit,
1436 1083 1482 1112 ut
1514 1073 1565 1114 ab
1594 1085 1732 1114 earum
1749 1085 1834 1113 stu-

360 1133 432 1174 dio
466 1134 516 1174 illi
557 1148 595 1174 se
615 1133 810 1175 abstinere
836 1132 1017 1189 possint;
1062 1146 1098 1172 et
1116 1131 1167 1170 ne
1202 1131 1512 1178 Procuratores,
1545 1133 1725 1173 partesve
1760 1129 1832 1170 liti-

362 1204 500 1250 gantes
560 1190 796 1244 hujusmodi
836 1191 1130 1245 separationem
1174 1188 1395 1245 ignorent,
1438 1187 1542 1229 idem
1576 1189 1754 1230 Auditor
1788 1188 1831 1228 in

362 1252 454 1293 aula
480 1250 565 1305 ejus
598 1250 734 1291 solitae
771 1249 1000 1290 audientiae
1037 1249 1178 1289 folium
1197 1248 1453 1289 ‚antedictum
1482 1247 1661 1303 affiggere
1695 1250 1831 1295 debet,
1885 1265 1891 1269 ·

360 1309 548 1363 idemque
577 1307 673 1348 dicti
710 1308 905 1348 Votantes
925 1337 937 1355 ,
965 1321 1002 1348 et
1020 1306 1294 1347 Referendarii
1330 1319 1484 1347 servate
1519 1317 1743 1354 tenenturt,
1778 1304 1832 1347 ita
1875 1311 1878 1315 ’

356 1381 539 1422 :namque
571 1367 754 1407 certiores
787 1368 1065 1408 Procuratores
1095 1365 1324 1406 redduntur
1366 1364 1412 1405 de
1448 1378 1533 1405 non
1556 1365 1830 1421 propositione

354 1440 533 1468 -suarum
565 1424 894 1465 commissionum
922 1426 962 1464 in
992 1425 1106 1480 plena
1137 1424 1355 1479 Signatura
1374 1453 1384 1463 .

483 1485 604 1541 Quae
638 1497 769 1524 autem
796 1482 1111 1523 Commissiones
1144 1481 1435 1538 proponendae
1450 1496 1601 1533 erunt,
1638 1498 1742 1541 quae
1769 1498 1856 1533 ve->

356 1560 410 1589 ⁴ro
442 1558 558 1592 non,
591 1540 811 1595 dijudicare
857 1542 973 1583 debet
1020 1541 1198 1582 Auditor
1220 1572 1232 1591 ,
1264 1541 1335 1597 qui
1366 1543 1598 1599 praesertim
1626 1558 1721 1584 eam
1756 1557 1834 1584 tne-

363 1604 536 1648 thodum
555 1616 603 1643 ex
633 1616 739 1642 num.
759 1613 858 1644 vm.
892 1601 1092 1642 dictorum
1122 1600 1377 1642 decretorum
1413 1616 1567 1645 servare
1603 1603 1752 1652 debet,
1788 1613 1835 1644 ut

314 1687 318 1692 —
366 1661 450 1703 illas
471 1671 651 1715 separet,
681 1672 718 1700 et
751 1659 803 1699 ad
836 1662 995 1701 alteram
1028 1660 1285 1715 Signaturam
1315 1674 1515 1708 reservet,
1549 1677 1654 1717 quae
1695 1677 1718 1703 a
1755 1663 1835 1703 Re·
1862 1696 1865 1700 s

358 1716 605 1763 >ferendariis
624 1729 771 1773 quarto
790 1749 801 1767 ‚
836 1719 898 1759 vel
916 1719 1131 1762 novissimo
1162 1718 1250 1761 loco
1279 1720 1526 1771 subscriptae
1562 1715 1831 1773 1⁷eperiantur3

367 1791 539 1821 attamen
559 1806 572 1824 ‚
608 1776 778 1830 quando
797 1778 1033 1816 interdictas
1066 1778 1364 1815 commissiones
1390 1787 1501 1815 extet
1526 1773 1661 1829 aliqua
1681 1803 1693 1820 ‚
1724 1790 1830 1831 quae

366 1837 592 1880 celeriorem
629 1832 929 1887 expeditionem
971 1832 1126 1887 exigere
1178 1833 1364 1883 videatur
1399 1861 1412 1880 ,
1446 1846 1522 1872 suo
1558 1831 1712 1887 judicio
1745 1865 1760 1884 ,
1795 1846 1835 1878 et

363 1894 602 1955 prudentiae
628 1892 882 1934 commissum
914 1903 998 1940 est,
1027 1902 1072 1932 ut
1094 1904 1179 1932 eam
1197 1918 1209 1938 ,
1240 1903 1443 1947 quatenus
1469 1890 1522 1934 ita
1551 1890 1630 1941 sit,
1659 1891 1830 1937 caeteris

369 1967 618 2013 anteponat*-

486 2016 591 2055 Inter
621 2015 858 2073 praecipuas
884 2027 981 2060 vero
1014 2013 1078 2058 sui
1111 2011 1290 2057 muneris
1341 2020 1470 2069 partes
1509 2024 1594 2052 non
1632 2010 1831 2054 immerito

368 2075 605 2122 collocamus
638 2073 773 2123 illam,
797 2074 1170 2133 judicium'nempe
1201 2086 1323 2113 suum
1355 2070 1583 2128 proferendi
1622 2071 1664 2111 in
1698 2070 1833 2112 omni-

368 2140 445 2180 bus
471 2130 701 2183 instantiis,
734 2148 838 2188 quae
867 2134 1010 2173 directe
1045 2146 1126 2171 non
1173 2129 1393 2186 respiciunt
1411 2129 1727 2173 commissiones
1760 2144 1836 2186 ap·-

366 2194 630 2254 pellationum
655 2205 774 2247 super
792 2189 952 2246 negotio
981 2188 1191 2246 principali
1210 2219 1224 2237 ,
1245 2189 1324 2231 sive
1343 2188 1728 2247 circumscriptionis
1745 2203 1833 2230 sen-

369 2253 538 2300 tentiae,
575 2262 613 2290 et
639 2248 783 2291 decreti
800 2262 849 2291 ex
877 2248 1034 2302 defectu
1058 2247 1346 2304 jurisdictionis
1367 2276 1380 2294 ,
1410 2260 1454 2290 et
1475 2248 1692 2294 mandati,
1727 2262 1830 2303 quae

371 2325 508 2357 revera
557 2307 777 2350 incidentia
810 2337 823 2355 ,
851 2322 895 2350 -et
930 2306 1167 2364 emergentia
1201 2306 1451 2364 appellantur
1481 2338 1494 2356 ‚
1526 2323 1562 2349 et
1599 2308 1639 2348 in
1668 2308 1831 2349 caeteris

372 2371 487 2419 aliis,
526 2381 627 2423 quas
661 2365 763 2407 infra
781 2366 1135 2415 enumerabimus3
1166 2366 1207 2406 in
1240 2366 1285 2406 iis
1317 2367 1423 2407 enim
1443 2367 1663 2422 antiquitus
1695 2367 1831 2424 Signa-

314 2457 316 2459 ·
369 2445 481 2475 turae
518 2423 736 2468 Auditores
755 2437 830 2474 ,ut
863 2425 1135 2473 decernendi,
1155 2439 1199 2466 ac
1230 2423 1437 2477 judicandi
1458 2426 1641 2482 angustia
1677 2440 1716 2467 se
1732 2427 1832 2468 sub-
1859 2429 1865 2435 “

365 2491 545 2533 levarent
575 2516 586 2531 ‚
622 2496 925 2528 consue-verunt
960 2483 1228 2525 remissionem
1257 2484 1467 2525 decernere
1501 2486 1553 2526 ad
1587 2486 1742 2543 plenam
1767 2483 1833 2524 Si·-

379 2558 624 2606 gnaturam3
653 2544 862 2588 atdiversa
877 2557 972 2585 sane
989 2543 1050 2586 his
1075 2545 1219 2585 nostris
1239 2545 1484 2600 temporibus
1513 2559 1572 2588 res
1588 2558 1643 2587 est
1660 2572 1674 2591 ‚
1701 2556 1834 2598 quum

1731 2616 1835 2643 neu-
