1993 3195
637 327 947 370 CAPUT
1017 329 1065 371 11.
1529 354 1610 396 „5

149 391 392 436 Praefectum
410 415 423 434 ,
454 400 492 430 et
511 386 629 429 docto
648 386 695 428 de
715 388 962 444 gravamine,
977 388 1211 433 eorumdem
1239 389 1492 441 indemnitati
1511 416 1612 444 con,

148 450 361 495 sulendum
379 447 538 490 curabit
552 477 561 487 .
1403 456 1406 462 ·

224 507 405 556 Omnes,
427 522 464 550 et
486 520 764 563 quascumque
783 504 996 550 citationes
1014 508 1041 559 ‚²⁸
1060 508 1312 565 respicientes
1340 513 1611 571 Signaturam,

147 569 276 627 primo
300 568 391 610 loco
411 566 616 608 faciendas
635 581 713 608 esse
735 581 869 607 coram
889 567 998 610 dicto
1022 568 1260 625 Signaturae
1278 571 1482 616 Auditore
1503 606 1514 623 ‚
1534 580 1611 621 nisi

147 641 290 684 agatur
309 628 356 668 de
390 626 530 668 Causa
558 625 774 667 Criminali
805 625 1096 669 Tribunalium
1115 628 1265 679 Urbis;
1297 633 1400 674 itaut
1415 634 1444 675 si
1479 637 1609 692 prima

146 677 230 732 vice
251 689 319 730 fiat
340 700 477 729 coram
498 686 700 728 Praefecto
719 685 871 742 possint
890 686 1057 744 impune
1074 688 1207 745 sperni
1223 720 1236 738 ‚
1258 703 1296 733 et
1310 706 1394 733 non
1418 693 1609 748 afficiant,

146 747 227 788 imo
246 747 415 791 vetitum
430 760 509 788 esse
525 745 707 787 Notariis
724 777 738 796 ,
772 760 820 786 ne
838 747 1017 790 audeant
1048 746 1132 789 illas
1162 748 1337 804 recipere
1354 782 1366 800 ‚
1399 766 1469 795 aut
1497 769 1608 797 rece-

145 821 232 863 ptas
257 808 381 864 legere
405 837 418 856 ,
453 805 530 846 nisi
568 820 704 847 coram
735 804 937 847 Auditore
977 806 1090 863 prius
1122 808 1294 850 citatum
1328 810 1450 853 fuerit
1485 841 1497 858 ‚
1531 817 1608 858 sub

144 866 278 922 poenis
302 866 430 907 eidem
456 865 660 910 Auditori
695 863 890 907 benevisis
911 896 924 915 ‚
959 866 1126 923 adparet
1155 881 1204 909 ex
1238 867 1383 912 Edicto
1412 871 1607 916 Eminen-

145 925 282 967 tissimi
315 925 460 967 Scotti-

265 986 313 1025 In
332 984 482 1026 Causis
509 998 594 1025 nori
613 981 911 1040 appellabilibus
942 984 1096 1026 ratione
1114 1000 1262 1041 parvae
1288 1002 1467 1031 summae
1492 1019 1503 1037 ‚
1532 992 1609 1033 hoc

146 1055 232 1092 est,
268 1057 355 1084 non
375 1042 687 1092 excedentibus,
722 1054 907 1098 utsupra
932 1044 1107 1084 diximus
1124 1075 1137 1093 ‚
1171 1061 1369 1088 summam
1397 1063 1608 1092 scutorum

145 1101 445 1157 quinquaginta
463 1115 647 1143 monetae
673 1102 882 1142 Romanae
900 1133 912 1151 ‚
950 1101 1182 1144 admittitur
1205 1116 1364 1148 tantum
1390 1121 1574 1150 recursus
1592 1139 1606 1158 ,

144 1159 314 1212 ideoque
334 1161 376 1197 in
399 1161 491 1197 foro
508 1160 756 1199 recurribiles
776 1161 1026 1212 appellantur
1046 1191 1056 1200 .
1091 1161 1358 1216 Qui'quide'm
1382 1168 1581 1209 Recursus
1596 1195 1610 1215 ‚

143 1230 197 1258 an
219 1214 492 1257 admittendus
511 1243 524 1261 ‚
556 1215 616 1256 vel
634 1214 874 1257 reiiciendus
889 1218 940 1258 sit
955 1248 970 1266 ‚
997 1219 1048 1259 ab
1063 1218 1266 1260 Auditore
1284 1222 1526 1277 Signaturae
1545 1240 1610 1266 co-

143 1275 284 1333 gnosci
303 1275 419 1316 debet
436 1303 449 1321 2
482 1274 654 1327 quando
674 1286 803 1330 partes
822 1289 908 1316 non
929 1276 1187 1331 acquiescant
1205 1280 1362 1322 decreto
1391 1281 1609 1326 Auditor-is

145 1335 344 1376 Gamerae
362 1363 374 1380 ‚
407 1349 455 1375 ex
472 1347 519 1373 eo
539 1334 634 1388 quia
654 1334 743 1373 licet
769 1332 949 1376 Auditor
981 1338 1186 1378 Gamerae
1206 1337 1246 1378 in
1267 1340 1453 1383 facultate
1486 1343 1607 1384 etiarn

143 1393 291 1435 habeat
307 1393 545 1434 admittendi
561 1406 766 1434 recursum
784 1392 826 1432 in
843 1394 1037 1437 similibus
1050 1395 1390 1443 Causis‚definitis
1407 1415 1427 1440 a
1441 1399 1610 1443 Locum.

141 1453 374 1495 tenentibus
391 1485 403 1502 ‚
422 1467 458 1494 et
476 1452 677 1493 Auditore
697 1449 879 1503 ejusdem
895 1454 949 1494 A.
971 1455 1023 1496 C.
1044 1486 1056 1503 ‚
1074 1456 1251 1510 cognitio
1269 1459 1364 1500 vero
1391 1473 1506 1514 super
1540 1460 1608 1517 ju..

145 1512 248 1555 stitia
266 1545 279 1561 ,
303 1514 365 1556 vel
385 1511 581 1568 injustitia
606 1510 859 1552 admissionis
876 1541 889 1559 ,
921 1513 981 1556 vel
999 1512 1224 1563 rejectionis
1261 1519 1495 1560 earumdem
1517 1534 1608 1576 spe-

143 1585 224 1614 ctat
245 1587 410 1626 quoque
447 1571 499 1612 ad
525 1569 899 1613 Eminentissimum
933 1572 1182 1614 Praefectum
1216 1573 1491 1632 Signaturae,
1525 1579 1606 1623 sive

144 1632 197 1672 ad
216 1631 302 1683 ejus
319 1632 564 1674 Auditorem
583 1662 592 1672 .
620 1632 670 1673 Et
684 1631 869 1687 quamvis
888 1631 1068 1673 Auditor
1088 1632 1287 1675 Camerae
1308 1638 1497 1679 acerrime
1515 1653 1610 1679 con-

141 1693 403 1740 tenderet‚ad
425 1693 557 1748 ipsum
576 1692 772 1749 pertinere
792 1690 832 1730 in
852 1691 965 1733 dictis
986 1691 1136 1733 Causis
1153 1706 1364 1735 recursum
1383 1697 1610 1747 admittere,

139 1748 170 1789 si
193 1749 344 1790 decisae
362 1765 488 1794 essent
515 1767 584 1811 per
602 1766 697 1792 suos
726 1752 1056 1794 Locumtenentes
1075 1782 1088 1800 ,
1121 1767 1326 1807 suumque
1345 1753 1608 1806 Auditorem,

140 1806 337 1864 privative
368 1808 488 1850 etiam
526 1811 668 1858 quoad
687 1809 951 1854 Cardinalem
986 1810 1234 1856 Praefectum
1265 1813 1502 1869 Signaturae
1536 1816 1611 1861 Ju-

141 1865 269 1907 stitIae
300 1896 313 1914 ,
339 1879 385 1906 ac
402 1865 489 1916 ejus
507 1864 780 1911 Auditorem3
816 1867 918 1907 itaut
936 1867 978 1906 hi
1010 1882 1096 1906 non
1131 1883 1293 1923 possent
1322 1872 1459 1926 aliquo
1486 1874 1610 1915 modo

139 1938 180 1965 se
218 1925 396 1979 ingerere
431 1937 550 1978 super
585 1921 732 1962 talibus
765 1923 994 1965 recursibus
1030 1924 1237 1976 admissis,
1261 1928 1323 1971 vel
1349 1928 1505 1984 rejectis
1538 1947 1609 1990 per

140 1981 274 2038 ipsum
302 1982 355 2020 A.
388 1981 442 2021 C.
465 2010 479 2027 ,
512 1994 557 2019 ac
583 1994 702 2033 super
735 1978 914 2031 justitia,
951 1991 989 2024 et
1024 1980 1222 2034 injustitia
1253 1988 1540 2039 admissionis,
1570 2004 1609 2035 et

138 2039 395 2096 rejectionis;
425 2038 467 2079 id
486 2050 619 2079 tamen
640 2053 770 2093 quum
791 2054 887 2083 esset
906 2054 1046 2082 contra
1063 2043 1276 2099 antiquam
1309 2048 1610 2092 observantiam

140 2099 296 2141 Curiae
314 2130 328 2149 ,
363 2096 615 2149 laederetq'ue
636 2096 1084 2148 nimisjurisdictionem
1100 2129 1113 2148 ,
1150 2116 1189 2145 et
1211 2104 1470 2161 amplissimas
1486 2108 1610 2151 facul-

139 2171 242 2202 tates
271 2189 284 2208 ,
318 2158 423 2200 circa
453 2156 738 2199 concernentia
769 2155 994 2209 justitiam,
1024 2158 1260 2204 Cardinalis
1291 2166 1480 2209 Praefecti
1510 2197 1523 2214 ‚
1555 2184 1604 2212 ac

143 2217 232 2270 ejus
262 2218 505 2265 Audimus,
541 2229 750 2272 eapropter
780 2218 971 2258 Summus
1001 2217 1185 2261 Pontifex
1221 2225 1269 2263 de
1300 2240 1414 2267 anno
1452 2241 1563 2282 ¹703
1589 2259 1601 2270 .

142 2278 248 2320 hanc
267 2278 581 2320 controversiam
606 2277 814 2318 mandavit
835 2277 1104 2319 dirimendam
1123 2294 1145 2319 a
1164 2282 1394 2337 particulari
1417 2285 1607 2342 Congre-

146 2337 302 2393 gatione
320 2353 386 2379 sex
419 2336 638 2392 insignium
671 2337 942 2378 Praelatorum
961 2367 974 2385 ‚
1010 2352 1154 2396 nempe
1181 2342 1409 2398 Caprarae,
1441 2347 1608 2388 Lancet-

145 2408 210 2436 tae
229 2427 241 2444 ‚
256 2395 418 2440 Ansalcli
432 2429 444 2445 ‚
477 2395 677 2453 Caffarelli
692 2427 705 2444 ,
734 2396 921 2438 Grimaldi
940 2427 953 2444 ,
978 2408 1016 2438 et
1036 2398 1241 2441 corradini
1256 2417 1268 2449 τ,
1304 2416 1341 2442 et
1359 2417 1446 2458 post
1465 2404 1607 2448 binam

148 2455 310 2496 Causae
331 2457 615 2498 discussionem
640 2463 716 2497 sub
744 2456 806 2496 die
842 2470 913 2511 27.
951 2456 1036 2497 iulii
1066 2471 1187 2512 ¹705-
1223 2458 1303 2500 fuit
1336 2474 1604 2517 responsum:

146 2528 366 2569 competere
405 2515 725 2562 ‚iurisdictionem
758 2516 1081 2557 Eminentissimo
1114 2516 1320 2560 Praefecto
1357 2549 1368 2566 ‚
1398 2522 1479 2564 sive
1518 2522 1607 2575 ejus

144 2573 370 2617 Auditori,
399 2576 445 2615 ln
478 2591 559 2632 qua
593 2576 758 2631 quidem
801 2575 940 2617 Causa
975 2576 1110 2618 favore
1145 2578 1379 2622 Cardinalis
1412 2582 1623 2624 Praefecti

968 2635 996 2675 P
1030 2649 1055 2676 2
1510 2640 1606 2682 scri-
