1993 3195
607 246 645 292 C
679 247 717 290 Α
750 249 776 291 P
809 249 848 291 U
878 248 916 291 T
976 248 1011 290 K*
1511 264 1529 293 ι’

81 328 179 361 ctus,
204 307 355 352 utendo
375 306 568 350 facultate
596 307 671 350 sibi
689 322 876 351 concessa
906 324 927 351 a
946 306 1135 350 Pontifice
1169 307 1213 347 in
1248 307 1367 349 Brevi
1393 309 1469 351 sub
1486 268 1562 352 da?

75 385 161 416 tum
195 371 236 412 6.
253 367 357 426 junii
384 368 483 410 anni
509 366 633 423 1769.
653 367 806 424 praevia
826 368 981 424 apocha
1010 366 1289 423 resignationis
1315 381 1383 424 per
1417 368 1561 411 instru-

73 442 256 473 mentum
274 427 484 485 publicum
515 427 592 469 sub
627 427 689 468 die
724 441 765 483 9.
796 426 890 468 dicti
915 424 1061 469 mensis
1086 426 1128 466 in
1163 425 1258 468 actis
1278 425 1441 466 Cataldi
1469 429 1559 467 No-

73 487 164 532 tarii
196 487 342 530 Curiae
379 486 629 543 Capitolinae
676 486 892 542 resignavit
928 485 1222 528 Praefecturam-
1237 483 1559 532 Eminentissimo

74 546 259 589 Domino
274 544 488 588 Cardinali
504 545 674 589 Ande-ece
694 544 852 588 Corsino
867 543 954 602 ejus
974 544 1126 602 nepoti,
1155 543 1397 587 meritissime
1418 558 1505 584 eam
1520 544 1562 584 in

74 620 251 664 praesens
282 617 509 647 exercenti.

191 665 414 707 Occasione
426 665 611 722 gravium
626 697 638 715 ,
672 681 718 708 ac
742 665 1000 708 assiduorum
1015 664 1199 707 laborum
1218 696 1230 715 ‚
1245 681 1349 721 quos
1368 677 1448 706 tam
1470 664 1561 703 Vo-
1583 703 1590 707 ,

71 736 198 767 rantes
212 754 225 772 ,
256 740 381 780 quam
399 723 592 781 simplices
610 724 883 767 Referendarii
900 724 1113 774 sustinent,
1130 723 1437 782 quamplurimis
1454 738 1475 763 a
1492 736 1559 763 va-

71 784 138 825 riis
157 784 419 827 Pontificibus
447 785 703 827 condecorati
734 797 831 827 sunt
865 783 1078 841 privilegiis
1106 813 1119 832 ‚
1154 799 1332 839 quorum
1370 780 1562 838 equidem

49 860 53 861 ⁷
73 843 212 885 seriem
231 843 296 885 hic
312 844 540 886 summatim
559 844 699 886 referre
729 859 811 885 non
828 843 968 885 inutile
989 858 1068 885 esse
1088 843 1360 885 existimamus
1376 869 1386 879 .
1414 842 1465 880 Et
1482 838 1561 894 pri-

72 916 185 944 mum
197 903 346 945 Paulus
363 904 432 945 111.
461 903 705 945 inhaerendo
726 903 897 959 vestigiis
914 903 1061 945 Leonis
1083 903 1133 943 X.
1150 933 1163 952 ,
1180 914 1218 944 et
1237 899 1455 942 Clementis
1468 896 1559 937 Vll.

73 974 187 1002 motu
203 962 452 1018 proprio(1)
468 976 538 1004 eos
557 963 783 1004 Familiares
804 992 816 1011 ,
851 977 895 1004 ac
914 962 1135 1004 continuos
1156 957 1438 1002 commensales
1456 958 1563 995 Pon-

76 1017 221 1060 tificios
241 1020 449 1076 appellavit
467 1049 478 1067 ,
510 1033 547 1062 et
581 1021 623 1060 in
644 1023 802 1062 Sanctae
834 1021 946 1061 Sedis
965 1020 1157 1062 Notarios
1181 1017 1354 1074 gratiose
1387 1012 1534 1068 recepit
1552 1039 1567 1058 ²

76 1089 143 1116 eos
161 1075 257 1117 vero'
275 1078 347 1127 qui
366 1078 556 1115 Praesules
590 1078 836 1122 existebant,
870 1079 912 1114 in
936 1077 1049 1116 Sacri
1082 1077 1221 1116 Palatii
1241 1102 1255 1118 ‚
1286 1087 1324 1113 et
1352 1071 1470 1112 Aulae
1488 1073 1568 1110 La·-

74 1133 295 1175 teranensis
315 1131 498 1172 Comites
517 1131 707 1178 adscivit,
741 1132 812 1184 qui
831 1145 927 1171 vero
951 1131 1117 1170 Nobiles
1146 1143 1230 1168 non
1251 1127 1568 1175 essenr,Nobiles

73 1190 167 1234 fecit
184 1223 198 1242 ,
231 1207 277 1234 ac
309 1190 548 1239 constituit,
582 1203 781 1244 tanquam
813 1203 860 1229 ex
879 1202 1025 1244 magno
1044 1188 1278 1234 Baronum,
1303 1199 1341 1227 et
1354 1183 1568 1226 Nobilium

75 1265 220 1307 genere
242 1263 468 1309 procreatos
486 1282 499 1300 ‚
526 1262 564 1290 et
592 1264 640 1291 ex
659 1249 870 1290 Nobilium
888 1261 1027 1303 genere
1046 1261 1094 1288 ex
1109 1260 1281 1301 utroque
1301 1256 1492 1301 parente;
1525 1255 1564 1285 et

75 1310 119 1350 in
136 1310 297 1368 signum
318 1310 486 1352 honoris
505 1338 517 1357 ‚
545 1323 589 1350 ac
611 1307 842 1350 Nobilitatis
864 1306 1097 1363 hujusmodi
1115 1307 1169 1348 eis
1187 1335 1199 1353 ‚
1237 1318 1274 1346 et
1290 1318 1432 1344 eorum
1445 1299 1563 1344 cuili-

76 1368 141 1412 bet
169 1384 243 1426 pro
259 1369 444 1426 insigniis
461 1401 475 1419 ‚
508 1380 546 1410 et
562 1368 848 1416 stemmatibus,
864 1366 1015 1422 quibus
1033 1366 1104 1423 ipsi
1122 1377 1313 1412 utuntur,
1332 1374 1484 1419 partem
1498 1360 1564 1400 in-

76 1427 251 1486 signium
271 1428 448 1486 suipsius
467 1427 708 1485 assignavit,
738 1426 891 1468 etiamsi
911 1425 994 1467 sine
1017 1423 1188 1483 propriis
1213 1421 1492 1466 stemmatibus
1524 1419 1566 1459 il-

74 1488 122 1531 lis
141 1487 201 1530 uti
219 1487 438 1531 voluissent
451 1504 462 1538 ;
475 1487 705 1530 facultatem
722 1486 841 1528 etiam
853 1485 1038 1542 elargitus
1064 1484 1144 1526 fuit
1161 1481 1347 1540 eligendi,
1365 1494 1469 1536 quos
1485 1480 1567 1520 ido-

76 1562 174 1590 neos
191 1548 407 1604 repererint
423 1579 435 1597 ,
473 1548 526 1588 ad
545 1546 722 1588 officium
740 1544 1044 1587 Tabellionatus
1075 1543 1228 1598 ubique
1248 1541 1430 1582 locorum
1446 1539 1568 1580 etiam

77 1619 188 1650 extra
207 1622 345 1649 muros
363 1606 486 1650 Urbis
502 1637 514 1656 ,
549 1620 708 1648 necnon
728 1603 973 1662 legitimandi
992 1631 1006 1651 ,
1039 1618 1084 1645 ac
1115 1599 1354 1644 habilitandi
1370 1599 1422 1641 ad
1436 1600 1567 1640 haere-

76 1665 280 1716 ditates‚et
299 1668 407 1709 bona
430 1695 444 1715 ‚
462 1679 499 1709 et
517 1665 569 1708 ad
585 1665 718 1708 officia
739 1663 931 1706 secularia
967 1662 1128 1720 publica
1144 1692 1158 1710 ,
1192 1675 1237 1702 ac
1261 1659 1414 1717 privata
1447 1671 1568 1712 quos-

75 1739 249 1780 cumque
268 1726 428 1783 spurios
446 1755 460 1773 ,
489 1726 691 1768 naturales
707 1756 719 1773 ,
740 1723 947 1767 bastardos
966 1751 978 1770 ‚
1003 1735 1203 1764 manseres
1218 1748 1230 1766 ,
1262 1718 1408 1759 nothos
1425 1748 1437 1766 ,
1456 1716 1567 1758 ince-

78 1786 485 1850 stuochopulative
509 1814 522 1832 ‚
553 1800 598 1828 ac
617 1783 867 1840 disjunctive
891 1796 940 1822 ex
961 1793 1225 1835 quocumque
1263 1776 1395 1816 illicito
1413 1805 1426 1822 ,
1457 1772 1572 1816 sacri-

77 1840 189 1894 leg0‚
222 1846 285 1880 ac‘
300 1843 493 1882 damnato
511 1841 621 1882 coitu
638 1871 650 1889 ,
680 1841 911 1881 viventibus
927 1868 940 1885 ,
972 1853 1044 1879 seu
1061 1835 1231 1878 mortuis
1262 1846 1402 1873 eorum
1421 1845 1571 1886 paren-

76 1897 187 1941 tibus
202 1928 215 1946 ,
248 1896 300 1936 ad
316 1896 441 1936 instar
459 1898 629 1951 Collegii
649 1896 830 1937 Archivii
850 1898 1048 1935 Romanae
1084 1892 1230 1933 Curiae
1249 1919 1263 1939 ,
1293 1887 1413 1943 juxta
1445 1889 1571 1931 facul-

79 1968 175 1999 tates
194 1955 230 1996 ei
260 1968 470 1997 concessas
505 1954 650 2000 alulio
669 1954 776 2009 Papa
808 1953 855 1992 ΙΙ.

196 2013 356 2056 Eisdem
388 2013 554 2069 insuper
574 2011 743 2053 indulsit
758 2010 993 2053 facultatem
1012 2038 1025 2057 ,
1057 2021 1342 2064 quoscumque
1370 2008 1538 2051 idoneos
1556 2040 1570 2059 ‚

80 2074 283 2131 adjunctis
301 2073 379 2116 sibi
398 2072 671 2116 assistentibus
690 2071 856 2113 duobus
877 2101 889 2119 ‚
917 2083 988 2111 aut
1008 2068 1137 2110 tribus
1156 2068 1378 2125 Magistris,
1395 2083 1466 2109 seu
1481 2068 1572 2108 Do·
1628 2078 1631 2079 ⁷

82 2133 260 2176 ctoribus
279 2165 292 2183 ,
331 2147 402 2176 aut
421 2131 650 2174 Licentiatis
669 2132 711 2172 in
745 2128 949 2179 facultate,
967 2129 1008 2169 in
1033 2142 1116 2182 qua
1137 2127 1402 2184 promovendi
1420 2138 1542 2168 erunt
1557 2157 1572 2176 ‚

84 2207 187 2247 quos
207 2193 352 2236 adhoc
385 2191 577 2234 duxerint
603 2190 804 2247 eligendos
823 2219 835 2237 ,
868 2202 1010 2230 eorum
1038 2186 1156 2228 Votis
1189 2186 1357 2242 juratis,
1390 2186 1431 2226 in
1465 2199 1572 2228 utro-

85 2266 161 2307 que
182 2252 266 2308 jure
286 2284 298 2302 ,
330 2264 367 2294 et
383 2250 601 2307 Theologia
618 2281 630 2298 ‚
664 2264 710 2290 ac
737 2247 907 2289 Artibus
922 2279 935 2296 ‚
967 2247 1019 2288 ad
1050 2246 1385 2288 Baccalaureatus
1404 2276 1417 2294 ,
1450 2257 1487 2286 et
1502 2240 1570 2284 Li-

91 2311 355 2361 centiatnrae‚
386 2326 430 2352 ac
462 2311 732 2357 Doctoratus,
765 2320 803 2349 ct
833 2305 1058 2363 Magisterii
1092 2306 1243 2362 gradus
1272 2305 1427 2359 ubique
1463 2303 1572 2344 loco-

1480 2373 1572 2403 rUm

1352 2430 1572 2446 —-—

717 2436 1189 2451 *ἡ*

248 2441 557 2455 ——u

137 2499 185 2540 41)
210 2501 371 2530 constitut.
398 2509 451 2540 24.
467 2499 547 2533 Ball.
565 2508 642 2531 nov.
658 2505 732 2530 tom.
751 2507 779 2528 ι.
806 2504 836 2529 et
853 2498 884 2529 in
903 2495 1160 2539 appendicepag.
1185 2502 1213 2523 1.
1229 2492 1273 2524 ad
1292 2501 1344 2530 14.
