2075 3167
422 299 482 357 46
719 291 800 335 DE
830 291 968 340 JURE
1001 290 1343 335 SIGNATURAE
1375 289 1633 338 JUSTITIAE

428 369 607 402 attamen
635 353 788 396 sirecte
809 367 1009 409 ponamus
1038 353 1266 402 calculum,
1297 351 1465 394 omnino
1496 351 1700 393 diversum
1734 349 1910 407 profecto

429 417 507 460 dici
526 415 670 463 debet,
707 427 837 468 quum
856 412 1127 453 Referendarii
1159 414 1356 454 Romanae
1372 409 1483 451 Sedis
1509 407 1745 466 suffraqum
1776 409 1913 451 ferunt

427 477 539 534 jussu
556 470 866 515 Eminentissimi
898 471 1075 513 Praefecti
1095 471 1135 511 in
1157 471 1305 513 Causis
1323 502 1335 520 ,
1366 484 1465 525 quas
1481 468 1551 525 ipsi
1570 469 1611 508 in
1632 469 1747 524 plena
1765 468 1909 524 Signa-

429 549 519 578 tura
542 533 747 582 referunt3
782 544 819 572 et
836 531 877 571 in
895 528 1090 585 suffragiis
1108 530 1280 572 serendis
1296 530 1499 574 veritatem
1519 558 1530 577 ,
1548 539 1585 568 et
1603 526 1795 583 justitiam
1813 540 1907 582 prae

428 593 553 636 oculis
576 591 686 633 omni
711 591 895 633 adhibito
924 590 1059 629 studio
1085 590 1315 631 habendam
1346 603 1425 629 esse
1464 600 1540 643 pro
1559 585 1645 643 jure
1663 598 1770 627 certo
1785 586 1908 626 habe·

430 666 526 701 tur·‚
555 663 592 692 et
627 662 835 707 eapropter
866 648 966 690 nihil
986 650 1036 690 ab
1054 647 1108 689 eis
1138 647 1502 705 pronunciandum
1520 657 1606 694 est,
1641 645 1716 686 nisi
1752 643 1867 700 quod
1897 674 1909 694 ,

432 710 615 752 instituta
648 710 838 757 Causae,
869 709 947 749 hoc
963 720 1018 748 est
1044 707 1137 754 facti
1166 723 1259 750 cum
1283 706 1434 764 legibus
1468 704 1766 761 comparatione
1787 734 1798 752 ,
1845 701 1913 755 ju-

433 783 472 810 re
502 768 763 810 statuendum
785 798 797 817 ,
823 765 1276 823 ‘pronunciandumque
1291 766 1475 810 videatur
1494 796 1503 805 .
1544 763 1652 805 Hinc
1685 761 1911 804 Franciscus

433 827 591 868 Glzerius
613 828 657 868 ‘cle
672 827 791 869 Sotiis
806 826 844 867 in
864 825 994 867 Indice
1017 824 1285 866 Trilmnalium
1324 823 1437 865 Urbis
1454 851 1467 870 ‚
1506 823 1605 864 dum
1626 822 1673 863 de
1692 822 1908 878 Signatura

430 884 611 936 Justitiae
633 885 838 939 loquitur,
854 882 1138 926 animadvertit
1152 912 1162 929 ‚
1180 884 1292 939 quod
1309 894 1450 925 contra
1470 880 1786 923 Commissiones
1805 879 1910 921 idem

432 943 745 984 Referendarius
770 955 972 999 proponat
990 970 1002 988 ‚
1038 955 1110 982 nec
1128 942 1263 996 aliquo
1291 941 1415 982 modo
1436 940 1585 996 possit,
1616 939 1676 979 uti
1705 948 1911 993 suspectus

434 1000 637 1048 recusari,
667 999 771 1039 sicut
791 1014 862 1041 nec
881 1001 921 1039 in
941 999 1217 1054 proponendis
1234 999 1316 1040 aliis
1342 997 1713 1039 Commissionibus
1732 1022 1744 1041 ,
1773 994 1909 1036 nisiex

431 1071 551 1100 causa
565 1069 747 1114 expressa
768 1084 781 1103 ‚
814 1070 851 1098 et
864 1058 1083 1112 approbata
1106 1057 1157 1095 ab
1175 1055 1500 1096 Eminentissimo
1530 1053 1734 1095 Praefecto
1753 1082 1763 1093 .

552 1113 757 1171 Proposita
794 1112 933 1155 Causa
953 1127 1022 1168 per
1039 1113 1369 1152 Referendarium
1385 1141 1398 1158 ,
1430 1115 1628 1152 Votantes
1645 1108 1833 1165 suffragia
1858 1111 1912 1152 fe-

431 1186 529 1217 runt
546 1205 558 1223 ,
594 1188 642 1214 eo
660 1170 800 1212 ordine
814 1202 826 1220 ,
861 1183 908 1212 ut
923 1169 1056 1211 senior
1075 1200 1087 1217 ,
1119 1168 1248 1225 primo
1284 1182 1423 1224 nempe
1457 1177 1664 1223 receptus,
1699 1166 1866 1225 incipiat
1897 1198 1910 1219 ‚

430 1231 626 1275 etcaeteri
654 1229 768 1283 juxta
793 1228 978 1286 temporis
1014 1227 1260 1282 prioritatem
1279 1239 1595 1285 prosequantur,
1627 1237 1750 1283 prout
1770 1226 1913 1283 legitur

431 1291 546 1346 apud
575 1287 878 1332 Marclzesanum
914 1287 986 1344 (1)
1006 1299 1019 1335 ;
1046 1298 1084 1328 et
1105 1286 1290 1340 quamvis
1325 1286 1537 1329 Cat-clinalis
1561 1284 1621 1326 De
1640 1287 1742 1328 Luca
1755 1285 1828 1342 (2)
1844 1285 1912 1342 ju-

431 1350 586 1393 niorem
602 1348 645 1389 in
659 1348 841 1392 votando
863 1347 1037 1402 incipere
1056 1345 1197 1387 debere
1214 1345 1458 1389 demonstret
1472 1377 1485 1396 ,
1517 1344 1910 1388 credendumtamen

432 1420 487 1452 est
502 1407 706 1450 Fattz‘nello
723 1406 796 1463 (3)
814 1437 825 1456 ,
859 1405 930 1461 qui
948 1419 1153 1460 tamquam
1169 1404 1352 1447 oculatus
1371 1406 1501 1455 testis,
1546 1417 1593 1446 ut
1620 1404 1780 1445 Votans
1812 1417 1909 1447 tunc

430 1466 618 1525 temporis
634 1466 812 1524 ejusdem
829 1464 1068 1521 Signaturae
1085 1494 1097 1512 ,
1115 1463 1168 1505 ita
1181 1464 1383 1507 observari
1400 1477 1566 1507 testatur
1577 1493 1587 1503 .
1609 1463 1779 1520 Oportet
1797 1477 1911 1505 nunc

431 1526 586 1576 dicere,
616 1525 825 1583 quomodo
851 1524 1010 1566 illorum
1028 1520 1215 1580 suffragia
1234 1536 1522 1566 enumerentur
1537 1553 1550 1572 ,
1584 1535 1631 1564 ut
1654 1537 1701 1563 ea
1720 1522 1908 1564 resolutio

428 1584 719 1635 renuncietur,
741 1585 787 1626 in
806 1599 930 1639 quam
947 1583 1119 1640 plurima
1129 1579 1317 1639 suffragia
1336 1581 1603 1628 convenerint
1617 1611 1630 1632 ,
1660 1580 1726 1626 vel
1755 1596 1801 1622 ea
1821 1580 1913 1623 reti·
1954 1577 1958 1580 ⁴

431 1657 568 1686 ceatur
586 1673 600 1691 ,
623 1658 728 1697 quae
746 1644 913 1702 paribus
929 1656 1025 1685 esset
1035 1642 1222 1685 distracta
1245 1640 1442 1700 suffragiis
1455 1673 1464 1684 .
1502 1644 1552 1685 Et
1567 1654 1662 1684 ante
1678 1639 1820 1682 omnia
1839 1654 1912 1682 ex-

431 1702 673 1758 ponendum
689 1714 773 1750 est,
800 1703 915 1756 quod
944 1701 1095 1743 etiamsi
1121 1715 1258 1742 omnes
1291 1699 1564 1744 Referendarii
1597 1702 1796 1743 vorantes
1824 1714 1923 1743 non.

429 1758 726 1806 convenirent,
746 1759 850 1802 itaut
866 1758 990 1814 aliqui
1008 1790 1021 1807 ,
1048 1760 1108 1801 vel
1135 1759 1265 1814 plures
1287 1774 1336 1802 ex
1364 1760 1410 1803 iis
1441 1761 1613 1818 legitimo
1634 1772 1763 1802 essent
1782 1759 1909 1815 impe-

431 1818 609 1860 dimento
636 1816 815 1865 detenti,
846 1817 899 1857 illi
915 1816 988 1871 qui
1006 1818 1208 1858 intersunt
1234 1832 1376 1857 causas
1410 1820 1613 1859 definiunt
1631 1830 1709 1862 ,set
1725 1817 1911 1860 commit-

426 1888 544 1925 tunt;
574 1889 753 1929 quorum
768 1874 896 1931 major
911 1887 1030 1930 pars,
1061 1874 1093 1915 si
1111 1887 1280 1915 concors
1294 1871 1440 1922 fuerit,
1470 1872 1583 1926 juxta
1617 1887 1807 1918 votorum
1824 1875 1911 1931 plu-

427 1934 622 1976 ralitatem
640 1931 684 1972 fit
700 1933 889 1972 resolutio
902 1960 916 1978 ,
947 1943 984 1971 et
999 1932 1062 1971 illa
1085 1931 1232 1971 dicitur
1249 1942 1364 1984 capta
1382 1930 1423 1970 in
1443 1932 1559 1984 plena
1578 1931 1793 1985 Signatura
1813 1961 1827 1979 ‚
1860 1932 1910 1973 li-

430 2004 491 2035 cet
517 1990 632 2034 multi
649 1991 846 2032 Votantes
866 2003 951 2030 non
977 1986 1130 2030 fuerint
1145 1999 1394 2044 praesentes;
1430 1999 1468 2028 et
1486 1987 1576 2028 ideo
1596 1986 1737 2029 eadem
1756 1990 1905 2032 resolu-

429 2049 486 2092 tio
504 2063 655 2106 semper
672 2049 858 2097 habetur,
870 2062 916 2089 ac
934 2047 966 2089 si
981 2051 1164 2089 emanata
1180 2044 1317 2087 fuisset
1334 2060 1355 2085 a
1371 2045 1488 2101 plena
1504 2044 1735 2102 Signatura,
1753 2049 1908 2103 quoties
1958 2070 1963 2073 -

429 2108 556 2164 major
572 2122 663 2164 pars
679 2107 950 2150 praelatorum
969 2104 1241 2160 praesentium
1273 2103 1316 2143 in
1347 2104 1409 2145 illa
1422 2136 1435 2154 ‚
1472 2104 1610 2147 addito
1626 2118 1722 2149 voto
1740 2106 1902 2150 Praelati

425 2167 697 2209 Referendarii
728 2167 771 2206 in
791 2163 939 2204 Causis
957 2190 972 2210 ,
1002 2175 1108 2215 quae
1135 2163 1186 2204 ab
1203 2162 1287 2220 ipso
1305 2193 1319 2212 ,
1352 2174 1560 2219 tamquam
1575 2166 1756 2207 Ponente
1772 2197 1786 2216 ,
1815 2181 1904 2223 pro-

429 2238 643 2282 ponuntur
661 2255 674 2275 ,
710 2224 753 2263 in
770 2237 904 2263 unum
921 2221 1163 2270 conveniat3
1195 2233 1317 2279 prout
1341 2222 1536 2266 adnotant
1552 2223 1739 2268 laudatus
1754 2226 1815 2267 De
1832 2226 1904 2268 Lu-

425 2297 470 2326 ca
497 2284 599 2341 (4),
625 2295 663 2326 et
677 2281 853 2327 Vestrius
872 2280 914 2322 in
929 2279 1044 2340 praxi
1074 2279 1175 2337 (5)j.

1794 2340 1903 2385 Ani-

472 2441 529 2481 (1)
553 2444 598 2473 De
616 2441 760 2473 Commis.
780 2449 848 2483 cap.
870 2449 996 2483 1.part.
1015 2449 1043 2471 1.
1225 2439 1285 2480 (4)
1307 2440 1410 2472 Relat.
1429 2441 1529 2473 Curiae
1545 2441 1624 2475 disc.
1641 2452 1694 2485 31.
1831 2415 1897 2426 -

475 2485 530 2525 (2)
556 2485 658 2516 Relat.
674 2487 773 2518 Curiae
789 2486 869 2518 disc.
888 2494 917 2516 1.
939 2493 1084 2525 num.14.
1223 2486 1275 2524 (5)
1299 2485 1365 2516 Lib.
1384 2494 1413 2516 1.
1426 2494 1491 2529 cap.
1509 2497 1540 2529 3.
1558 2497 1644 2521 num.
1664 2497 1694 2531 3.
1706 2484 1807 2526 infin.

478 2530 533 2571 (32
561 2531 634 2572 Cap.
652 2529 682 2559 8.
707 2539 793 2562 num.
816 2537 867 2560 12.
