1952 3167
322 311 364 344 82
706 306 767 340 DE
796 305 907 346 JURE
942 305 1220 341 SIGNATURAE
1245 307 1459 348 JUSTITIAE

318 366 391 390 sum
408 353 676 400 aequipollentem
705 379 715 394 ,
745 354 877 401 quoties
904 352 993 388 illius
1012 353 1168 398 allegatio
1195 355 1413 400 praetermissa
1446 356 1545 390 fuerit
1571 365 1723 401 tempore
1750 370 1812 403 op-

318 413 467 449 portuno
483 427 493 442 ‚
523 405 585 437 hoc
602 412 650 438 est
670 403 752 438 infra
781 413 845 437 tres
867 403 936 437 dies
952 404 1172 438 numerandos
1191 417 1208 438 a
1222 404 1275 438 die
1304 405 1573 449 reproductionis
1598 406 1772 441 Monitorii
1800 430 1812 447 ,

317 464 376 487 seu
394 451 511 486 Libelli
528 476 537 490 ‚
571 451 621 486 vel
641 451 823 486 Citationis
851 453 890 486 ad
906 451 1084 485 dicendum
1115 461 1230 486 contra
1249 453 1326 485 lura
1352 477 1361 485 .

368 500 410 535 V.
463 499 639 546 Qodque
661 500 888 545 pariformiter
916 502 978 534 sub
994 501 1106 535 eadem
1139 499 1214 544 lege
1243 499 1478 542 comprehensi
1518 510 1714 537 censeantur
1742 503 1813 538 l'ri-

315 549 466 596 vilegiati
484 573 493 587 ,
525 561 582 583 seu
600 549 763 584 Patentati
784 550 871 583 Rev,
890 547 1033 583 Fabricae
1050 546 1159 581 Sancti
1175 546 1265 581 Petri
1283 571 1292 586 ,
1318 556 1418 592 prout
1444 558 1501 582 eos
1529 549 1727 593 praelaudata
1741 551 1814 587 De-

318 606 408 633 creta
432 597 638 632 sufficienter
667 597 980 641 comprehendunt,
1007 603 1039 629 et
1073 595 1268 630 nominatim
1293 607 1427 642 quoque
1456 595 1538 632 illud
1561 596 1812 644 Congregatio-

315 647 366 682 nis
398 647 612 682 Particularis
629 638 825 680 solemniter
841 646 1074 680 confirmatum
1099 656 1158 690 per
1173 644 1301 680 Bullam
1318 657 1385 680 san.
1404 657 1503 681 mem.
1520 646 1704 683 Innocentii
1725 649 1784 684 Xl.
1799 673 1810 688 ,

314 707 388 740 quae
401 694 518 740 incipit
531 710 565 732 Ξ
598 700 743 728 Decet:
770 696 832 730 sub
850 694 964 729 datum
986 707 1018 740 4.
1036 693 1199 729 Kalendas
1215 693 1292 729 Iulii
1314 696 1418 737 1689.
1433 719 1443 732 ,
1469 695 1539 730 sive
1554 697 1622 731 sint
1642 696 1814 731 Commis-

315 744 415 784 sarii,
447 744 517 778 sive
533 746 773 779 Procuratores
789 768 799 784 ‚
832 744 931 778 etiam
950 743 1092 778 Fiscales
1108 767 1118 783 ,
1146 743 1216 778 sive
1233 743 1368 778 Notat-ii
1383 765 1393 782 ‚
1420 744 1491 779 sive
1509 744 1572 779 alia
1591 757 1812 791 quaecumque

314 792 505 828 Ministeria
532 806 593 839 pro
608 794 722 828 eadem
748 792 884 828 Fabrica
911 801 1130 832 exercentes,
1162 805 1239 827 cum
1259 791 1382 826 nemini
1410 803 1525 827 eorum
1551 792 1651 828 liceat
1669 794 1813 840 allegare

313 842 393 876 Fori
408 841 656 877 declinatoriam
677 843 707 876 in
725 842 844 876 Causis
860 865 869 881 ,
902 850 934 875 et
950 840 1097 886 negociis
1118 841 1382 877 indifferentibus
1398 864 1408 879 ,
1437 840 1610 886 ipsamque
1636 843 1808 878 Fabricam

314 902 374 925 seu
391 888 548 936 praedicta
565 890 750 926 Ministeria
788 891 980 935 neutiquam
1014 890 1318 929 concernentibus3
1348 891 1472 930 rejecta
1501 901 1636 934 prorsus
1667 914 1678 930 ,
1706 903 1742 926 ac
1760 903 1813 926 re-

314 942 455 983 probata
471 951 682 984 quacumque
723 939 1024 983 interpretatione,
1053 951 1126 984 quae
1156 943 1314 975 hactenus
1342 939 1373 973 in
1392 938 1601 975 contrarium
1630 939 1743 974 forsan
1761 940 1812 974 in-

311 986 419 1021 valuit
436 1009 446 1019 .

362 1035 425 1069 VI.
477 1034 626 1070 Demum
645 1037 754 1081 quoad
782 1036 934 1081 praefatos
977 1047 1092 1070 omnes
1117 1034 1352 1081 privilegiatos
1369 1061 1380 1077 ,
1419 1048 1478 1071 seu
1496 1037 1690 1072 Patentatos
1708 1061 1720 1078 ,
1767 1045 1807 1073 ut

310 1083 484 1120 fraudibus
514 1083 701 1124 obvietur,
733 1094 835 1130 utque
856 1093 1018 1129 praetextu
1036 1083 1294 1129 privilegiorum
1319 1085 1455 1124 justitiae
1498 1097 1616 1120 cursus
1646 1086 1805 1121 retardari

312 1144 380 1171 non
397 1133 529 1178 possit,
556 1142 655 1178 atque
672 1133 862 1168 inhaerendo
891 1134 990 1168 etiam
1024 1135 1174 1168 Decreto
1202 1133 1279 1169 alias
1295 1147 1312 1170 a
1329 1134 1604 1180 Congregatione
1635 1135 1810 1170 Reforma-

312 1181 416 1218 tionis
432 1181 666 1218 Tribunalium
696 1183 795 1217 Urbis
811 1182 865 1217 die
882 1192 914 1227 3.
931 1182 1016 1217 Iunii
1037 1186 1141 1226 ¹679·
1159 1183 1250 1217 edito
1266 1207 1276 1222 ‚
1305 1193 1336 1218 et
1350 1183 1490 1219 subinde
1516 1184 1717 1219 confirmato
1746 1193 1808 1230 per

311 1240 531 1266 memoratam
561 1230 692 1266 Bullam
711 1243 781 1266 san.
799 1243 899 1267 mem.
913 1231 1098 1266 Innocentii
1117 1231 1174 1265 XI.
1193 1245 1229 1278 4.
1240 1231 1314 1266 Kal.
1327 1232 1419 1272 Junii
1437 1232 1536 1273 1689.
1551 1254 1562 1270 ,
1580 1233 1696 1267 eadem
1714 1232 1808 1266 Con-

270 1322 274 1325 ι
312 1279 467 1326 gregatio
488 1279 695 1320 declaravit,
726 1290 759 1315 et
779 1282 909 1315 censuit
928 1305 938 1320 ‚
967 1289 1032 1315 tam
1049 1280 1080 1315 in
1101 1279 1221 1315 Causis
1251 1291 1367 1315 eorum
1386 1279 1570 1315 Ministeria
1587 1291 1652 1314 non
1671 1290 1808 1315 concer-

311 1328 468 1364 nentibus
484 1353 495 1369 ,
512 1340 611 1374 quam
626 1330 725 1365 etiam
745 1329 777 1364 in
797 1329 919 1364 Causis
940 1327 1126 1363 Ministeria
1140 1328 1297 1373 praedicta
1313 1328 1591 1365 concernentibus
1607 1352 1617 1370 ‚
1636 1328 1670 1364 in
1683 1329 1806 1374 quibus

310 1378 373 1422 ipsi
391 1389 588 1412 consensum
607 1401 618 1418 ,
646 1387 684 1412 ut
697 1390 798 1423 supra
813 1402 824 1418 ,
854 1389 965 1413 coram
983 1377 1050 1412 alio
1064 1377 1183 1418 Judice
1202 1378 1412 1419 Ordinario,
1432 1390 1491 1414 seu
1510 1377 1589 1411 alias
1608 1385 1806 1422 competen-

311 1427 338 1462 ti
354 1426 591 1471 praestiterint,
621 1427 744 1468 nullam
763 1427 886 1473 requiri
904 1426 1071 1462 licentiam
1089 1425 1229 1461 alterius
1244 1427 1374 1467 judicis
1405 1428 1445 1462 ad
1466 1426 1621 1461 effectum
1639 1437 1806 1471 exequen-

312 1474 348 1510 di
372 1475 526 1510 Mandata
539 1483 659 1510 contra
676 1476 811 1509 eosdem
830 1474 1064 1518 privilegiatos
1083 1485 1147 1508 ser.
1165 1486 1230 1508 ser.
1247 1475 1393 1510 relaxata
1406 1499 1418 1516 ,
1441 1473 1639 1520 nullumque
1670 1484 1826 1519 propte,

311 1534 370 1558 rea
398 1527 593 1570 Exequatur
617 1522 712 1568 peti,
740 1534 776 1557 ac
795 1522 984 1568 respective
999 1522 1140 1557 concedi
1160 1534 1261 1567 posse
1278 1547 1288 1557 .

362 1572 442 1605 VII.
492 1572 533 1605 Et
549 1572 581 1605 in
593 1571 749 1606 omnibus
764 1595 774 1610 ,
801 1584 837 1606 ac
852 1571 992 1615 singulis
1013 1572 1143 1606 casibus
1158 1572 1359 1615 supradictis
1393 1569 1584 1605 Citationcs
1604 1593 1616 1610 ,
1633 1577 1665 1604 et
1680 1570 1805 1606 Inhibi-

308 1620 421 1655 tiones
436 1619 530 1655 factae
553 1629 667 1653 coram
685 1630 902 1664 quocumque
915 1619 1042 1659 ‘judice
1069 1643 1080 1660 ,
1119 1618 1172 1653 vel
1194 1619 1369 1664 Signatum
1387 1643 1398 1660 ,
1431 1617 1488 1653 vel
1516 1618 1614 1654 etiam
1631 1619 1803 1654 Auditore

310 1666 653 1703 Sanctissimicontra
670 1667 813 1702 formam
840 1669 961 1702 horum
989 1667 1215 1702 Decretorum
1248 1666 1371 1703 nullius
1399 1668 1465 1703 sint
1493 1667 1684 1709 momenti,
1704 1676 1804 1714 atque

308 1719 446 1763 impune
462 1717 574 1762 sperni
599 1716 728 1763 possint
745 1719 870 1763 absque
897 1717 983 1751 vitio
998 1724 1238 1752 attentatorum
1254 1739 1264 1749 .

405 1819 504 1851 Facta
515 1822 578 1863 per
592 1827 642 1850 me
661 1815 908 1862 infrascriptum
923 1815 984 1849 sub
998 1815 1049 1850 dte
1068 1826 1122 1850 lo.
1136 1814 1288 1850 Ianuarii
1306 1814 1573 1862 174z.relati0ne
1582 1814 1796 1862 praefatorum
1843 1841 1852 1845 ,

312 1870 528 1900 Decretorum
569 1866 663 1902 587710
689 1871 731 1901 D.
748 1867 801 1908 Ν.
829 1866 1001 1899 Benedicto
1034 1867 1121 1901 XIV.
1147 1889 1158 1904 ,
1186 1864 1346 1899 Sanctitas
1375 1868 1439 1898 Sua
1481 1866 1593 1899 eadem
1632 1864 1794 1912 approba-

307 1916 361 1951 vit
373 1938 384 1955 ,
413 1921 513 1960 atque
528 1914 699 1963 imprimi,
713 1913 904 1962 publicari,
931 1923 961 1949 et
975 1915 1105 1950 omnino
1122 1913 1291 1948 observari
1305 1913 1501 1949 mandavit.

455 1964 484 1998 Ι.
502 1963 704 1998 Amadorius
735 1963 819 1998 olim
845 1963 981 1999 Lamius
997 1962 1198 1999 Secretarius
1225 1986 1236 1997 .

722 2016 771 2049 Jo.
785 2014 935 2060 Baptista
960 2014 1190 2048 constantinus
1204 2010 1315 2046 Archi
1329 2016 1420 2055 Rom.
1440 2015 1516 2048 Cur.
1528 2011 1671 2059 Scriptor-
1685 2033 1695 2043 .

340 2183 533 2230 Decreta
564 2181 758 2246 Collegii
785 2186 893 2230 DD.
913 2114 1177 2230 &otgiiiiuxm
1203 2183 1436 2245 Signatutae
1461 2180 1637 2242 Justitiae
1671 2194 1751 2248 pto

335 2292 339 2295 .
394 2249 710 2302 reformatione
728 2250 912 2322 supremi
943 2251 1136 2314 ejusdem
1162 2255 1394 2318 Signaturae
1422 2251 1666 2300 Tribunalis
1685 2285 1701 2306 ,

543 2343 566 2373 a
601 2324 843 2376 Benedicto
878 2327 1004 2375 XIV.
1039 2325 1276 2396 speclalitet
1314 2325 1568 2398 approbata.

431 2447 585 2483 Andante
621 2446 836 2483 Sanctissimo
877 2447 925 2482 D.
949 2448 996 2482 N.
1022 2447 1207 2482 Benedicto
1233 2449 1326 2484 XIV.
1351 2458 1416 2492 pro
1447 2447 1599 2485 eximio,
1627 2455 1695 2491 quo
1717 2440 1790 2489 pol-

431 2495 501 2535 let,
527 2496 602 2531 zelo
630 2497 767 2537 justitiae
793 2522 804 2537 ,
832 2497 923 2542 quod
957 2495 1154 2542 Collegium
1189 2497 1275 2531 DD.
1295 2496 1479 2542 Signaturae
1499 2494 1642 2536 Justitiae
1659 2493 1789 2527 Vetan-

304 2541 388 2580 tium
415 2546 535 2580 minori
561 2545 769 2594 litigantium
800 2545 1001 2593 dispendio,
1020 2554 1183 2594 quantum
1212 2545 1253 2581 ad
1281 2546 1352 2588 ejus
1373 2545 1536 2581 Tribunal
1554 2551 1710 2590 spectat,
1726 2549 1792 2622 ¹50¹·

1739 2597 1797 2622 ici-
