1993 3195
584 283 614 316 A
654 283 679 315 Ρ
717 283 744 315 Ρ
782 283 806 316 E
845 283 879 315 N
919 284 953 315 D
993 284 1005 316 1
1047 283 1076 316 X
1527 289 1576 324 55v

96 339 310 376 rumcumque
342 338 554 363 consensuum
582 337 644 363 etc.
660 330 693 362 Si
708 341 789 363 vero
819 328 931 373 plures
966 331 1030 364 sint
1057 340 1231 373 personae,
1259 338 1333 373 quae
1359 338 1422 371 pro
1447 332 1568 366 eodem

96 380 214 414 effectu
243 377 449 412 consentiant
465 379 548 416 ‚sed
572 389 779 422 unaquaeque
804 389 843 411 ex
863 378 908 411 eis
936 377 1007 411 sive
1036 377 1213 420 separatim
1231 400 1241 415 ,
1269 377 1341 410 sive
1369 388 1435 409 non
1455 400 1465 416 ,
1492 389 1570 411 con-

93 427 232 462 sentiant
259 437 320 470 pro
350 438 410 461 sno
435 427 509 465 iure
530 426 689 466 diverso,
715 435 749 460 et
773 424 964 471 particulari
991 424 1250 468 independenter
1282 426 1321 458 ab
1349 423 1461 468 aliquo
1493 434 1569 460 actu

94 475 125 509 in
154 475 277 509 eisdem
303 475 384 510 actis
414 484 558 520 rogato,
593 485 673 510 tunc
689 485 844 510 servetur
870 483 965 514 taxa,
1000 482 1154 518 utsupra
1182 472 1213 507 in
1238 473 1348 517 primo
1382 473 1490 518 capite
1506 486 1568 519 pro

91 525 243 569 quolibet
275 535 462 559 consensu.

190 574 370 618 Nequeant
398 573 497 607 etiam
521 572 654 607 Notarii
686 574 876 608 concedere
894 573 1044 607 mandata
1070 573 1111 607 de
1125 572 1351 606 transferendo
1372 572 1461 606 Loca
1476 572 1570 606 Mon-

96 621 180 656 tium
197 646 207 661 ‚
238 622 383 656 delendo
401 620 553 659 vincula,
582 630 614 655 et
638 623 679 656 de
706 622 932 667 consignando
961 622 1116 666 pecunias
1151 621 1181 655 in
1204 620 1349 665 publicis
1379 620 1495 655 Bancis
1516 621 1572 655 de-

93 671 279 715 positatas,
311 681 346 703 ac
371 670 564 709 hujusmodi
581 694 590 710 ,
619 669 679 705 nisi
710 670 803 713 prius
824 673 987 714 producta
1018 671 1049 704 in
1066 680 1181 704 eorum
1211 670 1289 716 actis
1314 669 1412 714 copia
1437 669 1571 713 publica.

92 726 365 754 testamentorum
382 741 392 757 ,
420 718 631 763 aliorumque
657 718 808 758 jurium,
834 719 964 763 quoties
994 718 1053 753 ista
1087 720 1237 753 mandata
1261 730 1324 752 non
1350 719 1571 763 expediantur

91 766 279 802 aNotariis
296 791 305 806 ‚
332 766 389 812 qui
414 768 454 801 de
486 767 687 802 testamentis
712 767 879 812 praedictis
908 768 1014 812 rogati
1039 776 1141 807 sunt3
1177 776 1209 801 et
1239 776 1377 802 caveant
1407 779 1446 801 ne
1479 767 1571 802 dicta

92 816 248 851 mandata
269 817 457 851 concedant
481 828 541 861 per
557 816 661 851 solam
689 816 922 850 indicationem
950 816 1119 850 dictorum
1148 824 1422 850 testamentorum
1442 840 1452 855 ‚
1479 825 1573 850 extra

91 875 208 900 eorum
238 874 312 899 acta
338 873 557 910 rogatorum,
585 867 647 900 sub
679 866 783 910 pcenis
812 874 983 899 scutorum
1012 863 1159 910 viginti,
1189 874 1223 898 et
1253 864 1326 899 aliis
1356 864 1542 898 arbitrariis
1561 888 1571 898 .

190 913 346 948 Mandata
375 915 416 948 de
443 914 654 949 immittendo
682 915 799 960 vigore
827 922 1105 948 testamentorum
1129 912 1281 957 expediri
1324 912 1483 947 volumus
1512 922 1572 958 per

92 969 164 997 acta
195 961 285 997 illius
312 963 448 997 Notarii
469 987 479 1003 ,
513 963 569 1008 qui
602 965 642 998 de
669 970 870 997 testamento
890 971 1024 1007 rogatus
1055 961 1148 1000 fuit,
1174 970 1335 1007 quatenus
1362 962 1403 995 de
1430 961 1490 995 illo
1509 969 1572 995 tra-

92 1009 202 1045 ditum
231 1024 295 1045 non
324 1011 425 1046 fuerit
457 1025 474 1046 a
499 1011 643 1046 Notario
660 1022 778 1056 rogato
805 1021 976 1055 sumptum
997 1010 1199 1056 publicum3
1229 1022 1297 1055 quo
1327 1020 1454 1044 tantum
1476 1021 1571 1050 casu,

92 1059 217 1102 praevia
245 1059 334 1094 illius
363 1060 586 1105 productione
613 1061 644 1095 in
666 1061 747 1095 actis
779 1059 912 1095 alterins
940 1060 1099 1099 Notarii,
1127 1059 1256 1104 possint
1281 1070 1342 1103 per
1369 1059 1484 1093 eadem
1502 1068 1572 1093 acta

92 1107 180 1142 dicta
209 1112 359 1143 mandata
382 1109 557 1153 expediri,
590 1111 652 1144 sub
668 1109 774 1154 poenis
802 1118 839 1143 ut
858 1120 980 1152 supra.

188 1157 323 1191 Notarii
352 1168 647 1202 quorumcumque
683 1158 916 1191 Tribunalium
947 1158 1077 1190 tradere
1099 1163 1275 1189 teneantur
1296 1154 1487 1198 petentibus
1517 1166 1572 1189 co-

90 1204 160 1248 pias
187 1204 355 1250 simplices
384 1206 688 1240 Instrumentorum
710 1229 720 1244 ‚
760 1207 799 1239 ab
825 1206 871 1239 eis
897 1213 954 1238 aut
983 1216 1102 1238 eorum
1131 1204 1400 1238 antecessoribus
1439 1212 1573 1247 rogato·

93 1263 167 1287 rum
184 1275 195 1292 ,
227 1263 362 1298 recepta
388 1254 534 1297 simplici
551 1255 707 1288 mercede
725 1252 830 1297 copiae
851 1277 860 1293 ‚
892 1254 1041 1298 exceptis
1071 1253 1245 1287 dumtaxat
1272 1252 1508 1287 Instrumentis
1525 1260 1574 1287 te—

90 1309 332 1336 stamentorum
351 1327 360 1343 ‚
391 1301 623 1337 codicillorum
642 1327 652 1343 ,
680 1312 712 1336 et
743 1301 963 1336 donationum
998 1314 1094 1336 causa
1128 1301 1267 1336 mortis.

191 1350 409 1390 Citationes‚
438 1351 620 1386 monitoria
648 1375 657 1390 ,
687 1363 745 1386 seu
776 1350 909 1396 quasvis
940 1350 1017 1385 alias
1048 1349 1255 1395 provisiones
1284 1373 1294 1389 ‚
1320 1359 1416 1385 extra
1445 1350 1573 1384 Urbem

89 1397 294 1437 mittendas,
321 1411 387 1432 non
415 1399 594 1442 expediant
618 1401 658 1434 ad
681 1401 822 1438 alicujus
851 1399 1035 1433 instantiam
1053 1421 1063 1436 ,
1092 1398 1153 1432 nisi
1183 1406 1297 1432 notato
1322 1398 1355 1431 in
1381 1401 1487 1437 actis,
1513 1409 1575 1432 seu

91 1445 124 1480 in
155 1445 243 1481 libro
271 1447 551 1485 Memorialium‚
580 1447 714 1480 nomine
743 1447 977 1481 Procuratoris
1006 1471 1015 1485 ,
1043 1447 1101 1491 qui
1133 1446 1177 1479 sit
1209 1445 1241 1478 in
1273 1446 1362 1479 Urbe
1389 1446 1574 1491 cognitus,

93 1494 148 1529 vel
175 1495 372 1541 principalis
400 1504 458 1530 aut
473 1495 610 1530 alterins
638 1495 706 1530 illas
734 1495 919 1529 obtinentis
944 1519 955 1534 ‚
991 1495 1047 1540 qui
1065 1494 1189 1539 pariter
1214 1493 1257 1528 sit
1285 1494 1314 1528 in
1349 1495 1437 1529 Urbe
1461 1495 1576 1541 cogni-

91 1551 170 1583 tus,
202 1553 239 1578 ut
268 1543 294 1578 si
321 1545 361 1578 ad
389 1544 520 1579 illarum
549 1544 813 1580 moderationem
840 1544 883 1578 sit
911 1545 1189 1588 procedendum,
1219 1544 1326 1587 possit
1347 1555 1421 1587 pars
1454 1544 1574 1577 incon-

90 1591 210 1627 tinenti
236 1593 323 1627 scire
353 1617 363 1633 ‚
394 1593 468 1638 quis
501 1593 543 1627 sit
569 1592 749 1633 citandus;
791 1594 930 1638 eiusque
961 1592 1077 1627 citatio
1113 1590 1255 1625 sufficiat
1285 1593 1323 1625 ad
1353 1592 1571 1626 obtinendam

91 1641 356 1676 moderationem
372 1654 381 1682 3
398 1651 431 1675 et
447 1651 606 1688 quatenus
621 1642 774 1678 obtinens
801 1654 865 1676 non
883 1641 924 1675 sit
939 1650 1038 1676 notus
1055 1641 1086 1675 in
1103 1639 1196 1675 curia
1209 1663 1219 1679 ‚
1249 1648 1431 1674 annotetur
1446 1640 1570 1674 electio

90 1690 277 1730 domicilii,
305 1691 337 1724 in
362 1704 430 1735 quo
460 1691 552 1726 citari
578 1692 720 1726 debeat.

188 1740 225 1773 In
245 1739 406 1774 mandatis
433 1740 616 1775 executivis
646 1741 766 1785 vigore
794 1740 1102 1774 Instrumentorum
1120 1761 1132 1778 ,
1161 1738 1233 1773 sive
1252 1738 1458 1781 apocharum
1491 1736 1574 1773 rela-

89 1787 201 1828 mis,
228 1795 296 1823 tam
327 1788 534 1834 exequendis
564 1787 595 1822 in
612 1788 719 1822 Curia
747 1800 846 1833 quam
875 1797 993 1826 extra,
1023 1797 1211 1832 apponatur
1240 1785 1335 1825 dies,
1364 1786 1484 1821 mensis
1502 1811 1511 1826 ‚
1538 1794 1573 1830 et

91 1848 194 1871 annus
228 1837 467 1877 Instrumenti,
506 1837 578 1871 sive
604 1840 764 1882 apochae,
792 1838 887 1876 cnjus
914 1837 1031 1879 vigore
1060 1837 1255 1870 mandatum
1290 1834 1476 1870 relaxatum
1493 1835 1573 1876 fuit,

91 1897 152 1920 nec
181 1898 245 1921 non
271 1889 484 1922 decretorum
506 1885 743 1925 relaxationis,
773 1895 808 1920 et
822 1883 1050 1930 expeditionis
1079 1885 1226 1923 ejusdem
1257 1884 1432 1919 mandati.

186 1936 322 1971 Notarii
340 1936 465 1971 nullam
493 1946 627 1980 prorsus
647 1936 837 1970 mercedem
854 1958 865 1974 ‚
894 1943 951 1968 aut
971 1933 1240 1968 emolumentum
1272 1932 1372 1967 etiam
1394 1933 1572 1967 minimum

91 1981 276 2025 recipiant,
313 1987 403 2031 quod
435 1984 525 2029 prius
551 1983 584 2018 in
600 1984 687 2020 libro
705 1984 934 2029 Receptorum
962 2007 973 2023 ,
1006 1994 1066 2017 seu
1097 1980 1355 2027 expeditionum
1383 1982 1573 2026 respective

90 2029 236 2066 fideliter
264 2046 327 2068 non
355 2034 611 2074 annotaverint,
653 2046 730 2069 cum
748 2032 961 2078 expressione
992 2030 1060 2066 diei
1079 2055 1089 2071 ,
1107 2041 1213 2066 causae
1229 2054 1240 2070 ‚
1255 2041 1393 2065 summae
1409 2055 1419 2071 ,
1447 2039 1479 2065 et
1501 2042 1577 2075 per-

91 2089 175 2116 sonae
206 2082 395 2122 solventis,
428 2090 466 2116 ut
480 2094 519 2117 ex
535 2085 655 2117 eodem
683 2082 768 2116 libro
801 2080 1024 2116 incontinenti
1052 2080 1248 2126 recognosci
1271 2078 1406 2120 valeat,
1434 2079 1461 2115 si
1491 2078 1581 2124 quid.

92 2127 176 2164 ultra
196 2140 287 2165 taxas
324 2129 472 2166 indebite
505 2130 694 2176 receperint
715 2154 730 2163 ι

188 2179 379 2214 Conficiant
399 2179 536 2214 Notarii
564 2191 682 2213 omnes
708 2177 854 2223 diligens
886 2175 1117 2211 Inventari'um
1147 2177 1189 2209 de
1216 2177 1373 2210 omnibus
1404 2175 1576 2210 Protocol-

93 2223 158 2265 lls,
191 2227 400 2267 Broliardis,
435 2227 632 2272 caeterisque
661 2226 780 2266 libris,
809 2236 841 2261 et
869 2225 965 2260 filciis
990 2225 1230 2269 scripturarum
1250 2248 1259 2264 ‚
1288 2236 1362 2271 quae
1395 2226 1427 2259 in
1455 2236 1575 2260 eorum

94 2274 253 2316 Officiis,
285 2288 317 2314 et
358 2275 514 2311 Archivis
548 2284 757 2310 asservantur
784 2298 794 2313 ,
824 2273 973 2317 illudque
1001 2273 1140 2318 singuliS
1182 2273 1275 2307 annis
1307 2274 1510 2310 exhibeant,
1540 2280 1576 2307 et

95 2322 302 2370 Consignent
329 2324 538 2360 Comissario
555 2322 702 2370 generali
719 2330 843 2357 nostrae
862 2322 1037 2360 Camerae3
1067 2330 1098 2354 et
1117 2321 1148 2354 in
1176 2320 1496 2367 casusnegligentiae
1514 2332 1576 2365 pu-

95 2373 228 2408 niantur
253 2375 389 2409 arbitrio
411 2376 640 2411 Executorum
670 2373 769 2411 hujus
814 2378 932 2404 nostrae
959 2369 1224 2404 Constitutionis
1256 2371 1358 2405 etiam
1388 2369 1493 2413 poenis
1521 2381 1577 2414 pe-

95 2422 278 2463 cuniarii53
308 2434 491 2470 omnesque
518 2430 697 2457 teneantur
724 2421 765 2454 de
799 2419 913 2457 libris,
946 2427 978 2452 et
1004 2417 1178 2463 scripturis
1209 2418 1445 2456 inventariatis
1473 2418 1579 2453 ratio⁴

96 2485 172 2512 nem
204 2473 345 2508 reddere
370 2474 471 2508 toties
500 2473 631 2518 quoties
662 2470 787 2505 fuerint
816 2466 992 2514 requisiti3
1026 2477 1059 2502 et
1089 2468 1130 2502 de
1158 2467 1315 2512 praedicta
1341 2467 1575 2506 exhibitione,

1498 2528 1577 2551 con-³
