<?xml version="1.0" encoding="UTF-8"?>
<!DOCTYPE html PUBLIC "-//W3C//DTD XHTML 1.0 Transitional//EN"
    "http://www.w3.org/TR/xhtml1/DTD/xhtml1-transitional.dtd">
<html xmlns="http://www.w3.org/1999/xhtml" xml:lang="en" lang="en">
 <head>
  <title>
</title>
<meta http-equiv="Content-Type" content="text/html;charset=utf-8" />
  <meta name='ocr-system' content='tesseract 3.04.00' />
  <meta name='ocr-capabilities' content='ocr_page ocr_carea ocr_par ocr_line ocrx_word'/>
</head>
<body>
  <div class='ocr_page' id='page_1' title='image "./dejuresignaturae00vita_0205.png"; bbox 0 0 1993 3195; ppageno 0'>
   <div class='ocr_carea' id='block_1_1' title="bbox 20 332 1588 2599">
    <p class='ocr_par' dir='ltr' id='par_1_1' title="bbox 20 332 1588 1940">
     <span class='ocr_line' id='line_1_1' title="bbox 556 332 1531 381; baseline -0.006 -4"><span class='ocrx_word' id='word_1_1' title='bbox 556 334 597 377; x_wconf 89' lang='lat' dir='ltr'>C</span> <span class='ocrx_word' id='word_1_2' title='bbox 627 335 669 376; x_wconf 82' lang='lat' dir='ltr'><strong>A</strong></span> <span class='ocrx_word' id='word_1_3' title='bbox 699 335 728 375; x_wconf 87' lang='lat' dir='ltr'>P</span> <span class='ocrx_word' id='word_1_4' title='bbox 760 332 801 377; x_wconf 86' lang='lat' dir='ltr'>U</span> <span class='ocrx_word' id='word_1_5' title='bbox 834 334 872 375; x_wconf 87' lang='lat' dir='ltr'>T</span> <span class='ocrx_word' id='word_1_6' title='bbox 936 334 1003 375; x_wconf 71' lang='lat'><em>111.</em></span> <span class='ocrx_word' id='word_1_7' title='bbox 1453 353 1472 379; x_wconf 80' lang='lat'>1</span> <span class='ocrx_word' id='word_1_8' title='bbox 1514 353 1531 381; x_wconf 78' lang='lat' dir='ltr'><em>t-</em></span> 
     </span>
     <span class='ocr_line' id='line_1_2' title="bbox 84 353 1588 454; baseline -0.005 -11"><span class='ocrx_word' id='word_1_9' title='bbox 84 402 145 445; x_wconf 70' lang='grc' dir='ltr'><em>πίε</em></span> <span class='ocrx_word' id='word_1_10' title='bbox 159 430 173 450; x_wconf 86' lang='grc'>,</span> <span class='ocrx_word' id='word_1_11' title='bbox 200 393 481 454; x_wconf 81' lang='lat' dir='ltr'><em>suspensionis,</em></span> <span class='ocrx_word' id='word_1_12' title='bbox 498 403 536 436; x_wconf 80' lang='lat' dir='ltr'><em>et</em></span> <span class='ocrx_word' id='word_1_13' title='bbox 551 393 748 436; x_wconf 84' lang='lat' dir='ltr'><em>interd-icti</em></span> <span class='ocrx_word' id='word_1_14' title='bbox 767 425 781 444; x_wconf 90' lang='lat'>‚</span> <span class='ocrx_word' id='word_1_15' title='bbox 811 392 974 450; x_wconf 81' lang='lat' dir='ltr'><em>aliisque</em></span> <span class='ocrx_word' id='word_1_16' title='bbox 991 390 1206 441; x_wconf 83' lang='lat' dir='ltr'><em>Ecclesiast</em></span> <span class='ocrx_word' id='word_1_17' title='bbox 1217 389 1286 435; x_wconf 85' lang='lat' dir='ltr'><em>icis</em></span> <span class='ocrx_word' id='word_1_18' title='bbox 1303 353 1504 437; x_wconf 46' lang='lat' dir='ltr'><em>sentenia?</em></span> <span class='ocrx_word' id='word_1_19' title='bbox 1518 426 1535 445; x_wconf 78' lang='lat'><em>‚.</em></span> <span class='ocrx_word' id='word_1_20' title='bbox 1585 404 1588 406; x_wconf 74' lang='grc'>’</span> 
     </span>
     <span class='ocr_line' id='line_1_3' title="bbox 82 451 1530 513; baseline -0.004 -10"><span class='ocrx_word' id='word_1_21' title='bbox 82 457 255 504; x_wconf 79' lang='lat' dir='ltr'><em>censuris</em></span> <span class='ocrx_word' id='word_1_22' title='bbox 270 487 283 506; x_wconf 88' lang='lat'><strong>,</strong></span> <span class='ocrx_word' id='word_1_23' title='bbox 306 463 345 498; x_wconf 86' lang='lat' dir='ltr'><em>et</em></span> <span class='ocrx_word' id='word_1_24' title='bbox 355 454 489 513; x_wconf 87' lang='lat' dir='ltr'><em>poenis</em></span> <span class='ocrx_word' id='word_1_25' title='bbox 500 470 522 495; x_wconf 88' lang='lat' dir='ltr'><em>a</em></span> <span class='ocrx_word' id='word_1_26' title='bbox 534 452 631 510; x_wconf 81' lang='lat' dir='ltr'><em>J&#39;ure</em></span> <span class='ocrx_word' id='word_1_27' title='bbox 646 486 660 504; x_wconf 85' lang='lat'>‚</span> <span class='ocrx_word' id='word_1_28' title='bbox 693 453 755 496; x_wconf 82' lang='lat' dir='ltr'><em>vel</em></span> <span class='ocrx_word' id='word_1_29' title='bbox 763 455 810 496; x_wconf 89' lang='lat' dir='ltr'><em>ab</em></span> <span class='ocrx_word' id='word_1_30' title='bbox 824 452 976 496; x_wconf 81' lang='lat' dir='ltr'><em>bomine</em></span> <span class='ocrx_word' id='word_1_31' title='bbox 992 451 1127 509; x_wconf 83' lang='lat' dir='ltr'><em>quavis</em></span> <span class='ocrx_word' id='word_1_32' title='bbox 1141 452 1342 494; x_wconf 79' lang='lat' dir='ltr'><em>occasione</em></span> <span class='ocrx_word' id='word_1_33' title='bbox 1360 454 1421 496; x_wconf 76' lang='lat' dir='ltr'><em>vel</em></span> <span class='ocrx_word' id='word_1_34' title='bbox 1434 470 1530 497; x_wconf 59' lang='lat' dir='ltr'><em>cau-u</em></span> 
     </span>
     <span class='ocr_line' id='line_1_4' title="bbox 79 511 1530 573; baseline -0.004 -11"><span class='ocrx_word' id='word_1_35' title='bbox 79 535 123 562; x_wconf 81' lang='lat' dir='ltr'><em>sa</em></span> <span class='ocrx_word' id='word_1_36' title='bbox 142 517 243 565; x_wconf 82' lang='lat' dir='ltr'><em>latis,</em></span> <span class='ocrx_word' id='word_1_37' title='bbox 253 514 289 558; x_wconf 83' lang='lat' dir='ltr'><em>si</em></span> <span class='ocrx_word' id='word_1_38' title='bbox 306 515 444 573; x_wconf 85' lang='lat' dir='ltr'><em>quibus</em></span> <span class='ocrx_word' id='word_1_39' title='bbox 459 514 741 573; x_wconf 76' lang='lat' dir='ltr'><em>quomodolibet</em></span> <span class='ocrx_word' id='word_1_40' title='bbox 755 513 968 556; x_wconf 75' lang='lat' dir='ltr'><em>innodatus</em></span> <span class='ocrx_word' id='word_1_41' title='bbox 985 511 1135 559; x_wconf 78' lang='lat' dir='ltr'><em>existis,</em></span> <span class='ocrx_word' id='word_1_42' title='bbox 1152 514 1204 554; x_wconf 90' lang='lat' dir='ltr'><em>ad</em></span> <span class='ocrx_word' id='word_1_43' title='bbox 1224 513 1401 569; x_wconf 87' lang='lat' dir='ltr'><em>effectum</em></span> <span class='ocrx_word' id='word_1_44' title='bbox 1409 529 1530 571; x_wconf 86' lang='lat' dir='ltr'><em>prae-</em></span> 
     </span>
     <span class='ocr_line' id='line_1_5' title="bbox 78 571 1528 632; baseline -0.003 -12"><span class='ocrx_word' id='word_1_45' title='bbox 78 576 242 620; x_wconf 84' lang='lat' dir='ltr'><em>sentium</em></span> <span class='ocrx_word' id='word_1_46' title='bbox 268 577 480 619; x_wconf 79' lang='lat' dir='ltr'><em>dumtaxat</em></span> <span class='ocrx_word' id='word_1_47' title='bbox 510 575 818 632; x_wconf 78' lang='lat' dir='ltr'><em>consequendum</em></span> <span class='ocrx_word' id='word_1_48' title='bbox 837 575 973 614; x_wconf 71' lang='lat' dir='ltr'><em>Irarum</em></span> <span class='ocrx_word' id='word_1_49' title='bbox 990 571 1086 615; x_wconf 86' lang='lat' dir='ltr'><em>serie</em></span> <span class='ocrx_word' id='word_1_50' title='bbox 1103 572 1342 614; x_wconf 75' lang='lat' dir='ltr'><em>absolventes</em></span> <span class='ocrx_word' id='word_1_51' title='bbox 1359 605 1372 623; x_wconf 83' lang='lat'><strong>,</strong></span> <span class='ocrx_word' id='word_1_52' title='bbox 1405 584 1444 615; x_wconf 88' lang='lat' dir='ltr'><em>et</em></span> <span class='ocrx_word' id='word_1_53' title='bbox 1456 575 1528 616; x_wconf 80' lang='lat' dir='ltr'><em>ab·</em></span> 
     </span>
     <span class='ocr_line' id='line_1_6' title="bbox 77 632 1528 691; baseline -0.004 -10"><span class='ocrx_word' id='word_1_54' title='bbox 77 638 243 680; x_wconf 76' lang='lat' dir='ltr'><em>solutum</em></span> <span class='ocrx_word' id='word_1_55' title='bbox 264 635 356 691; x_wconf 77' lang='lat' dir='ltr'><em>fore</em></span> <span class='ocrx_word' id='word_1_56' title='bbox 371 646 566 680; x_wconf 80' lang='lat' dir='ltr'><em>censentes</em></span> <span class='ocrx_word' id='word_1_57' title='bbox 583 665 593 676; x_wconf 88' lang='lat'><strong>.</strong></span> <span class='ocrx_word' id='word_1_58' title='bbox 636 635 692 677; x_wconf 92' lang='lat' dir='ltr'><em>Te</em></span> <span class='ocrx_word' id='word_1_59' title='bbox 710 635 749 677; x_wconf 91' lang='lat' dir='ltr'><em>in</em></span> <span class='ocrx_word' id='word_1_60' title='bbox 784 635 1005 677; x_wconf 84' lang='lat' dir='ltr'><em>eorumdem</em></span> <span class='ocrx_word' id='word_1_61' title='bbox 1020 632 1250 675; x_wconf 84' lang='lat' dir='ltr'><em>Libellorum</em></span> <span class='ocrx_word' id='word_1_62' title='bbox 1273 633 1495 676; x_wconf 83' lang='lat' dir='ltr'><em>Revisorem</em></span> <span class='ocrx_word' id='word_1_63' title='bbox 1515 664 1528 683; x_wconf 84' lang='lat'>,</span> 
     </span>
     <span class='ocr_line' id='line_1_7' title="bbox 75 693 1527 754; baseline -0.003 -13"><span class='ocrx_word' id='word_1_64' title='bbox 75 710 114 741; x_wconf 85' lang='lat' dir='ltr'><em>et</em></span> <span class='ocrx_word' id='word_1_65' title='bbox 130 695 377 740; x_wconf 84' lang='lat' dir='ltr'><em>Familiarem</em></span> <span class='ocrx_word' id='word_1_66' title='bbox 404 696 628 754; x_wconf 82' lang='lat' dir='ltr'><em>continuum</em></span> <span class='ocrx_word' id='word_1_67' title='bbox 658 693 956 738; x_wconf 81' lang='lat' dir='ltr'><em>commensalem</em></span> <span class='ocrx_word' id='word_1_68' title='bbox 988 703 1164 734; x_wconf 83' lang='lat' dir='ltr'><em>nostrum</em></span> <span class='ocrx_word' id='word_1_69' title='bbox 1183 725 1197 744; x_wconf 89' lang='lat'>‚</span> <span class='ocrx_word' id='word_1_70' title='bbox 1229 694 1368 752; x_wconf 77' lang='lat' dir='ltr'><em>quoad,</em></span> <span class='ocrx_word' id='word_1_71' title='bbox 1383 693 1527 738; x_wconf 73' lang='lat' dir='ltr'><em>vixeris</em></span> 
     </span>
     <span class='ocr_line' id='line_1_8' title="bbox 73 751 1527 813; baseline -0.003 -13"><span class='ocrx_word' id='word_1_72' title='bbox 73 771 164 800; x_wconf 91' lang='lat' dir='ltr'><em>cum</em></span> <span class='ocrx_word' id='word_1_73' title='bbox 183 754 362 799; x_wconf 82' lang='lat' dir='ltr'><em>omnibus</em></span> <span class='ocrx_word' id='word_1_74' title='bbox 375 787 390 806; x_wconf 84' lang='lat'>‚</span> <span class='ocrx_word' id='word_1_75' title='bbox 421 766 462 796; x_wconf 89' lang='lat' dir='ltr'><em>et</em></span> <span class='ocrx_word' id='word_1_76' title='bbox 475 755 647 813; x_wconf 79' lang='lat' dir='ltr'><em>singulis</em></span> <span class='ocrx_word' id='word_1_77' title='bbox 665 753 883 813; x_wconf 83' lang='lat' dir='ltr'><em>privilegiis</em></span> <span class='ocrx_word' id='word_1_78' title='bbox 898 785 911 803; x_wconf 85' lang='lat'>‚</span> <span class='ocrx_word' id='word_1_79' title='bbox 943 751 1151 797; x_wconf 80' lang='lat' dir='ltr'><em>bonoribus</em></span> <span class='ocrx_word' id='word_1_80' title='bbox 1171 784 1184 803; x_wconf 93' lang='lat'><strong>,</strong></span> <span class='ocrx_word' id='word_1_81' title='bbox 1213 753 1388 797; x_wconf 79' lang='lat' dir='ltr'><em>oneribus</em></span> <span class='ocrx_word' id='word_1_82' title='bbox 1404 784 1418 802; x_wconf 84' lang='lat'>,</span> <span class='ocrx_word' id='word_1_83' title='bbox 1451 754 1527 795; x_wconf 86' lang='lat' dir='ltr'><em>im-</em></span> 
     </span>
     <span class='ocr_line' id='line_1_9' title="bbox 74 812 1525 873; baseline -0.003 -15"><span class='ocrx_word' id='word_1_84' title='bbox 74 816 329 859; x_wconf 81' lang='lat' dir='ltr'><em>munitatibus</em></span> <span class='ocrx_word' id='word_1_85' title='bbox 345 846 360 866; x_wconf 86' lang='lat'>‚</span> <span class='ocrx_word' id='word_1_86' title='bbox 391 815 628 858; x_wconf 77' lang='lat' dir='ltr'><em>libertatibus</em></span> <span class='ocrx_word' id='word_1_87' title='bbox 647 844 657 861; x_wconf 90' lang='lat'>,</span> <span class='ocrx_word' id='word_1_88' title='bbox 685 813 994 872; x_wconf 79' lang='lat' dir='ltr'><em>exemptionibus</em></span> <span class='ocrx_word' id='word_1_89' title='bbox 1008 845 1021 863; x_wconf 84' lang='lat'>,</span> <span class='ocrx_word' id='word_1_90' title='bbox 1035 813 1355 873; x_wconf 75' lang='lat' dir='ltr'><em>praerogativis,</em></span> <span class='ocrx_word' id='word_1_91' title='bbox 1372 812 1525 868; x_wconf 82' lang='lat' dir='ltr'><em>favori·</em></span> 
     </span>
     <span class='ocr_line' id='line_1_10' title="bbox 71 873 1525 933; baseline -0.003 -14"><span class='ocrx_word' id='word_1_92' title='bbox 71 876 169 926; x_wconf 77' lang='lat' dir='ltr'><em>bus,</em></span> <span class='ocrx_word' id='word_1_93' title='bbox 196 876 329 932; x_wconf 81' lang='lat' dir='ltr'><em>gratiis</em></span> <span class='ocrx_word' id='word_1_94' title='bbox 361 881 374 926; x_wconf 66' lang='lat'>3</span> <span class='ocrx_word' id='word_1_95' title='bbox 405 888 442 917; x_wconf 85' lang='lat' dir='ltr'><em>et</em></span> <span class='ocrx_word' id='word_1_96' title='bbox 483 874 643 918; x_wconf 88' lang='lat' dir='ltr'><em>indultis</em></span> <span class='ocrx_word' id='word_1_97' title='bbox 678 904 691 923; x_wconf 91' lang='lat'><strong>,</strong></span> <span class='ocrx_word' id='word_1_98' title='bbox 730 876 868 933; x_wconf 83' lang='lat' dir='ltr'><em>quibus</em></span> <span class='ocrx_word' id='word_1_99' title='bbox 912 873 1040 916; x_wconf 80' lang='lat' dir='ltr'><em>dictus</em></span> <span class='ocrx_word' id='word_1_100' title='bbox 1075 874 1246 923; x_wconf 74' lang='lat' dir='ltr'><em>loannes</em></span> <span class='ocrx_word' id='word_1_101' title='bbox 1272 875 1410 930; x_wconf 86' lang='lat' dir='ltr'><em>Joseplz</em></span> <span class='ocrx_word' id='word_1_102' title='bbox 1445 905 1458 923; x_wconf 84' lang='lat'>‚</span> <span class='ocrx_word' id='word_1_103' title='bbox 1484 878 1525 915; x_wconf 71' lang='lat' dir='ltr'><em>et</em></span> 
     </span>
     <span class='ocr_line' id='line_1_11' title="bbox 70 932 1522 994; baseline -0.003 -16"><span class='ocrx_word' id='word_1_104' title='bbox 70 935 141 978; x_wconf 84' lang='lat' dir='ltr'><em>alii</em></span> <span class='ocrx_word' id='word_1_105' title='bbox 152 968 166 986; x_wconf 93' lang='lat'><strong>,</strong></span> <span class='ocrx_word' id='word_1_106' title='bbox 181 935 250 994; x_wconf 82' lang='lat' dir='ltr'><em>qui</em></span> <span class='ocrx_word' id='word_1_107' title='bbox 269 932 342 993; x_wconf 83' lang='lat' dir='ltr'><em>pro</em></span> <span class='ocrx_word' id='word_1_108' title='bbox 356 946 525 992; x_wconf 83' lang='lat' dir='ltr'><em>tempore</em></span> <span class='ocrx_word' id='word_1_109' title='bbox 554 934 714 986; x_wconf 83' lang='lat' dir='ltr'><em>fuerunt</em></span> <span class='ocrx_word' id='word_1_110' title='bbox 742 935 952 977; x_wconf 81' lang='lat' dir='ltr'><em>libellorum</em></span> <span class='ocrx_word' id='word_1_111' title='bbox 974 933 1241 991; x_wconf 86' lang='lat' dir='ltr'><em>praefatorum</em></span> <span class='ocrx_word' id='word_1_112' title='bbox 1263 932 1460 977; x_wconf 81' lang='lat' dir='ltr'><em>Revisores</em></span> <span class='ocrx_word' id='word_1_113' title='bbox 1474 934 1522 974; x_wconf 87' lang='lat' dir='ltr'><em>de</em></span> 
     </span>
     <span class='ocr_line' id='line_1_12' title="bbox 60 993 1524 1053; baseline -0.001 -17"><span class='ocrx_word' id='word_1_114' title='bbox 60 993 158 1052; x_wconf 79' lang='lat' dir='ltr'><em>jure</em></span> <span class='ocrx_word' id='word_1_115' title='bbox 174 1026 188 1045; x_wconf 82' lang='grc'>,</span> <span class='ocrx_word' id='word_1_116' title='bbox 203 1011 273 1038; x_wconf 86' lang='lat' dir='ltr'><em>usu</em></span> <span class='ocrx_word' id='word_1_117' title='bbox 286 1025 300 1044; x_wconf 91' lang='lat'><strong>,</strong></span> <span class='ocrx_word' id='word_1_118' title='bbox 329 1009 432 1037; x_wconf 89' lang='lat' dir='ltr'><em>more</em></span> <span class='ocrx_word' id='word_1_119' title='bbox 448 1027 460 1043; x_wconf 82' lang='lat'><strong>‚</strong></span> <span class='ocrx_word' id='word_1_120' title='bbox 474 996 677 1053; x_wconf 78' lang='lat' dir='ltr'><em>privilegio</em></span> <span class='ocrx_word' id='word_1_121' title='bbox 696 1026 708 1043; x_wconf 90' lang='lat'>,</span> <span class='ocrx_word' id='word_1_122' title='bbox 729 996 790 1036; x_wconf 84' lang='lat' dir='ltr'><em>vel</em></span> <span class='ocrx_word' id='word_1_123' title='bbox 801 993 1081 1037; x_wconf 80' lang='lat' dir='ltr'><em>consuetudine</em></span> <span class='ocrx_word' id='word_1_124' title='bbox 1097 1023 1109 1041; x_wconf 81' lang='lat'><strong>,</strong></span> <span class='ocrx_word' id='word_1_125' title='bbox 1141 1009 1212 1035; x_wconf 89' lang='lat' dir='ltr'><em>aut</em></span> <span class='ocrx_word' id='word_1_126' title='bbox 1227 993 1325 1035; x_wconf 90' lang='lat' dir='ltr'><em>alias</em></span> <span class='ocrx_word' id='word_1_127' title='bbox 1359 1008 1524 1050; x_wconf 83' lang='lat' dir='ltr'><em>quomo-</em></span> 
     </span>
     <span class='ocr_line' id='line_1_13' title="bbox 69 1053 1522 1111; baseline -0.001 -15"><span class='ocrx_word' id='word_1_128' title='bbox 69 1054 217 1097; x_wconf 79' lang='lat' dir='ltr'><em>dolibet</em></span> <span class='ocrx_word' id='word_1_129' title='bbox 242 1053 300 1096; x_wconf 89' lang='lat' dir='ltr'><em>uti</em></span> <span class='ocrx_word' id='word_1_130' title='bbox 316 1083 329 1102; x_wconf 91' lang='lat'>‚</span> <span class='ocrx_word' id='word_1_131' title='bbox 358 1054 504 1111; x_wconf 83' lang='lat' dir='ltr'><em>potiri,</em></span> <span class='ocrx_word' id='word_1_132' title='bbox 540 1068 578 1097; x_wconf 84' lang='lat' dir='ltr'><em>et</em></span> <span class='ocrx_word' id='word_1_133' title='bbox 592 1056 763 1111; x_wconf 79' lang='lat' dir='ltr'><em>gaudere</em></span> <span class='ocrx_word' id='word_1_134' title='bbox 774 1064 995 1110; x_wconf 87' lang='lat' dir='ltr'><em>potuerunt</em></span> <span class='ocrx_word' id='word_1_135' title='bbox 1012 1082 1025 1100; x_wconf 92' lang='lat'>,</span> <span class='ocrx_word' id='word_1_136' title='bbox 1045 1065 1082 1095; x_wconf 89' lang='lat' dir='ltr'><em>et</em></span> <span class='ocrx_word' id='word_1_137' title='bbox 1095 1053 1312 1095; x_wconf 87' lang='lat' dir='ltr'><em>debuerunt</em></span> <span class='ocrx_word' id='word_1_138' title='bbox 1328 1083 1340 1100; x_wconf 87' lang='lat'>‚</span> <span class='ocrx_word' id='word_1_139' title='bbox 1366 1067 1416 1094; x_wconf 74' lang='lat' dir='ltr'><em>ac</em></span> <span class='ocrx_word' id='word_1_140' title='bbox 1430 1067 1522 1094; x_wconf 89' lang='lat' dir='ltr'><em>con-</em></span> 
     </span>
     <span class='ocr_line' id='line_1_14' title="bbox 68 1110 1521 1172; baseline -0.001 -17"><span class='ocrx_word' id='word_1_141' title='bbox 68 1110 298 1172; x_wconf 59' lang='lat' dir='ltr'><em>sueuerunt,</em></span> <span class='ocrx_word' id='word_1_142' title='bbox 313 1114 540 1156; x_wconf 87' lang='lat' dir='ltr'><em>auctoritate</em></span> <span class='ocrx_word' id='word_1_143' title='bbox 557 1112 767 1170; x_wconf 85' lang='lat' dir='ltr'><em>apostolica</em></span> <span class='ocrx_word' id='word_1_144' title='bbox 788 1124 921 1155; x_wconf 87' lang='lat' dir='ltr'><em>tenore</em></span> <span class='ocrx_word' id='word_1_145' title='bbox 935 1111 1201 1168; x_wconf 85' lang='lat' dir='ltr'><em>praesentium</em></span> <span class='ocrx_word' id='word_1_146' title='bbox 1220 1110 1492 1155; x_wconf 81' lang='lat' dir='ltr'><em>constituimus</em></span> <span class='ocrx_word' id='word_1_147' title='bbox 1506 1141 1521 1162; x_wconf 80' lang='lat'><strong>,</strong></span> 
     </span>
     <span class='ocr_line' id='line_1_15' title="bbox 20 1168 1525 1233; baseline -0.001 -21"><span class='ocrx_word' id='word_1_148' title='bbox 20 1224 26 1233; x_wconf 25' lang='grc' dir='ltr'><strong><em>λ</em></strong></span> <span class='ocrx_word' id='word_1_149' title='bbox 67 1168 114 1213; x_wconf 67' lang='grc' dir='ltr'><em>εἴ</em></span> <span class='ocrx_word' id='word_1_150' title='bbox 119 1174 348 1228; x_wconf 85' lang='lat' dir='ltr'><em>deputamus</em></span> <span class='ocrx_word' id='word_1_151' title='bbox 362 1198 370 1208; x_wconf 59' lang='lat'><em>2</em></span> <span class='ocrx_word' id='word_1_152' title='bbox 412 1173 541 1228; x_wconf 83' lang='lat' dir='ltr'><em>Teque</em></span> <span class='ocrx_word' id='word_1_153' title='bbox 572 1173 613 1213; x_wconf 90' lang='lat' dir='ltr'><em>in</em></span> <span class='ocrx_word' id='word_1_154' title='bbox 634 1174 758 1213; x_wconf 80' lang='lat' dir='ltr'><em>locum</em></span> <span class='ocrx_word' id='word_1_155' title='bbox 779 1172 876 1213; x_wconf 82' lang='lat' dir='ltr'><em>dicti</em></span> <span class='ocrx_word' id='word_1_156' title='bbox 896 1171 1256 1224; x_wconf 73' lang='lat' dir='ltr'><em>Ioanntssoseplzi·,</em></span> <span class='ocrx_word' id='word_1_157' title='bbox 1285 1171 1415 1226; x_wconf 82' lang='lat' dir='ltr'><em>quoad</em></span> <span class='ocrx_word' id='word_1_158' title='bbox 1431 1170 1525 1224; x_wconf 82' lang='lat' dir='ltr'><em>Offi-</em></span> 
     </span>
     <span class='ocr_line' id='line_1_16' title="bbox 44 1227 1519 1287; baseline -0.002 -15"><span class='ocrx_word' id='word_1_159' title='bbox 44 1229 170 1272; x_wconf 65' lang='lat' dir='ltr'><em>cium</em></span> <span class='ocrx_word' id='word_1_160' title='bbox 188 1227 436 1285; x_wconf 77' lang='lat' dir='ltr'><em>hujusmodi,</em></span> <span class='ocrx_word' id='word_1_161' title='bbox 460 1229 612 1287; x_wconf 85' lang='lat' dir='ltr'><em>ejusque</em></span> <span class='ocrx_word' id='word_1_162' title='bbox 642 1229 800 1270; x_wconf 85' lang='lat' dir='ltr'><em>liberum</em></span> <span class='ocrx_word' id='word_1_163' title='bbox 828 1228 1056 1271; x_wconf 80' lang='lat' dir='ltr'><em>exercitium</em></span> <span class='ocrx_word' id='word_1_164' title='bbox 1079 1227 1303 1282; x_wconf 76' lang='lat' dir='ltr'><em>hujusmodi</em></span> <span class='ocrx_word' id='word_1_165' title='bbox 1324 1228 1436 1268; x_wconf 67' lang='lat' dir='ltr'><em>Htxta</em></span> <span class='ocrx_word' id='word_1_166' title='bbox 1457 1242 1519 1269; x_wconf 88' lang='lat' dir='ltr'><em>ea·</em></span> 
     </span>
     <span class='ocr_line' id='line_1_17' title="bbox 66 1285 1523 1346; baseline -0.001 -14"><span class='ocrx_word' id='word_1_167' title='bbox 66 1290 242 1332; x_wconf 76' lang='lat' dir='ltr'><em>r&#39;umdem</em></span> <span class='ocrx_word' id='word_1_168' title='bbox 279 1298 445 1330; x_wconf 84' lang='lat' dir='ltr'><em>tenorem</em></span> <span class='ocrx_word' id='word_1_169' title='bbox 460 1288 726 1346; x_wconf 85' lang='lat' dir='ltr'><em>praesentium</em></span> <span class='ocrx_word' id='word_1_170' title='bbox 747 1287 938 1346; x_wconf 87' lang='lat' dir='ltr'><em>recipiant</em></span> <span class='ocrx_word' id='word_1_171' title='bbox 957 1317 969 1335; x_wconf 93' lang='lat'>‚</span> <span class='ocrx_word' id='word_1_172' title='bbox 1001 1302 1039 1329; x_wconf 85' lang='lat' dir='ltr'><em>et</em></span> <span class='ocrx_word' id='word_1_173' title='bbox 1065 1287 1275 1330; x_wconf 80' lang='lat' dir='ltr'><em>admittant</em></span> <span class='ocrx_word' id='word_1_174' title='bbox 1306 1315 1320 1334; x_wconf 94' lang='lat'>‚</span> <span class='ocrx_word' id='word_1_175' title='bbox 1361 1285 1523 1343; x_wconf 77' lang='lat' dir='ltr'><em>Tibique</em></span> 
     </span>
     <span class='ocr_line' id='line_1_18' title="bbox 65 1344 1528 1406; baseline -0.003 -16"><span class='ocrx_word' id='word_1_176' title='bbox 65 1346 109 1390; x_wconf 81' lang='lat' dir='ltr'><em>in</em></span> <span class='ocrx_word' id='word_1_177' title='bbox 124 1347 302 1390; x_wconf 85' lang='lat' dir='ltr'><em>omnibus</em></span> <span class='ocrx_word' id='word_1_178' title='bbox 317 1348 374 1388; x_wconf 86' lang='lat' dir='ltr'><em>ad</em></span> <span class='ocrx_word' id='word_1_179' title='bbox 393 1348 493 1390; x_wconf 88' lang='lat' dir='ltr'><em>idem</em></span> <span class='ocrx_word' id='word_1_180' title='bbox 512 1349 678 1403; x_wconf 81' lang='lat' dir='ltr'><em>officium</em></span> <span class='ocrx_word' id='word_1_181' title='bbox 708 1347 990 1406; x_wconf 86' lang='lat' dir='ltr'><em>pertinentibus</em></span> <span class='ocrx_word' id='word_1_182' title='bbox 1013 1345 1179 1402; x_wconf 80' lang='lat' dir='ltr'><em>faveant</em></span> <span class='ocrx_word' id='word_1_183' title='bbox 1197 1379 1210 1397; x_wconf 83' lang='lat'>‚</span> <span class='ocrx_word' id='word_1_184' title='bbox 1239 1357 1277 1389; x_wconf 84' lang='lat' dir='ltr'><em>et</em></span> <span class='ocrx_word' id='word_1_185' title='bbox 1293 1344 1480 1388; x_wconf 83' lang='lat' dir='ltr'><em>assistant</em></span> <span class='ocrx_word' id='word_1_186' title='bbox 1511 1374 1528 1387; x_wconf 87' lang='lat'><em>..</em></span> 
     </span>
     <span class='ocr_line' id='line_1_19' title="bbox 65 1404 1526 1463; baseline -0.003 -13"><span class='ocrx_word' id='word_1_187' title='bbox 65 1407 160 1450; x_wconf 85' lang='lat' dir='ltr'><em>Non</em></span> <span class='ocrx_word' id='word_1_188' title='bbox 175 1407 413 1450; x_wconf 81' lang='lat' dir='ltr'><em>obstantibus</em></span> <span class='ocrx_word' id='word_1_189' title='bbox 438 1408 788 1450; x_wconf 84' lang='lat' dir='ltr'><em>Constitutionibus</em></span> <span class='ocrx_word' id='word_1_190' title='bbox 817 1438 830 1457; x_wconf 90' lang='lat'><strong>,</strong></span> <span class='ocrx_word' id='word_1_191' title='bbox 861 1422 898 1449; x_wconf 86' lang='lat' dir='ltr'><em>et</em></span> <span class='ocrx_word' id='word_1_192' title='bbox 933 1405 1241 1449; x_wconf 77' lang='lat' dir='ltr'><em>ordinationibus</em></span> <span class='ocrx_word' id='word_1_193' title='bbox 1271 1404 1526 1463; x_wconf 62' lang='lat' dir='ltr'><em>apostolicis,</em></span> 
     </span>
     <span class='ocr_line' id='line_1_20' title="bbox 63 1464 1518 1524; baseline -0.003 -16"><span class='ocrx_word' id='word_1_194' title='bbox 63 1481 139 1509; x_wconf 79' lang='lat' dir='ltr'><em>nec</em></span> <span class='ocrx_word' id='word_1_195' title='bbox 169 1480 247 1508; x_wconf 87' lang='lat' dir='ltr'><em>non</em></span> <span class='ocrx_word' id='word_1_196' title='bbox 272 1465 469 1524; x_wconf 78' lang='lat' dir='ltr'><em>quibusvis</em></span> <span class='ocrx_word' id='word_1_197' title='bbox 491 1467 603 1508; x_wconf 87' lang='lat' dir='ltr'><em>etiam</em></span> <span class='ocrx_word' id='word_1_198' title='bbox 628 1467 860 1521; x_wconf 81' lang='lat' dir='ltr'><em>juramento</em></span> <span class='ocrx_word' id='word_1_199' title='bbox 877 1496 890 1514; x_wconf 88' lang='lat'>‚</span> <span class='ocrx_word' id='word_1_200' title='bbox 924 1465 1222 1521; x_wconf 82' lang='lat' dir='ltr'><em>confirmatione</em></span> <span class='ocrx_word' id='word_1_201' title='bbox 1257 1464 1484 1520; x_wconf 82' lang='lat' dir='ltr'><em>Apostolico</em></span> <span class='ocrx_word' id='word_1_202' title='bbox 1504 1494 1518 1514; x_wconf 85' lang='lat'>‚</span> 
     </span>
     <span class='ocr_line' id='line_1_21' title="bbox 63 1521 1518 1583; baseline -0.004 -15"><span class='ocrx_word' id='word_1_203' title='bbox 63 1526 127 1569; x_wconf 82' lang='lat' dir='ltr'><em>vel</em></span> <span class='ocrx_word' id='word_1_204' title='bbox 141 1525 275 1582; x_wconf 81' lang='lat' dir='ltr'><em>quavis</em></span> <span class='ocrx_word' id='word_1_205' title='bbox 279 1526 472 1583; x_wconf 82' lang='lat' dir='ltr'><em>firmitate</em></span> <span class='ocrx_word' id='word_1_206' title='bbox 494 1525 574 1568; x_wconf 88' lang='lat' dir='ltr'><em>alia</em></span> <span class='ocrx_word' id='word_1_207' title='bbox 594 1525 783 1569; x_wconf 85' lang='lat' dir='ltr'><em>roboratis</em></span> <span class='ocrx_word' id='word_1_208' title='bbox 806 1524 991 1573; x_wconf 83' lang='lat' dir='ltr'><em>statutis,</em></span> <span class='ocrx_word' id='word_1_209' title='bbox 1027 1535 1065 1566; x_wconf 89' lang='lat' dir='ltr'><em>et</em></span> <span class='ocrx_word' id='word_1_210' title='bbox 1079 1522 1418 1567; x_wconf 84' lang='lat' dir='ltr'><em>consuetudinibus</em></span> <span class='ocrx_word' id='word_1_211' title='bbox 1435 1521 1518 1581; x_wconf 86' lang='lat' dir='ltr'><em>pri-</em></span> 
     </span>
     <span class='ocr_line' id='line_1_22' title="bbox 63 1582 1520 1644; baseline -0.002 -17"><span class='ocrx_word' id='word_1_212' title='bbox 63 1584 220 1642; x_wconf 80' lang='lat' dir='ltr'><em>vilegiis</em></span> <span class='ocrx_word' id='word_1_213' title='bbox 243 1601 390 1644; x_wconf 81' lang='lat' dir='ltr'><em>quoque</em></span> <span class='ocrx_word' id='word_1_214' title='bbox 407 1620 419 1638; x_wconf 92' lang='lat'>‚</span> <span class='ocrx_word' id='word_1_215' title='bbox 445 1587 606 1629; x_wconf 86' lang='lat' dir='ltr'><em>indultis</em></span> <span class='ocrx_word' id='word_1_216' title='bbox 620 1618 633 1637; x_wconf 83' lang='lat'>‚</span> <span class='ocrx_word' id='word_1_217' title='bbox 655 1602 693 1629; x_wconf 88' lang='lat' dir='ltr'><em>et</em></span> <span class='ocrx_word' id='word_1_218' title='bbox 707 1586 844 1629; x_wconf 85' lang='lat' dir='ltr'><em>litteris</em></span> <span class='ocrx_word' id='word_1_219' title='bbox 860 1582 1077 1643; x_wconf 85' lang='lat' dir='ltr'><em>apostolicis</em></span> <span class='ocrx_word' id='word_1_220' title='bbox 1095 1584 1136 1626; x_wconf 88' lang='lat' dir='ltr'><em>in</em></span> <span class='ocrx_word' id='word_1_221' title='bbox 1152 1583 1388 1626; x_wconf 86' lang='lat' dir='ltr'><em>contrarium</em></span> <span class='ocrx_word' id='word_1_222' title='bbox 1401 1596 1520 1639; x_wconf 80' lang='lat' dir='ltr'><em>prae-</em></span> 
     </span>
     <span class='ocr_line' id='line_1_23' title="bbox 61 1641 1519 1704; baseline -0.001 -18"><span class='ocrx_word' id='word_1_223' title='bbox 61 1645 268 1688; x_wconf 85' lang='lat' dir='ltr'><em>missorum</em></span> <span class='ocrx_word' id='word_1_224' title='bbox 286 1646 567 1704; x_wconf 82' lang='lat' dir='ltr'><em>quomodolibet</em></span> <span class='ocrx_word' id='word_1_225' title='bbox 586 1646 779 1690; x_wconf 83' lang='lat' dir='ltr'><em>concessis</em></span> <span class='ocrx_word' id='word_1_226' title='bbox 795 1677 808 1697; x_wconf 87' lang='lat'><strong>,</strong></span> <span class='ocrx_word' id='word_1_227' title='bbox 823 1645 1062 1703; x_wconf 83' lang='lat' dir='ltr'><em>confirmatis</em></span> <span class='ocrx_word' id='word_1_228' title='bbox 1078 1676 1092 1695; x_wconf 84' lang='lat'>‚</span> <span class='ocrx_word' id='word_1_229' title='bbox 1125 1655 1163 1686; x_wconf 86' lang='lat' dir='ltr'><em>et</em></span> <span class='ocrx_word' id='word_1_230' title='bbox 1177 1643 1376 1686; x_wconf 83' lang='lat' dir='ltr'><em>innovatis</em></span> <span class='ocrx_word' id='word_1_231' title='bbox 1390 1672 1399 1682; x_wconf 89' lang='lat'><em>.</em></span> <span class='ocrx_word' id='word_1_232' title='bbox 1420 1641 1519 1694; x_wconf 57' lang='lat' dir='ltr'><em>Quiss</em></span> 
     </span>
     <span class='ocr_line' id='line_1_24' title="bbox 61 1701 1520 1766; baseline -0.003 -20"><span class='ocrx_word' id='word_1_233' title='bbox 61 1703 134 1746; x_wconf 75' lang='lat' dir='ltr'><em>bns</em></span> <span class='ocrx_word' id='word_1_234' title='bbox 149 1706 331 1751; x_wconf 78' lang='lat' dir='ltr'><em>omnibus</em></span> <span class='ocrx_word' id='word_1_235' title='bbox 342 1738 355 1758; x_wconf 88' lang='lat'><strong>,</strong></span> <span class='ocrx_word' id='word_1_236' title='bbox 373 1718 412 1750; x_wconf 91' lang='lat' dir='ltr'><em>et</em></span> <span class='ocrx_word' id='word_1_237' title='bbox 428 1706 594 1766; x_wconf 77' lang='lat' dir='ltr'><em>singulis</em></span> <span class='ocrx_word' id='word_1_238' title='bbox 610 1736 622 1755; x_wconf 91' lang='lat'><strong>‚</strong></span> <span class='ocrx_word' id='word_1_239' title='bbox 639 1707 788 1750; x_wconf 87' lang='lat' dir='ltr'><em>illorum</em></span> <span class='ocrx_word' id='word_1_240' title='bbox 812 1717 959 1748; x_wconf 82' lang='lat' dir='ltr'><em>tenores</em></span> <span class='ocrx_word' id='word_1_241' title='bbox 986 1705 1251 1763; x_wconf 79' lang='lat' dir='ltr'><em>&#39;praesentibus</em></span> <span class='ocrx_word' id='word_1_242' title='bbox 1277 1718 1350 1760; x_wconf 84' lang='lat' dir='ltr'><em>pro</em></span> <span class='ocrx_word' id='word_1_243' title='bbox 1376 1701 1491 1757; x_wconf 85' lang='lat' dir='ltr'><em>plene</em></span> <span class='ocrx_word' id='word_1_244' title='bbox 1501 1730 1520 1751; x_wconf 83' lang='grc'><em>,,</em></span> 
     </span>
     <span class='ocr_line' id='line_1_25' title="bbox 60 1762 1522 1825; baseline -0.006 -15"><span class='ocrx_word' id='word_1_245' title='bbox 60 1774 99 1806; x_wconf 77' lang='lat' dir='ltr'><em>et</em></span> <span class='ocrx_word' id='word_1_246' title='bbox 114 1765 351 1819; x_wconf 79' lang='lat' dir='ltr'><em>sufficienter</em></span> <span class='ocrx_word' id='word_1_247' title='bbox 377 1766 567 1825; x_wconf 80' lang='lat' dir='ltr'><em>expressis</em></span> <span class='ocrx_word' id='word_1_248' title='bbox 580 1799 591 1817; x_wconf 90' lang='lat'><strong>,</strong></span> <span class='ocrx_word' id='word_1_249' title='bbox 607 1783 656 1811; x_wconf 91' lang='lat' dir='ltr'><em>ac</em></span> <span class='ocrx_word' id='word_1_250' title='bbox 674 1768 719 1809; x_wconf 87' lang='lat' dir='ltr'><em>de</em></span> <span class='ocrx_word' id='word_1_251' title='bbox 734 1767 847 1809; x_wconf 84' lang='lat' dir='ltr'><em>verbo</em></span> <span class='ocrx_word' id='word_1_252' title='bbox 877 1767 929 1808; x_wconf 87' lang='lat' dir='ltr'><em>ad</em></span> <span class='ocrx_word' id='word_1_253' title='bbox 957 1766 1108 1807; x_wconf 85' lang='lat' dir='ltr'><em>verbum</em></span> <span class='ocrx_word' id='word_1_254' title='bbox 1140 1762 1290 1805; x_wconf 83' lang='lat' dir='ltr'><em>insertis</em></span> <span class='ocrx_word' id='word_1_255' title='bbox 1308 1762 1491 1805; x_wconf 77' lang='lat' dir='ltr'><em>babentes</em></span> <span class='ocrx_word' id='word_1_256' title='bbox 1500 1792 1522 1811; x_wconf 19' lang='lat' dir='ltr'><em>,A</em></span> 
     </span>
     <span class='ocr_line' id='line_1_26' title="bbox 61 1818 1526 1881; baseline -0.002 -16"><span class='ocrx_word' id='word_1_257' title='bbox 61 1820 140 1865; x_wconf 74' lang='lat' dir='ltr'><em>illis</em></span> <span class='ocrx_word' id='word_1_258' title='bbox 157 1824 254 1866; x_wconf 75' lang='lat' dir='ltr'><em>&lt;ilias</em></span> <span class='ocrx_word' id='word_1_259' title='bbox 270 1825 312 1867; x_wconf 82' lang='lat' dir='ltr'><em>in</em></span> <span class='ocrx_word' id='word_1_260' title='bbox 327 1841 397 1868; x_wconf 87' lang='lat' dir='ltr'><em>suo</em></span> <span class='ocrx_word' id='word_1_261' title='bbox 414 1829 547 1868; x_wconf 80' lang='lat' dir='ltr'><em>robore</em></span> <span class='ocrx_word' id='word_1_262' title='bbox 576 1826 837 1881; x_wconf 85' lang='lat' dir='ltr'><em>permansuris</em></span> <span class='ocrx_word' id='word_1_263' title='bbox 857 1826 914 1866; x_wconf 88' lang='lat' dir='ltr'><em>ad</em></span> <span class='ocrx_word' id='word_1_264' title='bbox 923 1823 1224 1881; x_wconf 84' lang='lat' dir='ltr'><em>praemissorum</em></span> <span class='ocrx_word' id='word_1_265' title='bbox 1244 1823 1422 1878; x_wconf 74' lang='lat' dir='ltr'><em>effictum</em></span> <span class='ocrx_word' id='word_1_266' title='bbox 1440 1818 1526 1862; x_wconf 74' lang='lat' dir='ltr'><em>lme-</em></span> 
     </span>
     <span class='ocr_line' id='line_1_27' title="bbox 60 1879 1515 1940; baseline -0.003 -16"><span class='ocrx_word' id='word_1_267' title='bbox 60 1881 143 1925; x_wconf 79' lang='lat' dir='ltr'><em>vice</em></span> <span class='ocrx_word' id='word_1_268' title='bbox 152 1884 363 1926; x_wconf 80' lang='lat' dir='ltr'><em>dumtaxat</em></span> <span class='ocrx_word' id='word_1_269' title='bbox 377 1883 593 1940; x_wconf 84' lang='lat' dir='ltr'><em>specialiter</em></span> <span class='ocrx_word' id='word_1_270' title='bbox 614 1914 627 1934; x_wconf 84' lang='grc'>,</span> <span class='ocrx_word' id='word_1_271' title='bbox 653 1897 691 1925; x_wconf 84' lang='lat' dir='ltr'><em>et</em></span> <span class='ocrx_word' id='word_1_272' title='bbox 709 1897 884 1940; x_wconf 77' lang='lat' dir='ltr'><em>expresse</em></span> <span class='ocrx_word' id='word_1_273' title='bbox 899 1884 1134 1939; x_wconf 79' lang='lat' dir='ltr'><em>derogamus</em></span> <span class='ocrx_word' id='word_1_274' title='bbox 1151 1910 1164 1930; x_wconf 90' lang='lat'>,</span> <span class='ocrx_word' id='word_1_275' title='bbox 1195 1879 1399 1938; x_wconf 82' lang='lat' dir='ltr'><em>ceterisque</em></span> <span class='ocrx_word' id='word_1_276' title='bbox 1416 1893 1515 1922; x_wconf 87' lang='lat' dir='ltr'><em>con-</em></span> 
     </span>
    </p>

    <p class='ocr_par' dir='ltr' id='par_1_2' title="bbox 28 1941 1513 2599">
     <span class='ocr_line' id='line_1_28' title="bbox 61 1941 550 2000; baseline 0.002 -18"><span class='ocrx_word' id='word_1_277' title='bbox 61 1941 193 1984; x_wconf 86' lang='lat' dir='ltr'><em>trariis</em></span> <span class='ocrx_word' id='word_1_278' title='bbox 219 1944 521 2000; x_wconf 82' lang='lat' dir='ltr'><em>quibuscumque</em></span> <span class='ocrx_word' id='word_1_279' title='bbox 540 1972 550 1983; x_wconf 64' lang='lat'>0</span> 
     </span>
     <span class='ocr_line' id='line_1_29' title="bbox 28 1998 1512 2057; baseline -0.002 -14"><span class='ocrx_word' id='word_1_280' title='bbox 28 2006 42 2013; x_wconf 76' lang='grc'><strong>”</strong></span> <span class='ocrx_word' id='word_1_281' title='bbox 181 2002 331 2043; x_wconf 84' lang='lat' dir='ltr'><em>Datum</em></span> <span class='ocrx_word' id='word_1_282' title='bbox 353 2003 500 2043; x_wconf 86' lang='lat' dir='ltr'><em>Rornae</em></span> <span class='ocrx_word' id='word_1_283' title='bbox 518 2003 624 2057; x_wconf 85' lang='lat' dir='ltr'><em>apud</em></span> <span class='ocrx_word' id='word_1_284' title='bbox 640 2002 684 2041; x_wconf 83' lang='lat' dir='ltr'><em>S.</em></span> <span class='ocrx_word' id='word_1_285' title='bbox 703 2001 877 2043; x_wconf 73' lang='lat' dir='ltr'><em>Mariam</em></span> <span class='ocrx_word' id='word_1_286' title='bbox 901 1999 1097 2054; x_wconf 86' lang='lat' dir='ltr'><em>Majorem</em></span> <span class='ocrx_word' id='word_1_287' title='bbox 1114 2001 1184 2041; x_wconf 86' lang='lat' dir='ltr'><em>sub</em></span> <span class='ocrx_word' id='word_1_288' title='bbox 1201 1998 1364 2040; x_wconf 79' lang='lat' dir='ltr'><em>Annulo</em></span> <span class='ocrx_word' id='word_1_289' title='bbox 1381 1998 1512 2041; x_wconf 82' lang='lat' dir='ltr'><em>Pisca-</em></span> 
     </span>
     <span class='ocr_line' id='line_1_30' title="bbox 65 2059 1356 2118; baseline -0.004 -15"><span class='ocrx_word' id='word_1_290' title='bbox 65 2059 158 2103; x_wconf 73' lang='lat' dir='ltr'><em>toris</em></span> <span class='ocrx_word' id='word_1_291' title='bbox 187 2059 249 2102; x_wconf 83' lang='lat' dir='ltr'><em>die</em></span> <span class='ocrx_word' id='word_1_292' title='bbox 273 2076 286 2101; x_wconf 89' lang='lat'>1</span> <span class='ocrx_word' id='word_1_293' title='bbox 300 2077 321 2118; x_wconf 86' lang='lat'><em>7</em></span> <span class='ocrx_word' id='word_1_294' title='bbox 356 2061 574 2105; x_wconf 84' lang='lat' dir='ltr'><em>novembris</em></span> <span class='ocrx_word' id='word_1_295' title='bbox 597 2074 724 2116; x_wconf 78' lang='lat'><strong>1772.</strong></span> <span class='ocrx_word' id='word_1_296' title='bbox 744 2059 1000 2117; x_wconf 75' lang='lat' dir='ltr'><em>Pontificatus</em></span> <span class='ocrx_word' id='word_1_297' title='bbox 1015 2059 1142 2102; x_wconf 77' lang='lat' dir='ltr'><em>nostri</em></span> <span class='ocrx_word' id='word_1_298' title='bbox 1156 2075 1261 2101; x_wconf 85' lang='lat' dir='ltr'><em>anno</em></span> <span class='ocrx_word' id='word_1_299' title='bbox 1290 2074 1356 2101; x_wconf 74' lang='lat' dir='ltr'><em>lv.</em></span> 
     </span>
     <span class='ocr_line' id='line_1_31' title="bbox 151 2115 1511 2175; baseline -0.002 -13"><span class='ocrx_word' id='word_1_300' title='bbox 151 2121 264 2163; x_wconf 83' lang='lat' dir='ltr'><em>Foris</em></span> <span class='ocrx_word' id='word_1_301' title='bbox 282 2135 293 2162; x_wconf 88' lang='lat'>:</span> <span class='ocrx_word' id='word_1_302' title='bbox 314 2122 466 2164; x_wconf 85' lang='lat' dir='ltr'><em>Dilecto</em></span> <span class='ocrx_word' id='word_1_303' title='bbox 476 2121 576 2162; x_wconf 84' lang='lat' dir='ltr'><em>Filio</em></span> <span class='ocrx_word' id='word_1_304' title='bbox 592 2120 816 2163; x_wconf 74' lang='lat' dir='ltr'><em>Alexandro</em></span> <span class='ocrx_word' id='word_1_305' title='bbox 831 2118 1062 2161; x_wconf 85' lang='lat' dir='ltr'><em>Mucciolini</em></span> <span class='ocrx_word' id='word_1_306' title='bbox 1078 2121 1255 2162; x_wconf 86' lang='lat' dir='ltr'><em>Romano</em></span> <span class='ocrx_word' id='word_1_307' title='bbox 1255 2116 1363 2175; x_wconf 77' lang='lat' dir='ltr'><em>juris</em></span> <span class='ocrx_word' id='word_1_308' title='bbox 1372 2115 1511 2160; x_wconf 43' lang='lat' dir='ltr'><em>utrius*</em></span> 
     </span>
     <span class='ocr_line' id='line_1_32' title="bbox 66 2180 346 2238; baseline 0 -16"><span class='ocrx_word' id='word_1_309' title='bbox 66 2193 136 2238; x_wconf 82' lang='lat' dir='ltr'><em>que</em></span> <span class='ocrx_word' id='word_1_310' title='bbox 156 2180 318 2225; x_wconf 84' lang='lat' dir='ltr'><em>Doctori</em></span> <span class='ocrx_word' id='word_1_311' title='bbox 336 2212 346 2222; x_wconf 91' lang='lat'><strong>.</strong></span> 
     </span>
     <span class='ocr_line' id='line_1_33' title="bbox 183 2233 1513 2293; baseline -0.005 -10"><span class='ocrx_word' id='word_1_312' title='bbox 183 2240 370 2284; x_wconf 74' lang='lat' dir='ltr'><em>vetitum</em></span> <span class='ocrx_word' id='word_1_313' title='bbox 390 2240 511 2284; x_wconf 84' lang='lat' dir='ltr'><em>etiam</em></span> <span class='ocrx_word' id='word_1_314' title='bbox 534 2253 605 2289; x_wconf 85' lang='lat' dir='ltr'><em>est,</em></span> <span class='ocrx_word' id='word_1_315' title='bbox 625 2235 952 2282; x_wconf 76' lang='lat' dir='ltr'><em>Commissiones</em></span> <span class='ocrx_word' id='word_1_316' title='bbox 964 2236 1229 2279; x_wconf 79' lang='lat' dir='ltr'><em>transmittere</em></span> <span class='ocrx_word' id='word_1_317' title='bbox 1249 2252 1322 2293; x_wconf 80' lang='lat' dir='ltr'><em>pro</em></span> <span class='ocrx_word' id='word_1_318' title='bbox 1340 2233 1513 2290; x_wconf 79' lang='lat' dir='ltr'><em>simplici</em></span> 
     </span>
     <span class='ocr_line' id='line_1_34' title="bbox 69 2294 1512 2354; baseline -0.003 -14"><span class='ocrx_word' id='word_1_319' title='bbox 69 2300 368 2344; x_wconf 83' lang='lat' dir='ltr'><em>Sententiarum</em></span> <span class='ocrx_word' id='word_1_320' title='bbox 386 2333 399 2351; x_wconf 84' lang='lat'><strong>,</strong></span> <span class='ocrx_word' id='word_1_321' title='bbox 427 2301 488 2344; x_wconf 86' lang='lat' dir='ltr'><em>vel</em></span> <span class='ocrx_word' id='word_1_322' title='bbox 511 2301 780 2342; x_wconf 71' lang='lat' dir='ltr'><em>Decrerorum</em></span> <span class='ocrx_word' id='word_1_323' title='bbox 800 2296 1195 2354; x_wconf 78' lang='lat' dir='ltr'><em>circumscriptione,</em></span> <span class='ocrx_word' id='word_1_324' title='bbox 1215 2297 1290 2338; x_wconf 80' lang='lat' dir='ltr'><em>nisi</em></span> <span class='ocrx_word' id='word_1_325' title='bbox 1307 2296 1350 2338; x_wconf 90' lang='lat' dir='ltr'><em>in</em></span> <span class='ocrx_word' id='word_1_326' title='bbox 1365 2294 1512 2337; x_wconf 83' lang='lat' dir='ltr'><em>eisdem</em></span> 
     </span>
     <span class='ocr_line' id='line_1_35' title="bbox 69 2356 1513 2420; baseline -0.006 -19"><span class='ocrx_word' id='word_1_327' title='bbox 69 2359 307 2404; x_wconf 74' lang='lat' dir='ltr'><em>alternativa</em></span> <span class='ocrx_word' id='word_1_328' title='bbox 338 2361 480 2420; x_wconf 87' lang='lat' dir='ltr'><em>petitio</em></span> <span class='ocrx_word' id='word_1_329' title='bbox 505 2360 756 2402; x_wconf 77' lang='lat' dir='ltr'><em>describatur</em></span> <span class='ocrx_word' id='word_1_330' title='bbox 777 2388 793 2407; x_wconf 84' lang='lat'>,</span> <span class='ocrx_word' id='word_1_331' title='bbox 829 2357 943 2411; x_wconf 85' lang='lat' dir='ltr'><em>quod</em></span> <span class='ocrx_word' id='word_1_332' title='bbox 959 2356 1133 2406; x_wconf 86' lang='lat' dir='ltr'><em>scilicet,</em></span> <span class='ocrx_word' id='word_1_333' title='bbox 1161 2371 1367 2412; x_wconf 81' lang='lat' dir='ltr'><em>quatenus</em></span> <span class='ocrx_word' id='word_1_334' title='bbox 1397 2364 1513 2394; x_wconf 59' lang='lat' dir='ltr'><em>antea</em></span> 
     </span>
     <span class='ocr_line' id='line_1_36' title="bbox 77 2415 1513 2480; baseline -0.006 -20"><span class='ocrx_word' id='word_1_335' title='bbox 77 2419 208 2461; x_wconf 82' lang='lat' dir='ltr'><em>dictae</em></span> <span class='ocrx_word' id='word_1_336' title='bbox 225 2419 591 2480; x_wconf 78' lang='lat' dir='ltr'><em>circumscriptioni</em></span> <span class='ocrx_word' id='word_1_337' title='bbox 611 2419 722 2461; x_wconf 84' lang='lat' dir='ltr'><em>locus</em></span> <span class='ocrx_word' id='word_1_338' title='bbox 735 2431 819 2458; x_wconf 90' lang='lat' dir='ltr'><em>non</em></span> <span class='ocrx_word' id='word_1_339' title='bbox 837 2416 888 2458; x_wconf 85' lang='lat' dir='ltr'><em>sit</em></span> <span class='ocrx_word' id='word_1_340' title='bbox 906 2447 918 2465; x_wconf 90' lang='lat'>,</span> <span class='ocrx_word' id='word_1_341' title='bbox 950 2415 1228 2471; x_wconf 79' lang='lat' dir='ltr'><em>appellationis</em></span> <span class='ocrx_word' id='word_1_342' title='bbox 1266 2428 1388 2456; x_wconf 82' lang='lat' dir='ltr'><em>causa</em></span> <span class='ocrx_word' id='word_1_343' title='bbox 1408 2424 1513 2453; x_wconf 88' lang='lat' dir='ltr'><em>com-</em></span> 
     </span>
     <span class='ocr_line' id='line_1_37' title="bbox 71 2472 1512 2538; baseline -0.007 -17"><span class='ocrx_word' id='word_1_344' title='bbox 71 2479 284 2530; x_wconf 55' lang='lat' dir='ltr'><em>minatum</em></span> <span class='ocrx_word' id='word_1_345' title='bbox 315 2478 360 2523; x_wconf 84' lang='lat' dir='ltr'><em>id</em></span> <span class='ocrx_word' id='word_1_346' title='bbox 383 2480 562 2538; x_wconf 74' lang='lat' dir='ltr'><em>namque</em></span> <span class='ocrx_word' id='word_1_347' title='bbox 593 2492 699 2522; x_wconf 79' lang='lat' dir='ltr'><em>recta</em></span> <span class='ocrx_word' id='word_1_348' title='bbox 713 2477 866 2520; x_wconf 81' lang='lat' dir='ltr'><em>ratione</em></span> <span class='ocrx_word' id='word_1_349' title='bbox 885 2473 1039 2517; x_wconf 83' lang='lat' dir='ltr'><em>facturn</em></span> <span class='ocrx_word' id='word_1_350' title='bbox 1059 2473 1179 2516; x_wconf 78' lang='lat' dir='ltr'><em>fuisse</em></span> <span class='ocrx_word' id='word_1_351' title='bbox 1214 2472 1482 2531; x_wconf 85' lang='lat' dir='ltr'><em>comperimus</em></span> <span class='ocrx_word' id='word_1_352' title='bbox 1497 2499 1512 2520; x_wconf 73' lang='lat' dir='ltr'><em>s</em></span> 
     </span>
     <span class='ocr_line' id='line_1_38' title="bbox 71 2533 1509 2599; baseline -0.006 -20"><span class='ocrx_word' id='word_1_353' title='bbox 71 2541 125 2580; x_wconf 68' lang='lat' dir='ltr'><em>ne</em></span> <span class='ocrx_word' id='word_1_354' title='bbox 141 2555 162 2580; x_wconf 84' lang='lat' dir='ltr'>a</span> <span class='ocrx_word' id='word_1_355' title='bbox 183 2539 372 2584; x_wconf 80' lang='lat' dir='ltr'><em>Partibus</em></span> <span class='ocrx_word' id='word_1_356' title='bbox 391 2556 480 2599; x_wconf 80' lang='lat' dir='ltr'><em>post</em></span> <span class='ocrx_word' id='word_1_357' title='bbox 496 2542 653 2584; x_wconf 85' lang='lat' dir='ltr'><em>exitum</em></span> <span class='ocrx_word' id='word_1_358' title='bbox 673 2535 1224 2592; x_wconf 79' lang='lat' dir='ltr'><em>Commissionis‚propositae</em></span> <span class='ocrx_word' id='word_1_359' title='bbox 1246 2548 1321 2591; x_wconf 89' lang='lat' dir='ltr'><em>pro</em></span> <span class='ocrx_word' id='word_1_360' title='bbox 1336 2533 1509 2574; x_wconf 88' lang='lat' dir='ltr'><em>circum-</em></span> 
     </span>
    </p>
   </div>
   <div class='ocr_carea' id='block_1_2' title="bbox 71 2591 1510 2694">
    <p class='ocr_par' dir='ltr' id='par_1_3' title="bbox 71 2591 1510 2694">
     <span class='ocr_line' id='line_1_39' title="bbox 71 2591 1510 2694; baseline -0.006 -54"><span class='ocrx_word' id='word_1_361' title='bbox 71 2597 287 2657; x_wconf 81' lang='lat' dir='ltr'><em>scriptione</em></span> <span class='ocrx_word' id='word_1_362' title='bbox 306 2627 320 2648; x_wconf 85' lang='lat'>,</span> <span class='ocrx_word' id='word_1_363' title='bbox 339 2615 468 2659; x_wconf 87' lang='lat' dir='ltr'><em>quum</em></span> <span class='ocrx_word' id='word_1_364' title='bbox 485 2601 704 2660; x_wconf 74' lang='lat' dir='ltr'><em>signatura</em></span> <span class='ocrx_word' id='word_1_365' title='bbox 723 2596 966 2656; x_wconf 80' lang='lat' dir='ltr'><em>rescripserit</em></span> <span class='ocrx_word' id='word_1_366' title='bbox 978 2626 992 2648; x_wconf 65' lang='lat'><em>2</em></span> <span class='ocrx_word' id='word_1_367' title='bbox 1006 2595 1134 2637; x_wconf 74' lang='lat' dir='ltr'><em>eidem</em></span> <span class='ocrx_word' id='word_1_368' title='bbox 1154 2609 1238 2637; x_wconf 82' lang='lat' dir='ltr'><em>non</em></span> <span class='ocrx_word' id='word_1_369' title='bbox 1259 2607 1339 2637; x_wconf 83' lang='lat' dir='ltr'><em>esse</em></span> <span class='ocrx_word' id='word_1_370' title='bbox 1358 2591 1510 2694; x_wconf 49' lang='lat' dir='ltr'><em>loetgm,</em></span> 
     </span>
     <span class='ocr_line' id='line_1_40' title="bbox 1460 2662 1504 2691; baseline 0 -10"><span class='ocrx_word' id='word_1_371' title='bbox 1460 2662 1504 2691; x_wconf 72' lang='lat' dir='ltr'><em>e-</em></span> 
     </span>
    </p>
   </div>
  </div>
 </body>
</html>
