1993 3195
586 308 615 340 A
658 308 745 340 p,1›
782 308 806 340 F.
847 307 878 339 N
921 307 955 340 D
994 310 1008 342 1
1043 308 1075 342 x
1531 315 1570 349 51

190 357 368 402 Scripturae
398 353 556 399 insuper,
587 363 620 389 et
649 356 723 393 jura
746 364 969 400 quaecumque
1003 356 1170 399 producta
1207 364 1270 388 non
1305 351 1514 386 retineantur
1545 356 1576 388 in

94 407 228 454 pulpitis
245 429 255 445 ‚
285 404 341 439 sed
359 403 444 439 infra
471 404 612 438 biduum
631 415 648 437 a
669 402 723 437 die
752 414 867 438 earum
898 402 1130 446 productionis
1160 402 1192 435 in
1212 401 1308 436 filciis
1344 410 1551 445 reponantur
1567 426 1576 441 ,

95 456 192 490 etiam
224 453 315 500 quod
346 452 526 497 productio
544 452 648 486 fuerit
674 453 705 486 in
729 452 818 486 calce
846 450 1014 486 citationis
1042 457 1221 489 annotata,
1254 458 1399 494 excepto
1429 461 1508 484 casu
1525 450 1580 483 de-

95 504 227 540 lationis
244 501 425 537 earundem
460 501 700 546 scripturarum
732 503 770 536 acl
799 500 961 541 judices,
989 512 1062 546 qua:
1089 500 1128 533 ab
1161 498 1209 532 his
1240 506 1512 543 recuperentur,
1543 506 1581 533 ut

91 552 174 589 infra
189 577 198 587 .

194 596 336 635 C'edulae
364 599 455 634 Sacri
472 599 596 633 Montis
614 599 749 634 Pietatis
763 624 773 640 ,
798 607 830 633 et
849 597 950 633 Banci
976 600 1006 634 S.
1024 597 1164 642 Spiritus
1181 621 1190 637 ‚
1223 605 1254 631 et
1270 595 1473 642 quorumvis
1492 595 1581 630 Mer-

94 659 245 685 catorum
267 649 298 683 in
317 657 394 682 actu
425 648 658 693 productionis
686 648 910 695 registrentur
935 659 995 693 per
1023 656 1199 682 extensum
1230 646 1260 680 in
1291 645 1449 680 Boliardo
1479 654 1571 679 acto-

94 711 167 734 rum
185 723 194 739 ,
222 697 293 732 sive
318 697 404 730 intra
426 705 624 742 sequentem
653 697 801 731 diem·in
825 696 889 731 alio
907 695 1095 741 particulari
1123 696 1210 731 libro
1238 696 1277 729 ad
1298 696 1384 729 hunc
1406 693 1567 728 effectum

93 746 287 793 specialiter
305 746 479 779 retinendo
496 771 504 780 .
536 747 574 780 Et
590 746 666 791 ipsae
689 747 814 780 cedulae
841 746 1018 790 originales
1036 745 1148 780 statim
1180 753 1346 790 ponantur
1361 744 1393 778 in
1411 742 1498 778 filcia
1521 754 1580 788 pe-

95 795 214 830 culiari
250 794 443 834 retinenda,
474 806 547 840 quae
564 797 622 829 sub
641 795 726 829 clavi
754 795 989 830 custodiatur.

193 845 240 877 At
267 842 346 888 quia
375 854 521 889 persaepe
548 844 740 889 contingit,
781 845 870 889 quod
899 842 929 876 in
967 842 1200 877 Instrumentis
1234 841 1422 885 pracsertim
1453 848 1583 874 transas

93 893 245 928 ctionum
265 916 275 931 ,
304 902 378 938 quae
404 892 436 926 in
463 892 533 927 dies
560 893 811 932 conficiuntur,
843 892 1029 926 inserantur
1071 890 1245 935 scripturae
1274 890 1458 934 originales
1484 912 1494 927 ‚
1527 894 1585 922 aut

94 941 166 976 aliae
196 940 374 980 injudicio
390 942 565 986 productae
581 965 591 980 ‚
622 941 780 976 volumus
806 941 896 986 quod
921 941 970 974 ‚de
991 943 1049 974 hac
1074 939 1257 974 insertione
1295 937 1366 972 fieri
1397 938 1517 971 debeat
1531 949 1584 971 an.

95 989 225 1024 notatio
257 989 437 1035 inscriptis
466 992 498 1024 in
530 989 678 1035 margine
707 989 837 1024 illarum
871 988 1101 1033 productionis
1135 987 1166 1021 in
1201 986 1402 1025 Broliard0‚
1436 997 1476 1019 ne
1504 984 1585 1019 scri-

95 1049 203 1084 pturae
231 1048 411 1083 appareant
440 1040 620 1084 deperditae
639 1063 649 1078 ‚
678 1040 729 1073 vel
748 1037 958 1084 relinquatur
977 1048 1087 1072 earum
1121 1036 1228 1071 fidelis
1259 1035 1357 1081 copia
1384 1035 1418 1069 in
1439 1033 1539 1070 filciis
1567 1058 1578 1074 ‚

95 1100 137 1122 ex
153 1087 276 1133 quibus
292 1088 391 1122 dictae
416 1089 592 1134 scripturae
619 1088 756 1122 fuerunt
786 1095 965 1125 extractae,
997 1098 1073 1121 cum
1092 1085 1305 1120 annotatione
1334 1082 1532 1128 apponenda
1551 1082 1582 1116 in

100 1136 195 1170 calce
229 1136 331 1180 ipsius
349 1137 481 1181 copiae,
513 1150 576 1182 qua
594 1137 792 1170 enuncietur
822 1135 959 1170 insertio
990 1133 1160 1180 originalis
1187 1133 1217 1166 in
1241 1133 1493 1169 Instrumento‚
1522 1130 1582 1164 de-

97 1184 263 1230 signando
293 1184 381 1218 illius
413 1185 527 1225 diem,
560 1196 706 1220 mensem
725 1207 735 1224 ‚
762 1193 954 1223 etannum-,
990 1195 1026 1218 ac
1043 1193 1162 1217 nomen
1190 1180 1325 1216 Notarii
1346 1181 1388 1215 de
1404 1180 1497 1214 dicto
1526 1177 1582 1212 In-

94 1241 283 1268 strumento
312 1234 418 1279 rogati
437 1258 447 1268 .
1397 1247 1399 1250 ⁴

194 1282 326 1316 Curent
346 1284 447 1317 etiam
477 1282 638 1322 Notarii,
679 1292 718 1317 ut
743 1277 868 1323 jurium
891 1282 1132 1328 productiones
1161 1305 1171 1320 ,
1208 1280 1466 1323 protestationes
1497 1302 1507 1318 ,
1547 1283 1582 1311 et

95 1330 158 1365 alia
170 1338 242 1364 acta
256 1332 414 1374 expedite
454 1333 533 1367 fiant
563 1332 593 1366 in
610 1343 729 1367 eorum
761 1331 892 1367 Officiis
913 1357 922 1372 ‚
961 1342 1021 1376 pro
1041 1332 1155 1371 majori
1187 1328 1377 1364 Curialium
1397 1352 1408 1369 ,
1443 1336 1475 1361 et
1492 1325 1579 1362 Liti-

95 1379 244 1424 gantium
274 1381 538 1420 commoditate,
563 1383 724 1426 quodque
751 1392 869 1416 omnes
897 1379 1078 1415 Substituti
1096 1404 1105 1419 ,
1138 1379 1340 1418 acJuvenes
1369 1380 1408 1411 ad
1429 1376 1580 1410 scriben-

94 1428 176 1461 dum
197 1427 371 1471 requisiti,
401 1429 593 1462 indistincte
613 1430 726 1463 eadem
744 1438 818 1463 acta
832 1430 975 1462 scribant
995 1429 1024 1461 in
1041 1427 1224 1463 Broliardis
1240 1449 1250 1465 ‚
1280 1427 1352 1459 sive
1369 1424 1465 1459 libris
1482 1431 1576 1459 acto-

96 1487 168 1510 rum
188 1499 198 1514 ,
230 1476 416 1510 dummodo
439 1488 505 1511 non
521 1477 647 1511 fuerint
678 1478 707 1511 in
724 1477 795 1512 aliis
813 1477 958 1522 negotiis
976 1475 1090 1510 Officii
1120 1484 1199 1509 tunc
1217 1474 1379 1519 temporis
1397 1472 1580 1518 impediti.

194 1524 372 1568 Nequeant
385 1525 545 1564 Notaui,
573 1537 760 1572 eorumque
793 1526 939 1566 juvenes
959 1548 969 1564 ‚
1003 1533 1037 1559 et
1067 1523 1247 1558 Substituti
1278 1524 1427 1559 scribere
1456 1532 1579 1566 quem-

96 1584 196 1618 quam
214 1572 434 1617 Principalem
453 1574 484 1608 in
500 1574 580 1608 actis
598 1599 609 1614 ,
638 1575 688 1609 uti
708 1575 881 1609 instantem
901 1599 910 1613 ,
936 1575 1179 1619 producentem
1195 1595 1204 1610 ‚
1241 1580 1299 1605 aut
1317 1578 1579 1616 protestantem,

96 1633 151 1656 seu
167 1621 426 1666 quomodolibet
451 1632 699 1666 comparentem
715 1647 725 1662 ‚
755 1623 816 1657 nisi
836 1625 861 1657 is
875 1633 1111 1667 tuncpraesens
1128 1620 1258 1660 fuerit3
1290 1632 1351 1654 nec
1372 1619 1579 1663 suffragetur

94 1673 287 1704 mandatum
304 1672 457 1715 generale
490 1672 635 1706 Notario
661 1672 775 1706 datum
791 1684 807 1705 a
821 1673 939 1717 quavis
967 1682 1109 1714 persona
1125 1694 1134 1708 ‚
1177 1678 1212 1704 ut
1229 1669 1335 1715 possit
1359 1669 1433 1707 ejus
1451 1677 1573 1700 nomen

95 1719 128 1753 in
145 1718 252 1753 causis
269 1743 278 1758 ,
312 1718 362 1754 vel
379 1722 459 1755 actis
488 1732 636 1764 ponere,
666 1721 844 1766 minusque
871 1719 1014 1757 sufficiat
1045 1719 1235 1764 exprimere
1267 1728 1387 1753 nomen
1408 1717 1574 1750 Procura-

94 1767 175 1801 toris
206 1766 238 1800 in
255 1768 555 1812 comparitionibus
570 1793 579 1808 ,
610 1769 889 1812 productionibus
906 1794 916 1808 ‚
944 1768 1216 1812 expeditionibus
1233 1791 1241 1805 ‚
1274 1775 1308 1800 et
1323 1764 1543 1800 citationibus
1567 1786 1578 1802 ‚

95 1816 237 1860 anisque
265 1817 416 1856 actibus,
450 1818 511 1852 nisi
532 1817 604 1851 talis
623 1817 825 1851 Procurator
850 1818 942 1851 sitin
959 1817 1066 1850 Curia
1102 1824 1201 1849 notus
1219 1838 1229 1854 ,
1262 1816 1302 1849 ad
1330 1816 1394 1848 hoc
1422 1822 1459 1848 ut
1476 1812 1576 1848 citari

93 1864 223 1912 possit,
250 1866 303 1900 vel
323 1867 437 1900 saltem
462 1866 563 1911 eligat
588 1865 798 1900 domicilium
815 1866 871 1900 ubi
889 1864 985 1900 citari
1011 1863 1092 1898 velit
1112 1888 1123 1898 .

194 1915 438 1949 Productiones
465 1915 706 1959 scripturarum
724 1939 733 1955 ,
768 1915 968 1955 etjurium,
996 1925 1123 1949 necnon
1140 1911 1399 1959 protestationes
1428 1910 1577 1946 scriban-

94 1971 153 1996 tur
182 1964 444 1999 contextualiter
470 1964 501 1998 in
518 1962 694 1998 Broliardo
720 1964 780 1998 sub
797 1967 912 1999 eadem
946 1963 1000 1997 die
1022 1987 1031 2003 ‚
1062 1974 1124 1997 nec
1146 1961 1355 2006 recipiantur
1370 1962 1401 1994 in
1418 1958 1506 1994 foliis
1521 1970 1580 1994 vo·

46 2017 51 2018 ⁷
95 2011 269 2052 lantibus3
299 2022 332 2047 et
354 2022 516 2059 quatenus
530 2015 574 2047 ob
589 2025 700 2048 earum
721 2012 950 2058 prolixitatem
973 2011 1180 2057 recipiantur
1195 2010 1225 2044 in
1242 2009 1434 2050 hujusmodi
1457 2007 1550 2042 foliis
1570 2031 1580 2047 ‚

97 2059 254 2094 volumus
273 2069 308 2094 ut
328 2064 396 2097 haec
411 2062 560 2107 receptio
576 2063 687 2096 statim
718 2071 898 2097 annotetur
915 2062 946 2096 in
964 2062 1037 2107 ipso
1063 2060 1246 2095 'Broliardo
1262 2084 1272 2099 ‚
1302 2068 1332 2093 et
1351 2058 1470 2093 deinde
1486 2056 1517 2090 in
1536 2057 1584 2101 ip-

98 2121 133 2143 sa
150 2110 205 2153 die
229 2108 256 2143 si
269 2109 341 2144 fieri
358 2112 482 2155 poterit
499 2134 510 2150 ,
535 2111 588 2143 vel
608 2121 668 2154 per
682 2118 784 2143 totam
806 2110 895 2145 diem
914 2118 1111 2156 sequentem
1130 2133 1141 2150 ,
1170 2118 1202 2143 et
1219 2119 1282 2142 non
1300 2107 1386 2143 ultra
1406 2106 1585 2152 registren·

100 2166 155 2192 tur
170 2169 230 2203 per
245 2168 418 2194 extensum
434 2159 468 2193 in
485 2161 605 2193 eodem
632 2156 809 2191 Broliardo
824 2182 833 2192 .
1072 2171 1075 2174 ·

195 2209 443 2254 Attergationes
470 2218 578 2243 autem
594 2232 604 2246 ,
640 2218 712 2251 quae
726 2210 766 2240 de
783 2207 874 2253 stylo
902 2206 978 2242 >fieri
1001 2206 1108 2240 solent
1141 2206 1174 2240 in
1191 2204 1392 2250 scripturis,
1423 2215 1496 2251 quae
1511 2214 1588 2248 pro-

101 2256 267 2290 ducuntur
294 2257 328 2290 in
342 2255 422 2292 actis
437 2279 447 2295 ‚
475 2267 596 2300 nempe
611 2264 670 2302 pro
687 2257 741 2298 ‘N-
762 2263 874 2298 cpntra
896 2258 949 2299 N.
966 2255 1106 2289 omnino
1121 2256 1199 2289 fiant
1218 2279 1228 2293 ‚
1256 2263 1289 2289 et
1302 2255 1492 2289 scribantur
1506 2263 1583 2295 pro-

103 2303 176 2348 pria
207 2314 329 2345 manu,
357 2316 390 2341 et
405 2307 600 2340 charactere
627 2301 715 2337 illius
730 2302 909 2338 Substituti
927 2327 936 2342 ‚
968 2302 1176 2343 velluvenis
1205 2327 1215 2342 ‚
1259 2301 1317 2347 qui
1344 2300 1581 2347 productiones

103 2351 249 2397 recipit,
275 2353 412 2401 illasque
443 2355 473 2390 in
490 2353 663 2388 Broliardo
690 2351 830 2391 scribit3
861 2363 920 2386 nec
938 2351 1146 2395 recipiantur
1176 2350 1204 2384 si
1221 2351 1318 2386 factae
1343 2349 1496 2390 fuerint,
1527 2356 1585 2383 aut

101 2401 232 2446 scriptae
257 2414 276 2436 a
291 2403 486 2439 Curialibus
504 2428 513 2444 ‚
545 2403 595 2437 vel
614 2403 653 2437 ab
669 2400 742 2435 aliis
757 2425 768 2440 ,
802 2410 1019 2447 praeterquam
1048 2412 1067 2433 a
1092 2398 1190 2433 dictis
1206 2399 1404 2433 Substitutis
1421 2423 1431 2438 ‚
1458 2409 1514 2432 au:
1528 2398 1586 2438 Ju-

100 2451 241 2486 venibus
267 2450 500 2496 recipientibus
530 2451 768 2498 productiones
789 2473 799 2490 ,
829 2462 868 2484 ne
884 2461 1029 2496 unquam
1050 2448 1195 2482 dubitari
1225 2449 1330 2492 possit
1346 2449 1388 2482 de
1405 2447 1583 2482 identitate

118 2499 277 2542 cripturae
310 2500 482 2546 productae
497 2526 507 2540 ,
537 2511 570 2536 et
586 2500 703 2535 deinde
730 2500 990 2534 accommodatae
1005 2521 1016 2537 ‚
1045 2498 1104 2531 sub
1122 2508 1218 2542 poena
1249 2497 1281 2531 in
1295 2509 1371 2532 casu
1388 2507 1586 2532 contravena

104 2550 195 2588 sonis
229 2549 651 2595 omnimodaeprivationis
670 2574 680 2589 ‚
713 2558 744 2583 et
766 2556 940 2594 perpetuae
971 2541 1249 2582 inhabilitationis
1263 2546 1424 2594 {ipsorum
1455 2545 1585 2582 Substi-

1075 2608 1096 2642 g
1124 2607 1141 2629 2
1537 2604 1588 2630 tu-
