1993 3195
656 375 694 418 C
726 379 767 418 Α
787 379 828 417 Ῥ
857 377 900 418 U
928 376 968 417 T
1026 382 1104 423 IV.
1552 403 1576 430 2

166 453 255 482 rum
274 438 402 494 spatio
421 450 459 478 se
475 435 755 485 exercuerint3
777 434 829 475 ad
850 450 931 477 rem
952 439 1133 495 profecto
1152 439 1251 482 facit
1269 444 1474 486 sententia
1497 400 1643 502 praed?-

164 497 216 539 cti
245 497 306 537 De
341 497 446 539 Luca
465 526 478 544 ‚
511 495 736 552 saepissime
778 491 822 535 in
871 510 946 536 suo
974 511 1091 553 opere
1126 500 1288 554 repetita
1311 530 1323 548 ,
1364 502 1467 543 nihil
1496 519 1639 563 nempe

164 556 306 597 referre
326 588 338 605 ‚
375 557 548 612 aiiquern
568 554 609 596 in
630 556 824 596 abstracto
857 554 904 595 de
922 557 1199 599 controversia
1219 559 1358 613 aliqua
1389 560 1504 615 juxta
1539 563 1639 620 juris

165 615 320 673 regulas
340 617 519 674 apprime
539 614 727 656 disserere
741 646 752 664 2
784 613 858 654 nisi
880 612 940 655 illa
961 618 1123 659 accedat
1152 618 1292 673 peritia
1311 622 1415 664 recte
1436 621 1476 662 in
1496 621 1640 666 Causa

165 676 393 716 occurrenti
420 674 723 731 pronunciandi
744 705 754 713 .

283 735 375 775 Ana
398 747 436 776 et
451 732 624 792 suppetit
642 733 743 776 ratio
759 763 771 782 ,
792 745 874 787 qua
892 734 1128 791 Signaturae
1147 739 1345 782 Votantes
1364 754 1448 782 non
1466 742 1638 785 omnino

166 793 426 840 Resrricrui,a
446 794 560 835 dictis
575 792 1240 845 Juvenibus-confecto,adhaerere
1262 799 1449 850 debeant3
1462 815 1556 843 nam
1572 815 1636 844 ex-

166 852 306 909 piorati
326 851 425 903 juris
442 867 518 901 est,
535 866 622 893 eam
640 866 720 894 esse
740 852 881 894 mentis
899 852 1104 895 humanae
1123 857 1299 899 indolem
1317 889 1329 906 ,
1342 857 1572 906 utfacilius,
1590 875 1636 903 ac

165 910 352 953 vividiori
373 913 515 970 spiritu
533 911 580 953 de
600 913 717 954 rebus
730 911 800 953 illis
819 912 989 969 quisque
1008 914 1193 969 loquatur
1211 946 1222 963 ‚
1241 932 1343 972 quas
1365 918 1526 976 ipsemet
1543 933 1637 976 per-

165 969 388 1017 fecit31itaut
407 972 436 1014 si
458 970 678 1028 aliquando
696 970 904 1028 contingat
923 971 1043 1013 alicui
1060 975 1283 1017 orationem
1302 979 1524 1029 quamdam
1542 993 1562 1019 a
1582 993 1636 1021 se-

168 1027 254 1085 ipso
276 1045 358 1071 non
377 1045 580 1074 exaratam
599 1030 898 1086 recitare,opus
915 1029 1095 1087 profecto
1116 1034 1273 1075 difficile
1291 1033 1422 1076 eidem
1442 1038 1637 1087 redditur,

169 1102 243 1130 nec
256 1091 450 1132 orationis
467 1091 594 1133 elucet
617 1102 808 1133 venustas
826 1119 835 1128 .
876 1090 1027 1131 Idcirco
1046 1091 1144 1132 dum
1169 1092 1311 1148 aliquis
1347 1108 1394 1136 ex
1429 1095 1605 1151 Collegis
1619 1124 1635 1144 ‚

168 1160 216 1189 ut
240 1151 372 1192 evenit
385 1164 567 1207 persaepe
585 1149 627 1190 in
649 1148 941 1190 Tribunalibus
959 1148 1190 1207 Collegiatis
1208 1180 1220 1197 ‚
1238 1152 1359 1194 alium
1391 1153 1431 1194 in
1451 1170 1526 1196 suo
1542 1167 1638 1198 voto

169 1206 370 1249 deflectere
389 1207 779 1263 conetunpraecipiti
798 1220 895 1248 tunc
916 1206 1034 1248 ferme
1052 1210 1222 1250 consilio
1241 1211 1291 1249 illi
1310 1211 1524 1253 adhaerere
1544 1228 1639 1255 con⁴

168 1265 293 1314 venit,
313 1280 360 1306 ex
382 1281 429 1307 eo
458 1267 572 1321 quod
589 1265 747 1305 infirma
765 1279 839 1305 sua
859 1293 871 1310 ‚
891 1277 927 1306 et
959 1279 978 1304 e
996 1281 1136 1308 contra
1172 1267 1370 1318 vaiidiora
1391 1268 1494 1312 illius
1516 1285 1639 1328 argu-

168 1337 302 1365 menta
322 1325 398 1366 sibi
415 1323 772 1381 appareant3imm<¹2
790 1324 1025 1380 opponendi
1045 1324 1205 1382 spiritus
1223 1328 1528 1382 quodammodo
1547 1329 1639 1372 defi-

171 1381 225 1423 cit
252 1398 300 1424 ex
323 1384 479 1425 defectu
507 1382 779 1440 cognitionis,
814 1396 882 1438 per
903 1382 1115 1438 ipsummet
1146 1384 1258 1426 haud
1292 1385 1492 1431 institutae
1509 1420 1523 1438 ‚
1552 1400 1639 1431 tam

172 1441 474 1497 Scripturarum
491 1473 504 1491 ‚
523 1457 647 1495 quarn
666 1440 988 1483 Summanos-um
1004 1474 1017 1493 ‚
1046 1442 1255 1486 hincinde
1278 1444 1543 1504 Litigantium
1562 1449 1641 1489 De·

171 1498 399 1543 fensoribus
420 1500 690 1544 exhibitorum
709 1530 720 1540 .

232 1562 282 1602 Et
304 1563 355 1602 ne
380 1561 471 1617 quis
485 1562 582 1604 haec
603 1563 708 1603 dicta
729 1572 840 1602 extra
860 1562 1112 1618 propositum
1130 1578 1209 1606 esse
1227 1579 1409 1617 censeat,
1424 1568 1639 1621 adnotare5

173 1619 238 1661 hic
258 1623 602 1676 praetereundum
635 1635 718 1663 non
737 1634 791 1663 est
810 1649 822 1668 ‚
848 1622 1013 1663 nomine
1050 1622 1347 1668 informationis
1363 1655 1377 1676 ,
1395 1628 1523 1684 dequa
1542 1644 1638 1684 age-

173 1693 214 1720 re
232 1682 517 1738 proposuimus
530 1714 542 1731 ,
575 1682 710 1724 venire
728 1681 845 1723 etiam
865 1681 1110 1738 colloquium
1132 1684 1229 1725 illud
1246 1716 1260 1734 ,
1276 1687 1390 1741 quod
1413 1687 1432 1727 a
1451 1689 1638 1744 Signatu-

171 1751 237 1779 rae
261 1740 507 1783 vorantibus
524 1740 607 1782 fieri
624 1739 763 1782 assolet
790 1740 832 1780 in
853 1740 916 1782 die
930 1757 1185 1799 congressus,
1201 1759 1271 1785 seu
1287 1745 1426 1800 ple-nae
1443 1746 1635 1802 Signatu-

173 1811 240 1838 rae
256 1813 269 1846 3
284 1813 492 1857 propterea
513 1801 617 1842 idern
633 1801 696 1842 De
714 1803 834 1849 Luca,
852 1801 950 1842 dum
972 1803 1019 1842 de
1038 1801 1148 1858 legali
1166 1803 1253 1845 stilo
1274 1803 1471 1854 disseruit,
1485 1807 1534 1846 de
1555 1820 1635 1846 mo-

175 1855 229 1895 do
249 1859 368 1898 etiarn
387 1859 632 1899 informandi
652 1890 664 1907 ,
685 1861 757 1910 qui
777 1874 961 1901 servatur
978 1876 998 1900 a
1017 1862 1195 1903 ponente
1208 1893 1220 1910 ‚
1238 1862 1403 1917 aliisque
1420 1864 1633 1910 judicibus

171 1912 510 1957 inTribunalibus
528 1916 879 1972 collegiatis,verba
898 1918 1056 1958 fecitEt
1075 1919 1126 1958 ne
1145 1934 1308 1975 quoque
1326 1923 1461 1963 credat
1477 1923 1638 1978 aliquis,

171 1986 246 2014 nos
266 1973 364 2030 leges
381 1975 643 2030 praescribere
662 1974 766 2016 hisce
786 1975 928 2016 nostris
954 1976 1240 2033 pertunctoriis
1269 1978 1638 2024 animadversioni-

174 2031 252 2072 bus
268 2033 440 2074 voluisse
459 2033 697 2090 amplissimo
719 2034 958 2076 Votantium
974 2036 1105 2077 coetui
1126 2065 1138 2083 ,
1171 2037 1271 2091 qui,
1291 2051 1335 2078 ut
1352 2039 1541 2089 diximus,
1557 2041 1633 2082 hac

172 2102 306 2132 nostra
327 2093 554 2148 praesertim
572 2105 796 2150 tempestate
817 2093 1092 2149 sapientissimi
1110 2109 1238 2150 aeque
1260 2124 1272 2143 ,
1305 2110 1350 2139 ac
1369 2099 1635 2155 prudentissi-

174 2149 227 2190 mi
249 2150 290 2190 in
311 2150 468 2205 judiciis
485 2151 660 2193 ferendis
679 2152 830 2206 ubique
850 2153 1163 2208 praedicantur,
1195 2155 1287 2197 data
1319 2171 1437 2214 opera
1460 2157 1523 2199 hic
1535 2159 1637 2200 fate-

174 2224 288 2256 mur,
323 2225 381 2252 res
402 2210 484 2252 illas
501 2211 553 2251 ad
569 2223 660 2251 eum
676 2211 888 2251 dumtaxat
916 2212 1038 2251 finem
1067 2212 1260 2254 indicasse
1279 2245 1292 2262 ,
1327 2228 1371 2258 ut
1403 2216 1551 2259 tirones
1570 2217 1636 2258 in-

177 2268 356 2325 telligant
375 2299 388 2318 ,
407 2270 522 2311 talem
539 2284 617 2312 esse
633 2269 793 2319 stilum,
825 2269 897 2324 qui
928 2285 949 2311 a
971 2269 1085 2312 dictis
1103 2271 1354 2315 Votantibus
1374 2275 1416 2316 in
1435 2274 1633 2332 suffragiis

176 2324 346 2371 ferendis
377 2330 637 2378 observatur;
673 2329 818 2375 immb,
852 2343 897 2370 ut
926 2330 1088 2372 caeteris
1115 2330 1369 2384 innotescat,
1403 2350 1486 2376 non
1520 2351 1540 2377 a
1558 2335 1635 2387 Ju-

179 2400 328 2428 venum
343 2390 542 2431 Restrictu
571 2387 743 2445 pendere
759 2388 951 2429 vorantis
983 2389 1218 2446 Signaturae
1243 2390 1507 2451 suffragium;
1537 2408 1633 2436 nam

178 2457 217 2486 et
232 2460 304 2500 ego
319 2461 504 2504 expertus
522 2463 568 2490 ex
589 2462 636 2489 eo
654 2448 799 2502 loquor
815 2477 828 2495 ,
861 2446 976 2502 quod
993 2449 1211 2490 nonnullos
1235 2451 1256 2491 ἐ
1275 2451 1389 2494 dictis
1404 2452 1632 2500 juvenibus

181 2503 319 2546 audivi
338 2536 350 2554 ,
381 2507 520 2549 sciolos
538 2521 686 2557 tamen,
704 2505 917 2561 inanisque
937 2506 1121 2563 gloriolae
1139 2510 1362 2565 captandae
1388 2511 1524 2553 studio
1558 2511 1633 2553 ad-

181 2562 307 2607 dictos
327 2593 340 2612 ‚
373 2565 522 2609 Clienti
537 2597 552 2618 ,
582 2566 718 2625 ejusve
737 2566 991 2610 Procuratori
1009 2566 1142 2624 palam
1159 2567 1331 2620 dixisse,
1351 2569 1568 2616 favorabile
1589 2571 1632 2612 in

1154 2627 1169 2667 1
1200 2626 1213 2668 i
1565 2643 1640 2674 tua
