1952 3167
388 305 452 330 122
711 296 772 331 DE
799 296 911 338 JURE
941 295 1226 332 SIGNATURAE
1251 298 1460 339 JUSTITIAE

390 344 420 378 in
447 342 720 389 quibuscumque
751 346 936 381 Causarum
967 347 1299 387 Commissionibus,
1331 360 1410 392 quas
1439 348 1659 392 imposterum
1681 356 1756 393 post
1787 360 1868 392 prae-

386 392 530 427 sentium
559 393 817 438 publicationem
851 395 1003 441 expediri
1033 396 1228 442 continget,
1255 397 1396 431 omnino
1415 398 1536 432 servari
1561 397 1741 438 volumus,
1767 400 1866 437 etiu-

385 442 504 476 bemus
523 466 532 476 .
559 443 641 488 Quo
659 446 741 478 vero
763 447 802 478 ad
818 444 1086 479 Commissiones
1102 470 1112 484 ,
1129 457 1202 489 qua:
1220 448 1283 483 jam
1302 458 1386 479 nunc
1403 446 1566 488 expeditae
1582 445 1662 479 etin
1681 447 1793 491 Capsa
1807 459 1865 491 po·

387 490 459 524 sitre
474 514 485 531 ,
501 490 603 537 vulgo
630 494 790 527 incassate
805 518 814 532 ,
830 495 1042 537 reperiuntur
1059 516 1069 530 ,
1083 493 1291 526 declaramus
1310 493 1492 536 praemissas
1508 494 1647 527 Nostras
1669 494 1754 539 leges
1769 504 1803 530 et
1815 508 1866 530 ora

386 537 577 575 dinationes
608 541 719 576 locum
739 546 911 576 dumtaxat
927 542 1046 574 habere
1064 563 1073 577 ‚
1103 542 1266 584 quatenus
1296 540 1324 573 in
1346 540 1490 584 ipsarum
1509 540 1794 577 Commissionum
1816 556 1865 580 se-

385 589 519 632 quelam
541 593 688 624 nondum
708 599 929 634 transportata
948 588 1012 622 sint
1028 597 1100 622 acta
1119 612 1129 627 ,
1144 598 1177 622 et
1194 589 1394 632 reproducta
1414 590 1526 624 citatio
1546 592 1588 624 ad
1609 591 1778 625 dicendum
1794 603 1867 628 con-

388 645 440 671 tra
461 639 539 678 jura
567 650 680 673 coram
699 639 820 678 judice
837 661 847 677 ,
875 637 927 672 cui
948 636 1074 671 directa
1091 648 1139 671 cst
1167 637 1406 678 Commissi03
1436 638 1540 684 Quod
1567 638 1592 674 si
1622 649 1693 674 acta
1720 641 1782 679 iam
1803 641 1866 675 sint

387 693 605 729 transportata
619 711 628 722 ,
647 696 676 721 et
695 686 813 720 citatio
844 687 1034 726 hujusmodi
1064 697 1174 724 cosam
1193 688 1328 732 praefato
1345 687 1461 723 Iudice
1480 689 1544 727 jam
1566 692 1767 731 reproducta
1795 689 1866 723 fue-

384 734 450 774 rit,
479 735 635 770 volumus
668 735 771 780 ipsam
801 737 991 780 respective
1012 735 1297 770 Commi>sionen1
1312 761 1322 776 ,
1340 737 1418 772 licet
1439 747 1554 772 contra
1569 742 1780 773 decretorum
1796 738 1867 772 No-

383 792 530 818 strorum
551 785 693 819 formam
711 786 867 829 expedita
884 795 1057 828 appareat,
1074 786 1199 819 firmam
1218 797 1402 825 remanere,
1419 798 1522 831 usque
1539 790 1576 821 ad
1596 786 1682 822 illius
1699 785 1863 822 instantiae

383 833 731 873 consummationem3
750 846 813 868 non
831 842 936 868 tamen
955 833 1040 868 ultra
1056 846 1066 875 ;
1083 833 1165 869 itaut
1185 835 1215 868 in
1232 837 1329 869 altera
1347 835 1497 870 ulteriori
1520 835 1673 870 instantia
1693 835 1862 880 praesentis

380 879 513 916 Nostrae
533 883 760 916 constitut-01«
770 883 794 916 is
825 883 1056 927 praescriptum
1078 883 1218 918 omnino
1233 885 1354 918 servari
1372 886 1515 925 debeat,
1539 895 1571 919 et
1591 884 1790 929 adimpleri.

480 929 652 965 Caeteruin
672 942 789 965 omnes
816 941 847 964 et
865 943 1094 977 quascumque
1119 932 1385 968 Commissiones
1403 957 1413 972 ‚
1448 946 1529 979 quas
1544 935 1701 975 deinceps
1722 943 1779 967 aut
1798 933 1865 967 Ro-

382 984 447 1016 tae,
473 985 529 1012 aut
558 978 729 1019 praelatis,
759 989 874 1015 contra
903 981 1070 1021 formam,
1088 990 1120 1015 et
1150 984 1379 1027 praescriptum
1403 986 1596 1018 earumdem
1622 981 1836 1029 praesentium
1857 1005 1867 1022 ‚

380 1025 573 1069 respective
603 1027 705 1074 dirigi
735 1029 933 1074 contingat,
964 1029 1093 1070 nullas,
1122 1030 1253 1071 irritas,
1285 1041 1318 1065 et
1348 1034 1483 1071 inanes,
1506 1031 1699 1078 nulliusque
1731 1031 1863 1066 roboris

379 1073 435 1109 vel
469 1076 632 1111 momenti
647 1077 720 1112 fore
735 1101 745 1117 ,
778 1077 969 1124 nullamque
986 1079 1254 1118 iurisdictionem
1273 1080 1381 1116 eidem
1405 1082 1499 1116 Rotae
1514 1106 1525 1121 ,
1546 1092 1600 1116 aut
1618 1080 1765 1116 Praelatis
1781 1091 1866 1124 prae-

378 1122 480 1159 dictis
496 1126 647 1161 tribuere
663 1139 759 1172 posse
775 1151 785 1167 ,
803 1130 915 1162 harum
931 1128 1018 1163 sc-rie
1047 1129 1262 1164 decernimus
1279 1140 1310 1164 et
1331 1131 1540 1165 declaramus
1555 1144 1565 1171 ;
1582 1131 1640 1165 nisi
1657 1131 1742 1164 forte
1756 1132 1868 1175 signa-

376 1181 416 1207 ἴτε
433 1171 558 1210 fuerint
575 1188 671 1212 manu
690 1187 799 1211 nostra
813 1202 823 1216 ,
840 1186 899 1211 aut
928 1178 1168 1213 successorum
1200 1189 1390 1214 nostrorum
1406 1205 1418 1220 ,
1436 1181 1556 1225 quibus
1584 1191 1715 1221 semper
1735 1180 1864 1224 integra

376 1221 466 1263 erit,
482 1221 651 1270 plenaque
667 1250 676 1265 ‚
692 1236 725 1261 et
757 1226 861 1262 libera
891 1235 1036 1271 potestas
1057 1228 1293 1262 committendi
1323 1241 1550 1274 quascumque
1578 1231 1728 1266 Causas,
1753 1229 1867 1266 cuius·

377 1281 525 1318 cumque
542 1283 669 1310 naturae
682 1299 692 1314 ,
707 1275 874 1319 qualitatis
892 1300 903 1315 ‚
928 1286 961 1310 et
977 1276 1099 1311 valoris
1113 1278 1280 1317 existant,
1308 1277 1360 1312 vel
1377 1277 1558 1321 saepedicto
1574 1276 1733 1312 Auditori
1752 1276 1866 1315 Rotae,

378 1320 431 1355 vel
459 1321 560 1356 alicui
579 1324 848 1371 Congregationi
873 1325 1092 1370 particulari,
1110 1327 1161 1360 vel
1185 1327 1215 1360 S.
1237 1327 1279 1360 R.
1296 1327 1332 1360 E.
1349 1326 1589 1361 Cardinalibus
1603 1351 1612 1366 ,
1629 1338 1686 1361 seu
1707 1327 1865 1360 Romana:

377 1367 496 1405 Curiae
516 1371 662 1407 Praelatis
680 1384 756 1412 ,aut
770 1373 825 1408 alii
840 1374 1045 1419 cuicumque
1058 1399 1066 1413 ‚
1087 1375 1184 1409 etiam
1201 1374 1349 1418 simplici
1366 1375 1524 1414 Doctori‚
1541 1387 1644 1421 prout
1663 1376 1791 1413 Nobis,
1807 1380 1864 1407 aut

373 1416 499 1454 eisdem
519 1420 776 1457 successoribus
793 1423 914 1458 nostris
929 1447 939 1463 ‚
958 1424 1061 1469 magis
1076 1424 1290 1459 visumfuerit
1317 1425 1499 1460 salubriter
1514 1424 1671 1468 expedire
1686 1448 1695 1457 .

477 1469 530 1501 Ad
564 1470 633 1503 haec
660 1468 819 1504 celeriori
852 1472 1043 1505 Causarum
1065 1472 1096 1504 in
1112 1473 1250 1513 praefato
1272 1473 1454 1508 Auditorio
1473 1474 1568 1506 Rotae
1582 1470 1787 1505 vertentium
1806 1481 1865 1504 ex-

373 1514 571 1558 peditioni,
600 1529 697 1561 quae,
727 1528 868 1563 propter
897 1517 997 1553 facile
1032 1519 1284 1564 contingentem
1315 1521 1346 1554 in
1370 1521 1438 1562 pari
1469 1518 1691 1558 iudicantium
1724 1527 1862 1551 numero

372 1561 612 1607 suffragiorum
627 1565 908 1609 aequalitatem,ali
920 1568 1046 1610 guando
1062 1567 1159 1603 nimis
1173 1569 1230 1603 diu
1246 1569 1398 1611 protrahi
1415 1578 1446 1600 et
1461 1566 1621 1600 retardari
1639 1567 1862 1612 dignoscitur,

373 1622 434 1656 per
448 1611 584 1647 Nostrae
601 1613 812 1648 auctoritatis
841 1623 872 1648 et
887 1614 1106 1660 providentias
1132 1616 1280 1650 remedia
1301 1615 1496 1660 prospicere
1522 1615 1675 1650 volentes
1699 1628 1708 1656 ;
1736 1615 1864 1649 eisdem

373 1669 469 1694 motu
487 1684 498 1701 ‚
518 1661 684 1703 scientia,
715 1675 752 1698 ac
778 1672 918 1702 tenore,
944 1664 1122 1698 statuimus
1141 1673 1175 1698 et
1202 1666 1420 1703 mandamus,
1445 1674 1482 1699 ut
1509 1687 1519 1703 ‚
1547 1666 1643 1699 firmo
1672 1671 1865 1698 remanente

371 1708 451 1745 stilo
471 1734 481 1747 ‚
512 1722 573 1746 seu
601 1712 846 1747 consuetudine
860 1736 870 1752 ‚
898 1713 1113 1758 proponendi
1131 1725 1195 1758 pro
1213 1717 1320 1758 prima
1335 1714 1409 1748 vice
1423 1726 1540 1748 omnes
1557 1725 1670 1749 causas
1696 1713 1728 1748 in
1748 1714 1864 1747 Turno

367 1757 549 1795 *ordinario
573 1785 584 1800 ,
614 1761 646 1796 in
675 1773 748 1807 quo
774 1770 921 1808 quatuor
949 1762 1125 1797 causarum
1159 1762 1354 1802 hujusmodi
1381 1763 1562 1798 Auditores
1590 1763 1785 1809 suffragium
1819 1761 1867 1796 fe·

371 1817 468 1849 rant,
497 1808 524 1844 si
553 1818 663 1845 tamen
692 1810 942 1856 imposterum,
961 1811 994 1845 in
1012 1811 1119 1857 prima
1146 1824 1204 1846 seu
1232 1812 1386 1846 ulteriori
1405 1811 1547 1852 alicujus
1564 1813 1681 1847 Causae
1710 1810 1863 1856 proposi.

374 1856 466 1892 tione
482 1882 494 1898 ,
519 1868 660 1904 propter
685 1860 881 1906 praedictam
905 1861 1143 1907 suffragiorum
1170 1860 1394 1906 aequalitatem
1412 1885 1422 1901 ‚
1440 1862 1586 1897 decisiva
1606 1860 1767 1896 resolutio
1785 1870 1863 1902 pro-

372 1905 444 1941 dire
471 1918 637 1953 nequeat,
654 1921 718 1944 non
746 1909 890 1956 amplius
916 1910 1111 1949 hujusmodi
1142 1923 1239 1946 causa
1267 1923 1342 1945 cum
1374 1910 1490 1946 iisdem
1521 1921 1668 1958 quitum·
1693 1907 1862 1954 suffragiis

371 1966 648 2001 reproponatur3
679 1958 764 1995 itaut
785 1984 796 2000 ,
823 1959 1007 2005 coaequatis
1035 1960 1143 1995 forsan
1174 1959 1299 1995 iterum
1332 1960 1495 2005 suffragiis
1523 1985 1531 2000 2
1572 1959 1712 1995 rescribi
1739 1958 1862 1994 deinde

363 2015 553 2048 oporteat,
584 2017 623 2043 ut
649 2009 809 2044 hactenus
835 2009 1036 2055 rescriptum
1055 2009 1122 2045 fuit
1139 2024 1147 2043 ;
1163 2010 1304 2044 Videant
1328 2011 1464 2057 quintus
1491 2019 1523 2044 et
1547 2018 1686 2049 sextus;
1714 2009 1769 2043 sed
1796 2011 1861 2037 sta-

370 2052 430 2088 tim
459 2055 500 2089 ab
531 2055 601 2101 ipsa
626 2056 732 2103 prima
760 2059 838 2094 vice
869 2058 1010 2094 rescribi
1043 2058 1368 2094 volumus=1terum
1395 2067 1602 2107 proponatur
1624 2081 1635 2097 ,
1664 2065 1698 2090 et
1721 2054 1860 2089 videant

367 2105 499 2147 quintus
519 2129 530 2145 ,
558 2115 674 2143 sextus
690 2132 702 2148 ,
735 2116 768 2142 et
790 2110 972 2156 septimus,
996 2109 1036 2143 ad
1055 2110 1120 2143 hoc
1137 2108 1296 2143 nimirum
1311 2132 1322 2146 ‚
1348 2117 1386 2141 ut
1412 2108 1442 2140 in
1470 2107 1572 2139 altera
1594 2107 1714 2138 Causa:
1735 2111 1860 2157 propo·

365 2149 491 2184 sitione
522 2155 664 2189 omnino
687 2158 836 2198 prodeat
864 2157 958 2191 illius
975 2157 1160 2193 resoluti03
1176 2158 1405 2187 Decernentes
1430 2153 1536 2195 ipsam
1559 2150 1756 2191 hujusmodi
1782 2160 1859 2184 cau-

367 2207 436 2232 sam
452 2210 590 2243 semper
610 2202 770 2248 deinceps
785 2214 866 2237 cum
891 2203 1038 2246 quinto,
1071 2209 1168 2237 sexto
1182 2224 1194 2240 ‚
1220 2209 1255 2235 et
1282 2200 1429 2246 septimo
1446 2224 1458 2240 ,
1485 2211 1591 2246 usque
1612 2199 1653 2233 ad
1667 2208 1855 2235 extremam

365 2244 454 2281 illius
483 2247 740 2286 definitionem,
769 2261 946 2285 remanere
969 2273 980 2283 .

468 2295 559 2340 Quia
587 2297 670 2330 vero
697 2297 868 2332 interdum
902 2297 1041 2336 evenit,
1071 2305 1109 2331 ut
1139 2296 1312 2332 Romanus
1343 2297 1504 2334 Pontifex
1528 2299 1674 2343 aliquam
1708 2298 1858 2332 Causam

365 2342 476 2379 eidem
503 2345 696 2381 Causarum
729 2345 849 2381 Palatii
868 2345 919 2382 sui
946 2345 1130 2381 Auditorio
1158 2345 1372 2386 committat,
1390 2359 1478 2382 ‘cum
1495 2347 1644 2382 clausula
1663 2346 1856 2382 Videnta'bus

368 2393 519 2428 omnibus
537 2417 549 2433 ,
584 2392 723 2439 aliaeque
747 2395 861 2441 plures
891 2396 1012 2431 Causae
1040 2397 1105 2436 iam
1135 2396 1166 2431 in
1195 2396 1312 2431 Turno
1335 2396 1531 2437 ordinario,
1561 2396 1633 2430 sive
1660 2396 1761 2431 etiam
1792 2394 1858 2430 suf-

368 2440 580 2486 fragantibus
612 2443 734 2490 quinto
764 2453 800 2480 et
825 2454 945 2486 sexte,
971 2445 1154 2485 discussae,
1183 2446 1228 2479 ob
1255 2446 1407 2480 iteratam
1433 2445 1670 2490 suffragiorum
1701 2455 1856 2490 coaequa-

366 2488 491 2526 tionem
513 2517 522 2531 ,
563 2494 604 2528 de
635 2495 793 2529 mandato
824 2494 929 2540 ipsius
960 2494 1082 2535 Rotae,
1110 2495 1152 2529 ab
1177 2495 1334 2529 omnibus
1356 2494 1466 2529 videri
1502 2496 1669 2535 debeant;
1701 2495 1742 2528 ne
1767 2491 1854 2527 forte

364 2539 559 2581 hujusmodi
592 2555 731 2590 quoque
758 2543 948 2581 Causarum
976 2543 1250 2584 resolutionem,
1279 2543 1396 2580 divisis
1423 2545 1598 2593 acqualiter
1617 2542 1771 2582 omnium
1789 2539 1856 2623 sfuf-

1809 2601 1860 2624 ra-
