1993 3195
566 337 596 370 Α
638 337 664 369 Ρ
702 337 728 369 Ρ
767 338 790 370 Ε
830 336 862 370 N
901 335 936 368 D
975 337 987 369 1
1032 336 1060 369 X
1530 340 1594 376 ¹4¹

130 384 215 420 nelle
241 382 322 416 altre
339 381 412 415 Arti
426 406 436 422 ,
469 381 514 428 gii
536 383 675 428 obbligo
695 382 746 417 all'
762 394 957 417 osservanza
972 384 1006 416 di
1028 383 1092 416 tale
1108 381 1242 417 Statuto
1259 383 1290 418 in
1311 378 1417 428 quest'
1434 376 1529 412 unica
1543 402 1554 417 ,
1581 387 1600 412 e

128 432 196 468 sola
215 439 307 476 parte
324 455 334 471 ‚
364 433 588 474 preservando
614 431 665 467 nel
686 440 799 476 tempo
817 438 920 464 stesso
939 430 946 463 ἰ
977 430 1060 462 detti
1077 430 1203 465 Neofiti
1220 456 1230 470 ,
1265 444 1282 465 e
1296 426 1425 476 quelli,
1453 426 1514 460 che
1539 437 1600 470 go-

127 481 217 515 dono
245 479 252 513 i
273 478 427 525 privilegi
445 480 496 515 de'
513 480 640 516 Neofiti
667 480 719 514 dal
739 488 940 525 pagamento
966 474 1052 511 delle
1069 477 1169 512 Tasse
1190 502 1198 517 ‚
1231 490 1249 511 e
1266 480 1297 513 di
1314 474 1392 523 ogni
1428 473 1511 508 altra
1526 484 1604 506 con-

127 529 336 568 tribuzione,
363 529 424 564 che
440 529 546 575 perio
567 537 695 573 passato
710 541 726 563 a
755 528 886 562 motivo
905 526 954 561 de’
976 528 1047 560 loro
1076 525 1259 572 privilegi,
1288 539 1309 561 o
1335 521 1482 571 legitima
1511 522 1605 556 Con-

128 577 307 612 suetudine
334 589 399 613 non
427 590 513 613 anno
532 588 648 625 pagata
675 576 934 611 ali'Universith
960 572 1013 609 de‘
1031 574 1180 610 Barbieri
1210 586 1271 620 per
1301 575 1489 619 l'apertura
1515 569 1604 604 delle

127 625 320 672 Botteghe3
337 639 398 662 con
415 627 525 663 averci
546 628 578 662 di
596 628 653 673 piis
673 626 853 671 soggiunto
868 649 878 664 ,
905 626 966 660 che
996 622 1080 658 nella
1095 635 1159 658 non
1176 626 1277 659 breve
1305 624 1391 659 serie
1417 619 1467 655 de'
1485 617 1606 654 Giudi-

129 675 196 710 cati
213 700 224 716 ‚
240 677 300 710 che
318 686 526 711 ammettono
540 701 550 717 ‚
566 690 582 712 e
606 675 828 711 canonizzano
848 672 1026 718 iprivilegj
1043 672 1096 706 dei
1111 672 1238 708 Neofiti
1253 698 1262 713 ‚
1281 668 1471 709 moltissimi
1498 680 1540 702 ve
1566 678 1605 701 ne

130 736 214 758 sono
228 747 238 764 ,
272 724 280 758 i
298 725 386 769 quali
403 726 567 771 rigettano
583 725 614 760 Ie
630 725 772 759 instanze
789 723 820 758 in
845 724 916 762 varj
935 721 1041 766 tempi
1070 732 1243 765 promosse
1258 723 1300 757 da
1329 722 1420 757 varie
1437 715 1607 753 Universi-

131 773 164 806 tit
177 797 187 812 ‚
216 785 233 807 e
249 773 425 808 Consolati
454 787 514 819 per
537 772 715 820 obbligarli
734 773 761 807 al
781 780 977 818 pagamento
1004 770 1036 805 di
1053 779 1169 816 queste
1199 771 1299 805 Tasse
1318 796 1328 812 ‚
1358 783 1375 806 e
1392 766 1447 804 voi
1466 765 1607 802 medesi-

129 823 307 876 nso-dopo
325 835 368 857 un
385 833 516 858 maturo
532 835 639 859 esame
667 821 744 858 nell'
763 822 912 855 Udienza
931 820 983 854 de'
1002 831 1055 866 14.
1073 819 1192 863 Aprile
1221 824 1324 864 1761..
1353 817 1607 862 providamente

130 870 302 906 decldeste
318 882 438 907 contro
458 872 478 907 i’
499 873 686 908 Universittz
712 870 761 906 de'
789 869 936 905 Casciari
954 882 988 904 ,τ
1013 867 1206 914 ‘Neophitos
1226 878 1292 901 esse
1325 874 1488 913 exemptos
1509 876 1528 897 a
1558 863 1609 896 di-

131 921 312 966 spositione
343 925 543 956 Statutorum
570 922 713 957 omnium
742 919 1003 954 vniversitatum
1019 916 1137 956 vrbis,
1169 925 1200 950 et
1213 917 1416 963 signantera
1443 912 1610 948 solutione

133 970 230 1004 Taxae
251 978 310 1017 per
325 972 428 1005 dictas
452 973 689 1006 vniverxitates
704 970 879 1004 indictae:
906 968 930 1002 E
947 969 1008 1002 che
1028 967 1058 1002 in
1076 965 1230 1012 parecchi
1262 964 1399 1000 Decreti
1417 989 1428 1004 ‚
1454 973 1471 995 e
1492 959 1611 995 Giudi-

134 1017 200 1052 cati
228 1020 253 1053 si
286 1021 420 1055 vedono
447 1021 536 1055 bensi
564 1019 726 1065 obbligati
747 1018 762 1052 i.
783 1016 911 1052 Neofiti
941 1029 959 1051 a
983 1014 1222 1051 sottomettersi
1248 1014 1302 1048 ali'
1329 1025 1439 1049 esame
1466 1020 1524 1055 per
1554 1010 1612 1043 dat·

133 1066 226 1102 buon
259 1079 358 1103 conto
387 1069 476 1104 della
503 1069 694 1104 sufficienza
721 1068 794 1102 loro
812 1066 842 1100 in
860 1065 961 1111 queil'
983 1066 1089 1104 Arte,
1119 1068 1180 1099 che
1198 1063 1379 1099 intendono
1395 1062 1426 1103 di
1456 1057 1612 1094 esercita-

133 1127 261 1171 555ma
289 1129 370 1162 pero
397 1130 526 1163 sempre
552 1131 649 1153 senza
667 1116 808 1162 obbligo
828 1115 859 1150 di
875 1113 1095 1160 qualsivogiia
1125 1115 1228 1148 anche
1254 1111 1388 1157 piccoio
1415 1116 1615 1155 pagamento

134 1165 170 1220 eli
188 1165 349 1206 patente,
380 1167 446 1201 odi
467 1169 547 1202 altra
571 1167 761 1213 qualunoue
786 1166 910 1204 Tama,
947 1164 977 1198 lo
995 1165 1057 1198 che
1084 1173 1147 1207 pur
1173 1161 1266 1196 volle
1281 1161 1302 1195 il
1331 1161 1462 1206 prefato
1488 1157 1614 1190 Nostro

136 1215 335 1249 immediato
367 1216 606 1251 predecessore
635 1213 902 1250 nell'accennato
923 1212 1128 1258 Chirografo
1153 1211 1293 1255 rispetto
1321 1210 1349 1243 ai
1376 1205 1552 1245 Barbieri;
1579 1203 1615 1237 ln

136 1261 226 1297 oltre
254 1263 365 1298 eihan
391 1265 472 1300 fatto
503 1274 778 1310 rappresentare‚
808 1274 917 1297 essere
944 1271 1025 1296 stata
1054 1260 1218 1306 provida,
1250 1272 1267 1294 e
1288 1260 1341 1303 pia
1356 1255 1544 1292 intenzione
1564 1250 1615 1286 de'

135 1311 256 1366 N0?“¹
283 1312 511 1349 predecessori
542 1315 574 1349 di
595 1314 745 1348 abilitare
761 1313 770 1347 i
786 1311 914 1347 Neofiti
935 1323 952 1345 a
974 1309 1191 1356 procacciarsi
1212 1308 1231 1343 il
1260 1308 1355 1343 Vitto
1385 1305 1472 1342 coila
1499 1301 1617 1341 fatiem

138 1369 170 1394 et
195 1362 361 1396 industria
387 1362 459 1397 loro
489 1376 584 1398 senza
612 1362 633 1397 il
664 1363 721 1407 ρῑὺ.
739 1361 871 1406 piccolo
899 1358 1089 1406 aggravi03
1120 1371 1138 1394 e
1162 1360 1225 1393 che
1252 1357 1368 1402 percio
1400 1354 1461 1390 essi
1490 1349 1620 1386 Neofiti

136 1409 260 1463 furono
288 1412 392 1444 esenti
423 1413 507 1447 dalle
535 1413 633 1446 Tasse
652 1412 704 1446 del
733 1410 912 1445 Tribunale
941 1409 1028 1443 delle
1044 1410 1158 1443 Strade
1188 1418 1248 1451 per
1270 1407 1298 1441 le
1316 1404 1508 1449 Botteghe‚
1536 1401 1622 1434 Ban-

138 1458 192 1490 Ch1
213 1479 224 1496 9
255 1457 431 1492 Banchetti
449 1484 458 1498 ‚
491 1474 507 1493 e
527 1462 645 1494 Stuore
659 1485 668 1500 ‚
696 1472 713 1493 e
728 1462 788 1493 che
803 1468 1021 1502 quantunque
1037 1458 1083 1491 sia
1101 1468 1185 1491 vero
1198 1480 1209 1495 ‚
1234 1459 1297 1490 che
1318 1454 1339 1487 il
1357 1455 1482 1488 Nostro
1502 1449 1623 1482 I‘rede-

138 1515 269 1541 cessore
287 1505 474 1541 Innocenzo
491 1508 569 1541 XII.
588 1509 676 1541 nella
692 1506 928 1541 Costituzione
945 1505 1123 1538 deli'Anno
1142 1508 1245 1545 1692.
1262 1511 1411 1536 emanata
1427 1513 1461 1545 4.
1478 1497 1621 1530 Kalend-

137 1553 344 1588 Decembris
361 1565 603 1598 assoggettasse
618 1557 720 1590 anche
737 1555 744 1588 i
761 1552 888 1589 Neofiti
907 1552 935 1586 ai
955 1553 1150 1598 Chirografi
1163 1576 1179 1591 ,
1202 1551 1324 1585 Ordini
1346 1573 1356 1588 ‚
1382 1562 1400 1582 e
1415 1549 1514 1582 Tasse
1536 1543 1624 1579 delle

139 1601 257 1637 Strade
276 1624 286 1640 ‚
313 1613 330 1634 e
350 1601 378 1635 la
394 1602 445 1646 gia
472 1603 560 1636 detta
575 1604 857 1647 Congreqazione
873 1600 1074 1643 particolare
1103 1603 1262 1641 deputata
1286 1608 1348 1641 per
1361 1596 1382 1630 il
1404 1596 1553 1628 Decreto
1569 1591 1623 1626 dei

141 1662 174 1697 3.
193 1649 332 1694 Maggio
366 1653 469 1693 1693.
495 1658 592 1697 super
619 1651 747 1683 assertis
765 1649 959 1694 privilegiis
984 1647 1232 1694 'Neopht‘torum
1251 1645 1450 1680 dichiarasse
1466 1656 1501 1674 :-
1530 1652 1625 1687 quas-

139 1709 276 1745 cumque
307 1700 530 1733 immunitates
544 1723 554 1738 ,
585 1706 615 1732 et
639 1697 823 1745 privilegia
853 1697 896 1729 eis
913 1697 944 1729 in
960 1697 1164 1741 praeteritum
1179 1702 1240 1741 per
1268 1699 1413 1730 Summos
1429 1688 1624 1732 Pontifices,

141 1756 174 1784 et
192 1748 275 1782 alios
301 1759 522 1795 quoscumque
548 1745 794 1792 quomodolibet
822 1750 966 1779 concessa
980 1743 1160 1790 suffragari
1173 1755 1232 1779 non
1257 1751 1376 1791 posse,
1405 1751 1509 1787 neque
1533 1738 1626 1773 debe-

140 1809 177 1834 re
194 1797 303 1843 quoad
333 1796 528 1831 solutionem
547 1799 712 1830 Taxarum
745 1793 930 1830 Tribunalis
954 1794 1089 1828 Viarum
1104 1808 1138 1829 ·::
1168 1793 1238 1826 cie>
1264 1793 1305 1827 ad
1322 1790 1399 1837 ogni
1423 1790 1524 1824 modo
1539 1787 1564 1822 s'
1582 1787 1628 1820 in-

143 1856 212 1882 tese
241 1846 314 1879 solo
328 1845 412 1881 delle
433 1847 533 1880 Tasse
558 1845 699 1889 imposte
718 1855 816 1888 sopra
842 1841 872 1876 le
887 1843 974 1877 Case
989 1866 999 1880 ‚
1026 1841 1135 1888 Vigne
1151 1865 1162 1881 ‚
1177 1853 1194 1875 e
1211 1841 1343 1875 Tenute
1358 1865 1369 1880 ‚
1386 1838 1460 1874 cioe
1484 1837 1517 1872 di
1535 1835 1628 1881 quei-

142 1896 175 1932 le
192 1919 203 1934 ‚
228 1896 292 1929 che
312 1907 372 1939 per
389 1894 418 1929 le
452 1895 571 1929 Strade
597 1893 625 1928 si
655 1902 844 1939 agoravano
874 1890 939 1925 sisi
972 1890 1159 1926 possessori
1185 1889 1237 1923 de'
1253 1889 1333 1924 Beni
1361 1886 1502 1925 stabili,
1529 1896 1549 1918 0
1567 1885 1629 1918 che

143 1943 168 1980 s'
187 1943 395 1989 impongono
418 1945 447 1979 ai
477 1943 651 1978 Vetturini
669 1967 679 1982 ‚
709 1954 726 1976 e
754 1940 983 1984 Carrettieri‚
1010 1951 1074 1974 non
1100 1939 1152 1985 gi&
1185 1949 1244 1982 per
1272 1939 1302 1972 le
1329 1937 1410 1973 altre
1427 1945 1550 1979 troppo
1577 1932 1630 1968 di-

142 2005 266 2033 verse,
297 1995 359 2028 che
389 2005 535 2039 gravano
564 1993 573 2026 i
604 1990 666 2026 soli
694 1990 842 2029 Antisti,
880 1989 1072 2029 Mercanti‚
1101 2001 1119 2023 e
1147 1986 1363 2021 Rivenditori
1392 1984 1426 2019 di
1455 1981 1632 2018 Comesti-

143 2042 204 2076 bili
230 2066 239 2081 ‚
269 2054 287 2076 e
316 2043 397 2077 robe
415 2066 426 2083 ,
458 2043 487 2077 le
515 2041 606 2088 quali
644 2049 728 2075 tutte
756 2039 914 2074 ricadono
955 2049 1055 2083 sopra
1085 2037 1106 2071 il
1137 2035 1304 2082 travaglio
1328 2060 1338 2076 ,
1375 2046 1393 2068 e
1423 2043 1518 2078 sopra
1546 2030 1565 2064 Γ
1583 2030 1633 2065 in-

145 2091 273 2126 dustria
298 2091 389 2135 degl'
410 2092 516 2126 istessi
535 2090 669 2131 {Artisti
697 2114 707 2128 ‚
735 2088 898 2123 Mercanti
927 2111 937 2126 ‚
981 2099 998 2121 e
1028 2085 1265 2125 Rivenditori,
1301 2096 1319 2119 e
1346 2084 1429 2129 perf>
1471 2094 1488 2115 a
1515 2090 1630 2114 scanso

146 2140 179 2175 di
193 2139 272 2185 ogni
295 2140 472 2185 questione
497 2151 564 2174 una
575 2138 855 2183 congregazione
881 2134 1080 2181 particolare
1098 2137 1257 2180 deputata
1283 2133 1336 2168 dal
1363 2138 1550 2168 memorato
1564 2128 1633 2162 No-

147 2196 219 2223 stro
235 2189 474 2223 Predecessore
493 2187 673 2222 Clemente
686 2186 746 2219 XI.
762 2185 791 2218 ai
810 2186 1037 2224 28.Genna10‚
1052 2197 1070 2218 e
1090 2184 1154 2226 agii
1172 2185 1204 2217 8.
1218 2183 1356 2222 FebraJo
1378 2192 1483 2226 1704.
1494 2191 1529 2212 :2
1544 2182 1634 2211 Inter

150 2238 242 2275 alia,
269 2246 339 2281 quae
363 2236 563 2281 approbante
602 2234 811 2268 sanctissimo
845 2232 987 2270 statuit,
1021 2232 1166 2265 decrevit
1195 2232 1294 2264 etiam
1321 2238 1413 2276 posse
1425 2225 1637 2272 Neopbz‘tis‚

151 2286 242 2320 siliis
255 2285 358 2332 primi
373 2285 494 2327 gradus
510 2283 697 2316 eorumdem
713 2305 723 2320 ‚
745 2282 881 2313 Maritis
897 2279 1147 2323 'Neophitarum
1162 2303 1173 2318 ‚
1200 2287 1258 2312 ant
1271 2278 1427 2311 filiarum
1443 2274 1544 2322 primi
1557 2284 1634 2319 gra-

155 2336 214 2369 dus
240 2334 424 2369 eorumdem
442 2331 574 2366 concedi
589 2328 733 2374 amplam
753 2350 764 2366 ‚
779 2334 812 2361 et
829 2326 961 2374 plenam
978 2337 997 2358 a
1017 2326 1114 2359 Taxis
1131 2326 1265 2358 Viarum
1280 2325 1515 2369 exemptionem
1531 2346 1542 2362 ,
1565 2331 1635 2368 quae

153 2384 188 2418 in
211 2381 294 2415 vrbe
323 2383 411 2417 solvi
426 2381 530 2416 solent
560 2378 604 2413 ab
620 2375 820 2417 ⁸Artificibus
851 2374 1026 2421 quotannis
1052 2381 1111 2420 pro
1130 2370 1269 2417 officinis
1284 2397 1294 2412 ‚
1319 2373 1375 2407 vel
1391 2371 1545 2405 Tabernis
1564 2395 1574 2410 ‚
1602 2371 1638 2404 in.

155 2431 272 2480 quibus
286 2432 342 2465 vel
354 2444 402 2465 res
420 2431 553 2466 venales
569 2435 776 2474 exponuntur
790 2447 800 2464 ‚
829 2423 887 2458 vel
904 2427 976 2456 Ars
997 2422 1110 2468 aliqua
1123 2445 1135 2461 ‚
1163 2421 1462 2468 quomodocumque
1477 2427 1642 2466 nuncupe—

157 2489 214 2515 tur
229 2504 238 2518 ‚
269 2487 458 2514 exerceatur
473 2503 483 2519 ,
520 2480 565 2512 ita
589 2484 624 2510 ut
653 2476 686 2510 in
713 2482 881 2521 posterum
900 2475 1076 2511 Persona,
1105 2479 1140 2505 ut
1167 2479 1264 2518 supra
1282 2471 1476 2509 nominatae,
1507 2468 1610 2504 libere
1624 2493 1640 2509 ,v

156 2535 200 2569 &-
216 2530 305 2564 licite
325 2534 432 2562 Artes
449 2551 458 2563 ,
488 2535 520 2561 et
549 2531 758 2563 Mercaturas
792 2523 824 2556 in
852 2521 945 2556 dictis
977 2520 1157 2558 Tabernis,
1183 2528 1215 2554 et
1240 2519 1380 2563 officinis
1408 2529 1553 2554 exercere
1577 2528 1638 2551 va-

159 2578 249 2615 leant
265 2603 276 2619 ‚
305 2583 348 2616 &
371 2578 438 2612 sine
458 2575 527 2611 ulla
542 2575 702 2611 solutione
719 2576 884 2608 Taxarum
901 2569 1036 2606 riarum
1049 2593 1062 2610 ,
1087 2580 1149 2606 non
1164 2570 1310 2606 obstante
1324 2568 1553 2605 Constitutione
1566 2577 1640 2602 san.

1540 2625 1639 2653 mem·
