1993 3195
624 261 653 294 A
694 262 719 294 Ρ
758 262 784 295 P
823 263 846 295 E
885 264 916 296 N
957 263 990 296 D
1030 264 1042 297 I
1086 263 1115 297 X
1555 275 1600 310 77

176 309 268 344 XIV.
321 306 587 341 Commissiones
617 309 714 345 juxta
742 309 931 351 praescripta
960 311 990 343 in
1012 309 1248 345 reformatione
1277 321 1343 344 san.
1362 321 1501 346 memor.
1518 313 1602 347 Pau-

127 358 150 391 li
181 357 221 389 V.
242 355 294 389 tit.
316 354 442 409 Signat.
457 356 552 389 Grat.
584 364 617 388 et
643 355 784 390 Iustitiae
813 359 842 397 §-
860 356 1007 395 ultimo,
1035 358 1190 393 celeriter
1221 357 1464 402 expediantur,
1497 371 1527 393 et
1543 373 1602 395 nu-

127 414 238 438 merus
270 401 402 437 illarum
430 403 460 436 in
490 402 577 438 libro
604 403 778 438 Revisoris
809 402 1044 448 Signatarum,
1078 413 1142 438 tam
1173 417 1233 447 per
1259 417 1458 440 concessum
1487 406 1519 440 in
1538 408 1601 441 D:-1

123 451 206 485 taria
235 453 274 485 ad
302 451 451 486 officium
483 463 594 497 parvae
632 453 715 486 datae
747 476 756 490 ,
784 464 882 496 quam
911 463 973 506 per
1001 451 1108 506 placet
1145 454 1184 486 ad
1217 453 1362 486 ssancum
1395 453 1602 494 Cursorum,

125 499 207 534 infra
236 498 385 534 triduum
415 500 557 534 omnino
581 499 852 535 transmittantur
871 525 879 540 ‚
910 501 941 534 in
972 513 1039 546 quo
1076 500 1146 535 sine
1188 499 1397 535 Officialium
1447 503 1597 537 manibus

123 559 188 582 non
220 548 454 593 incapsentur,
487 560 563 584 cum
595 560 747 593 expressa
783 549 1009 593 prohibitione
1030 561 1095 584 non
1116 548 1216 583 dandi
1240 550 1391 593 partibus
1411 551 1473 584 sub
1505 562 1602 596 poena

123 597 374 641 suspensionis,
402 607 433 631 et
463 596 561 632 etiam
595 597 795 642 privationis
822 598 946 638 officii,
978 607 1011 631 et
1037 597 1109 632 aliis
1137 597 1276 632 arbitrio
1312 607 1454 634 nostro.

172 645 248 680 XV.
300 645 543 690 Praecipimus,
579 656 612 680 et
643 648 861 684 mandamus,
891 648 930 680 ne
960 646 1137 680 citationes
1167 658 1229 691 pro
1257 657 1473 692 quacumque
1504 658 1601 682 causa

122 695 202 728 fiant
231 693 341 738 prima
366 694 440 727 vice
468 705 580 729 coram
608 694 800 733 nobismet,
827 696 884 728 sed
914 695 994 728 fiant
1022 705 1132 729 coram
1178 695 1226 728 D.
1256 703 1375 729 nostro¹
1408 695 1602 736 Auditore,

122 740 200 775 alias
236 753 300 776 non
329 741 495 781 afficiant,
525 752 556 777 et
587 743 712 786 possint
738 742 875 786 impune
912 742 1047 785 sperni,
1078 743 1148 777 imo
1181 743 1398 786 prohibemus
1444 744 1602 778 omnibus

119 789 276 824 Notariis
296 815 306 830 ,
336 793 375 825 ne
405 791 544 826 audeant
579 791 649 826 illas
679 791 856 834 recipere,
888 803 946 825 ssu
977 800 1127 835 receptas
1157 789 1294 836 legere,
1331 791 1393 825 nisi
1422 803 1537 827 coram
1555 792 1600 825 D.

122 848 238 873 nostro
266 841 435 874 Auditore
461 842 521 874 sub
555 840 663 885 poenis
686 839 795 875 eidem
824 840 870 874 D.
899 840 1084 878 Auditori‚
1112 850 1174 874 seu
1203 839 1296 873 nobis
1315 840 1504 874 benevisis.

171 887 269 921 XVI.
322 888 484 923 Similiter
514 888 686 923 citationes
725 899 946 933 quaecumque
984 899 1098 922 coram
1144 887 1314 922 nobismet
1347 887 1446 922 etiam
1475 901 1491 921 a
1525 901 1604 933 quo-

125 946 274 980 cumque
302 938 440 972 decreto
476 936 522 971 D.
551 937 657 971 nostri
689 936 864 971 Auditoris
894 947 959 970 non
975 938 1214 974 attendantur,
1243 945 1279 969 et
1304 936 1431 980 possint
1462 936 1603 980 impune

121 984 234 1027 sperni
266 985 326 1019 nisi
355 987 481 1020 fuerint
526 986 619 1031 prius
647 998 664 1019 a
691 985 784 1018 nobis
818 985 1039 1029 subscriptae,
1067 984 1256 1018 dummodo
1289 996 1354 1017 non
1398 993 1518 1029 agatur
1562 985 1604 1019 de

122 1042 222 1068 causa
249 1033 440 1075 criminali,
470 1033 501 1068 in
535 1047 600 1080 qua
626 1033 729 1068 fuerit
757 1035 824 1074 jam
849 1042 990 1079 sequuta
1019 1031 1206 1068 carceratio
1239 1032 1300 1067 sub
1329 1031 1454 1067 eisdem
1480 1033 1603 1078 poenis,

120 1091 160 1115 ut
189 1093 288 1127 supra
311 1108 320 1117 .
962 1102 965 1104 -

173 1131 414 1166 XV11.1’ari
443 1134 543 1166 modo
571 1132 601 1166 in
633 1131 739 1166 causis
774 1131 937 1166 mercedis
963 1153 973 1169 ‚
1005 1140 1039 1165 et
1073 1131 1104 1164 in
1133 1130 1289 1164 omnibus
1317 1129 1411 1168 aliis,
1445 1142 1510 1175 que
1539 1142 1604 1165 non

121 1172 295 1214 excedunt
325 1189 419 1215 scuta
445 1180 566 1225 viginti
605 1180 672 1213 duo
713 1190 879 1218 monetae,
916 1179 1092 1213 citationes
1123 1190 1354 1223 quascumque
1383 1190 1497 1213 coram
1538 1190 1599 1212 no-

123 1227 248 1263 bismet
274 1237 341 1262 tam
370 1229 477 1273 prima
500 1229 599 1268 vice,
632 1240 731 1273 quam
767 1228 798 1261 in
825 1229 931 1272 gradu
958 1237 1112 1261 recursus
1137 1239 1154 1261 a
1174 1225 1316 1260 decretis
1346 1227 1390 1260 D.
1424 1227 1605 1262 Auditoris

121 1286 254 1320 semper
282 1275 393 1311 irritas
418 1276 647 1315 declaramus,
682 1275 907 1321 praecipiendo
931 1276 1086 1310 omnibus
1107 1274 1281 1313 Nou-uiis,
1311 1287 1350 1308 ne
1377 1274 1447 1309 illas
1476 1275 1604 1318 recipe-

121 1336 187 1363 re,
217 1337 275 1358 seu
305 1335 452 1371 receptas
487 1325 599 1372 legere
638 1327 803 1365 audeant,
834 1325 896 1363 nisi
937 1334 1046 1359 coram
1087 1325 1133 1359 D.
1165 1323 1334 1359 Auditore
1375 1324 1436 1357 sub
1469 1325 1612 1369 poenis„

117 1380 158 1405 ut
181 1384 282 1414 supra
305 1397 314 1406 .
475 1387 485 1391 -

168 1421 298 1455 XVIII.
347 1423 490 1468 Insuper
518 1426 711 1459 mandamus
738 1448 748 1463 ,
775 1425 866 1468 quod
896 1423 1074 1458 citationes
1103 1434 1217 1457 coram
1247 1422 1340 1456 nobis
1357 1430 1604 1456 concernentes

119 1478 309 1511 attentata,
343 1472 586 1506 moderationes
615 1472 878 1509 inhibitionum‚
912 1470 1123 1515 praefixiones
1150 1469 1373 1504 terminorum
1392 1494 1402 1508 ,
1434 1469 1607 1504 admissio·

120 1531 199 1555 nem
231 1529 387 1553 recursus
406 1545 416 1557 ,
443 1531 474 1553 et
505 1521 693 1565 respective
717 1519 971 1565 deputationem
999 1520 1135 1553 alterius
1166 1518 1292 1553 Iudicis
1330 1519 1361 1552 in
1392 1517 1456 1552 illis
1486 1518 1604 1562 causis,

119 1569 153 1603 in
184 1569 305 1613 quibus
333 1567 439 1602 fuerit
464 1569 678 1603 uniformiter
708 1569 896 1613 denegata,
914 1569 966 1602 vel
996 1565 1137 1601 admissa
1164 1566 1317 1600 instantia
1344 1565 1490 1609 acapite
1525 1566 1603 1600 Tri-

118 1617 252 1652 bunalis
271 1640 282 1655 ,
310 1626 342 1650 et
364 1613 509 1650 a'nostro
524 1617 689 1650 Auditore
703 1639 714 1654 ,
741 1628 806 1650 non
823 1616 964 1650 afficiant
980 1638 990 1654 ,
1018 1624 1052 1650 et
1071 1614 1199 1659 possint
1213 1614 1352 1657 impune
1365 1613 1477 1657 sperni
1496 1639 1513 1647 ..

169 1666 261 1701 XIX.
314 1667 398 1700 Item
427 1665 607 1705 volumus,
640 1665 731 1709 quod
758 1663 928 1698 citationes
946 1663 1071 1708 pariter
1096 1674 1208 1697 coram
1229 1661 1396 1696 nobismet
1424 1661 1604 1696 advideri-

118 1716 198 1750 dum
231 1714 359 1749 servari
391 1714 598 1751 terminum,
624 1713 801 1748 dicendum
834 1721 948 1746 contra
974 1722 1147 1745 recursum
1171 1735 1188 1750 r
1212 1710 1425 1755 supersederi
1453 1733 1463 1748 ,
1495 1720 1528 1744 et
1560 1710 1605 1745 si-

118 1763 242 1802 miles,
271 1774 345 1808 quae
373 1765 516 1797 tendunt
539 1764 578 1796 ad
617 1761 873 1807 protrahendam
915 1760 1120 1794 solutionem
1150 1769 1225 1803 post
1256 1759 1503 1801 susceptionem
1535 1767 1604 1793 ter-

118 1811 201 1848 mini
231 1812 327 1846 nullo
359 1814 460 1847 modo
487 1811 727 1848 attendantur,
756 1819 789 1843 et
814 1807 940 1851 possint
983 1808 1122 1851 impune
1148 1807 1287 1850 sperni,
1313 1807 1417 1840 immo
1448 1808 1604 1850 prohibe-

118 1873 193 1896 mus
221 1861 397 1900 Notariis,
431 1872 470 1894 ne
499 1861 642 1894 audeant
674 1858 746 1892 illas
782 1858 920 1899 iecere,
950 1867 1056 1901 neque
1088 1855 1265 1897 recipere.
1295 1854 1486 1889 Citationes
1519 1867 1602 1890 vero

118 1910 312 1949 huiusmodi
343 1921 456 1944 coram
488 1909 534 1942 D.
575 1916 690 1942 nostro
720 1897 887 1940 Auditore
917 1905 1057 1940 afficiant
1092 1906 1345 1941 tantummodo,
1374 1904 1432 1937 ubi
1473 1903 1602 1938 fuerint

117 1968 182 2002 pro
198 1958 304 2002 prima
321 1957 395 1993 vice
415 1958 640 2003 reproductae‚
656 1956 807 1990 secunda:
823 1964 932 2000 autem
956 1953 1128 1988 citationes
1149 1951 1278 1998 possint
1305 1951 1441 1996 impune
1456 1952 1597 1997 sperni,

119 2005 249 2040 etiarnsi
269 2007 397 2041 fuerint
427 2006 651 2051 personaliter
672 2015 873 2049 exequuta:-

182 2054 258 2089 XX.
310 2056 453 2090 Necnon
490 2054 699 2089 declaramus
724 2078 734 2092 ,
762 2052 852 2096 quod
879 2061 1030 2095 respectu
1060 2059 1303 2086 attentatorum
1340 2050 1603 2085 commissorum

119 2103 151 2138 in
176 2113 329 2147 spretum
359 2104 606 2147 rescriptorum
636 2102 739 2144 plenae
768 2101 976 2144 signatum,
1005 2113 1042 2135 ac
1059 2101 1271 2134 decretorum
1289 2100 1336 2132 D.
1364 2097 1470 2133 nostri
1497 2098 1606 2132 Audi-

121 2153 201 2187 toris
232 2152 407 2186 citationes
433 2162 545 2186 coram
576 2150 672 2185 nobis
698 2147 866 2186 afficiant,
897 2158 928 2181 et
951 2149 1075 2181 attendi
1105 2148 1269 2186 debeant,
1287 2149 1476 2181 dummodo
1505 2157 1604 2191 super

120 2201 245 2235 eisdem
279 2203 447 2234 attentatis
475 2199 578 2233 fuerit
603 2198 695 2241 prius
724 2195 874 2231 institum
901 2207 1014 2230 coram
1049 2195 1139 2229 dicto
1180 2196 1227 2229 D.
1256 2204 1377 2229 nostro
1406 2194 1601 2234 Auditore,

121 2256 156 2282 et
187 2251 360 2285 citationes
395 2246 518 2281 fuerint
545 2258 562 2280 a
585 2245 680 2279 nobis
711 2244 906 2287 subscriptae
924 2267 939 2277 .

171 2298 262 2332 XXI.
315 2296 531 2335 Citationes,
555 2304 629 2339 quae
657 2293 740 2327 fiunt
769 2291 817 2324 ad
837 2290 1018 2326 dicendum
1048 2301 1165 2326 contra
1183 2293 1376 2327 memoriale
1393 2302 1468 2326 curn
1486 2301 1554 2324 res:
1560 2290 1602 2324 ri-

122 2355 184 2391 pto
201 2344 459 2381 Eminentissimi
478 2369 488 2384 ‚
517 2355 580 2377 non
595 2340 738 2376 afficiant
754 2362 770 2378 ,
793 2337 856 2373 nisi
876 2338 941 2373 sint
957 2341 1182 2385 subscriptaea
1197 2340 1451 2379 D·Aud1t0re‚
1474 2347 1505 2373 et
1524 2338 1605 2374 alias

123 2395 218 2431 factae
244 2404 376 2439 possent
404 2394 540 2438 impune
576 2388 687 2436 sperni
704 2413 719 2424 α

173 2444 282 2478 XXII.
337 2440 592 2482 Su·t·ersessoriae
625 2439 656 2473 in
688 2436 796 2472 causis
822 2436 1095 2481 proponendisin
1128 2436 1224 2480 plena
1239 2437 1417 2482 Signatura
1438 2448 1505 2471 non
1521 2448 1604 2471 con.

124 2495 285 2529 cedentur
316 2503 333 2525 a
361 2490 407 2526 D.
429 2499 544 2527 nostro
572 2487 742 2526 Auditore
759 2510 770 2527 ‚
795 2497 856 2520 nec
892 2498 909 2520 a
936 2486 1057 2526 nobis,
1083 2495 1262 2532 postquam
1289 2485 1419 2523 fuerint
1437 2495 1602 2521 concessae

1532 2532 1601 2579 pri⁴²¹
