1993 3195
656 205 695 248 C
726 205 768 246 A
797 207 826 246 P
859 205 898 247 U
931 206 969 248 T
1029 208 1061 248 1.
1583 235 1592 258 (

239 264 290 305 Et
310 264 382 310 εὸ,
416 262 477 304 vel
494 259 621 318 magis
641 262 682 304 id
697 263 874 320 profecto
895 265 1196 309 observandum
1213 279 1269 310 est
1287 267 1329 308 in
1358 231 1612 319 Referendga-

121 321 224 364 riatu
243 351 257 371 ,
287 320 384 376 quia
405 319 474 362 ista
505 321 735 365 praelatura
756 338 961 367 annexam
986 324 1104 368 habet
1130 325 1522 374 administrationem
1538 338 1613 383 Ju-

119 380 273 430 stiriae,
310 395 348 422 et
364 380 598 423 exercitium
612 381 944 436 Jurisdictionis;
977 398 1015 427 et
1030 397 1239 442 eapropter
1260 385 1528 444 improprium
1542 408 1611 444 est,

121 451 167 481 ut
184 453 233 480 ex
261 440 394 481 officio
430 441 731 492 protonotarii,
757 441 818 486 vel
847 443 1185 491 Abbreviatoris,
1215 446 1328 502 quod
1353 448 1448 490 satis
1480 453 1612 492 modi-

117 512 206 542 cam
223 498 345 558 exigit
363 500 755 544 administrationem
788 517 861 559 pro
881 503 1084 560 aliquibus
1111 503 1268 547 acribus
1297 506 1612 559 axtrajudieiali-

118 557 195 601 bus
209 591 221 609 ‚
251 559 386 615 potius
402 561 638 603 honorificis
656 593 670 612 ‚
705 561 879 604 obtineri
899 563 1042 606 debeat
1059 563 1320 620 cooptatioin.
1336 565 1521 623 Collegio
1534 571 1612 611 Re-

116 618 469 670 ferendariorum‚
499 623 650 678 absque
680 636 728 664 eo
756 622 870 679 quod
894 631 1051 666 constet
1085 622 1133 665 de
1161 623 1379 669 idoneitate
1398 654 1412 674 ,
1445 627 1611 682 aliisque

115 679 317 733 requisitis
349 681 578 723 necessariis
595 697 670 738 pro
688 682 765 725 hoc
783 679 926 735 majori
945 697 1112 725 munere
1132 685 1362 727 exercendo
1379 700 1391 735 ·‚
1421 699 1458 728 et
1474 688 1613 730 eveni-

115 752 157 781 re
180 739 298 781 etiam
328 752 485 797 potest,
514 741 633 795 quod
661 742 896 784 immaturae
932 742 1095 791 aetatis,
1127 742 1310 801 maleque
1346 746 1613 802 morigeratus

116 797 374 850 adolescens,
405 800 559 842 nullam
578 799 701 855 juris,
743 801 869 843 erfori
887 801 1070 859 peritiam
1099 803 1286 853 habens,
1318 804 1372 848 ita
1389 804 1611 848 efficeretur

114 855 247 910 Judex
261 888 273 906 ,
303 874 422 915 atque
439 861 637 907 iustitiam
656 860 935 904 administrare
953 861 1136 912 deberet,
1153 875 1192 906 et
1209 862 1251 904 in
1271 864 1491 920 Signatura
1506 866 1613 908 ades-

114 927 173 959 set
191 947 205 966 ,
231 918 396 974 ignotus
427 919 610 977 Collegio
627 952 640 970 ,
665 933 704 963 et
732 920 977 973 Tribunali3
1007 922 1219 965 concludit
1247 923 1398 966 idcirco
1421 924 1612 968 laudatus

114 973 178 1017 De
195 976 300 1018 Luca
322 1007 334 1024 ‚
363 978 474 1033 quod
494 979 646 1021 dictum
670 979 927 1036 Privilegium
947 996 1184 1023 concessum
1210 979 1448 1036 hujusmodi
1470 982 1614 1026 Offici-

114 1032 147 1075 is
164 1036 345 1074 continet
364 1036 586 1087 quamdam
611 1038 910 1076 concessionem
941 1039 1168 1091 generalem
1188 1067 1201 1084 ‚
1232 1054 1279 1081 ut
1298 1043 1487 1094 praebeat
1517 1042 1614 1096 qui-

111 1090 203 1133 dem
222 1090 386 1133 titulum
412 1092 464 1132 ad
481 1090 585 1133 illam
612 1091 880 1133 praelaturam
914 1095 1209 1148 assequendam
1230 1123 1244 1143 ‚
1275 1098 1448 1138 constito
1479 1111 1613 1142 tamen

112 1149 162 1192 de
191 1150 439 1198 idoneitate,
469 1163 506 1193 et
526 1150 611 1193 aliis
645 1150 877 1208 requisitis,
903 1151 956 1194 ad
985 1151 1115 1194 instar
1151 1153 1447 1197 Beneficiorum
1465 1187 1479 1208 ,
1506 1172 1612 1213 quae

111 1210 394 1269 expediuntur
411 1209 595 1266 informa
615 1210 779 1269 dignum
799 1226 812 1261 ;
839 1225 877 1254 et
895 1212 1008 1255 Sixto
1030 1213 1082 1254 V.
1103 1244 1115 1262 ,
1153 1226 1192 1255 et
1222 1212 1465 1257 Alexandro
1498 1216 1581 1258 VII
1599 1247 1613 1260 .

110 1270 144 1314 si
179 1269 451 1314 innotuissent
467 1271 573 1313 dicta
595 1271 729 1313 officia
747 1302 760 1320 ,
798 1271 909 1314 hanc.
925 1271 1176 1315 Praelaturae
1200 1274 1522 1330 praerogativam
1540 1276 1616 1318 ha-

111 1331 248 1374 bentia
265 1363 278 1381 ,
306 1330 580 1374 verosimiliter
604 1330 664 1371 illa
689 1330 963 1387 excepissent,
995 1344 1033 1373 et
1062 1346 1154 1373 non.
1182 1332 1414 1376 statuissent
1434 1335 1615 1393 regulam

109 1390 342 1449 generalem
353 1405 427 1448 pro
454 1389 646 1434 omnibus
681 1389 723 1431 in
744 1389 930 1448 Collegio
951 1390 1194 1448 cooptandis

134 1445 139 1448 ’
227 1449 359 1507 Quod
392 1450 511 1495 etiam
525 1450 696 1510 Rigante
716 1450 764 1492 in:
786 1451 1027 1493 tractatude
1057 1451 1350 1494 Protonotariis
1375 1452 1449 1510 (ι)
1478 1455 1625 1497 obser--

110 1509 223 1554 vavit
251 1525 304 1553 ex*
323 1509 633 1553 Constitutione
650 1510 806 1553 Sixtina
827 1539 839 1556 ‚
871 1526 952 1567 qua
985 1511 1285 1553 demandatum.
1301 1512 1411 1563 fuit,
1438 1527 1510 1563 ut,
1541 1514 1615 1569 qui

110 1582 162 1612 ex
180 1584 328 1627 septem
345 1571 635 1613 Protonotariis
650 1569 708 1611 U.
727 1570 763 1625 J.
784 1570 984 1613 Doctores
1001 1570 1181 1622 fuerint,
1209 1571 1492 1614 adscribantur
1510 1587 1616 1627 quo-

109 1644 190 1686 que
215 1645 387 1673 numero
411 1630 801 1672 Referendariorum
823 1630 956 1672 utri-us
974 1631 1216 1689 Signaturae
1232 1662 1242 1671 .
1279 1630 1519 1674 Nonhabet
1538 1631 1615 1687 igi-

110 1700 176 1732 tur
197 1717 210 1737 ‚
247 1689 379 1735 aitille
397 1691 775 1740 ‚Protonotariatus
804 1704 1019 1732 annexum
1047 1689 1431 1732 Referendariatum-
1462 1689 1616 1730 utrius-

110 1760 189 1802 que
209 1749 480 1804 Signaturae‚
510 1764 558 1789 ut
593 1750 688 1787 alias
708 1750 750 1788 in
780 1749 960 1802 quadam
992 1749 1085 1790 facti
1116 1748 1403 1802 contingentia¹
1426 1748 1615 1791 nonnulli

112 1805 306 1846 Datariae
340 1804 542 1845 OffiCIales
568 1807 841 1846 autumabant
858 1836 871 1853 ‚
898 1819 936 1846 et
954 1820 1122 1846 asserere
1143 1807 1309 1847 videtur
1325 1807 1553 1848 Sacchettus
1569 1807 1618 1849 in·

112 1860 330 1919 Opusculo
368 1861 416 1900 de
450 1861 667 1915 Privilegiis
703 1863 1092 1907 Protonotariorum;
1127 1865 1201 1903 sed*
1236 1865 1510 1905 Protonotarii'
1539 1866 1613 1922 ipsi

109 1920 401 1981 participantes
421 1933 506 1961 non
526 1919 640 1976 prius
657 1918 892 1960 efficiuntur
913 1920 1186 1962 Referendarii
1203 1951 1215 1969 ‚
1248 1920 1371 1977 quam
1390 1925 1610 1970 ostendant

108 1996 148 2025 se
166 1979 287 2034 fuisse
315 1978 510 2022 doctorali
532 1978 669 2020 laurea
694 1977 905 2035 insignitos
921 2011 936 2030 ‚
971 1980 1220 2036 servatisque
1237 1981 1445 2025 servandis
1466 1983 1611 2025 adscri-

111 2043 263 2085 bantur
301 2037 905 2088 numeroPteferendariorum3
938 2040 1056 2095 saepe
1071 2041 1186 2080 enim·
1215 2039 1428 2087 vidimus,
1463 2041 1523 2083 ille
1555 2056 1614 2085 te-

110 2113 238 2145 statur
259 2130 272 2149 ,
299 2100 433 2158 plures
453 2098 949 2141 Protonotariosnonnisi.
973 2098 1120 2141 multos
1139 2114 1228 2156 post
1255 2115 1385 2143 annos
1405 2100 1525 2144 fuisse
1546 2100 1612 2144 Si-

113 2173 307 2219 gnaturae
329 2156 638 2201 Referendarios
657 2189 666 2199 .
1115 2216 1124 2224 .

231 2220 429 2262 Attamen>
442 2233 603 2261 omnem
619 2217 941 2275 disputationem
953 2218 1147 2261 substulit
1165 2220 1354 2263 resolutio
1374 2220 1435 2261 illa
1455 2251 1469 2269 ,
1495 2234 1612 2278 capta

115 2278 158 2322 in
176 2278 297 2336 plena«
319 2280 544 2337 signatura
563 2277 744 2326 justitiae
763 2278 848 2322 sub.-
871 2278 941 2320 die·
956 2278 1036 2322 260.
1062 2277 1199 2337 aprilis
1223 2279 1375 2337 1676„
1405 2294 1536 2347 quam..
1561 2295 1611 2324 ex

1502 2354 1612 2396 ejus-

172 2466 225 2506 (1)
249 2468 379 2503 Dissert.
403 2475 455 2498 10.
485 2476 517 2498 n.
539 2476 615 2507 ως,
