1952 3167
292 346 340 383 30
660 330 720 366 DE
749 330 861 373 JURE
889 329 1176 367 SIGNATURAE
1201 328 1415 370 JUSTITIAE

289 396 348 422 cto
375 408 386 425 ‚
433 381 665 427 repraesentari
693 380 830 419 voluit,
860 379 976 414 mentis
1007 389 1125 415 nostra:
1166 377 1269 414 aciem
1303 386 1540 415 convertentes
1572 403 1582 420 ‚
1615 388 1648 415 et
1682 389 1720 416 ut
1751 380 1792 416 ad

289 432 468 481 praefatum
494 428 692 476 Collegium
721 429 783 463 viri
802 428 958 463 similiter
988 427 1201 473 dignissimi,
1243 428 1354 473 quoad
1385 428 1455 461 fieri
1494 438 1634 473 posset,
1661 442 1795 475 semper

290 483 574 519 admitterentur,
614 479 788 523 cupientes
819 502 829 517 ,
874 477 1156 512 consideravimus
1183 499 1194 514 ‚
1236 477 1327 518 quod
1366 473 1447 510 licet
1485 476 1574 510 idem
1604 478 1796 515 Alexander

287 533 516 568 Praedecessor
541 527 574 562 in
591 527 733 573 praefatis
765 526 831 561 suis
863 525 968 560 literis
1000 522 1192 564 hujusmodi
1222 523 1383 556 Votantes
1410 524 1452 555 de
1485 533 1654 568 corpore,
1688 537 1721 563 et
1735 539 1795 563 nu-

291 593 385 618 mero
403 580 573 616 dictorum
606 575 922 611 Referendariorum
967 571 1136 619 eligendos
1165 581 1236 606 esse
1264 569 1435 606 statuisset
1455 595 1464 611 ,
1493 570 1582 606 nulla
1597 572 1684 609 facta
1705 588 1796 612 men.

290 631 382 667 tione
411 654 422 671 ,
463 641 501 664 an
527 625 674 672 eligendi
701 633 811 660 essent
828 623 980 669 priores,
1006 634 1067 658 seu
1109 619 1331 667 Antiquiores
1369 620 1642 664 Referendarii„
1663 623 1795 660 diutur-

291 692 354 715 nus
370 689 478 715 tamen
496 689 572 712 usus
600 684 671 711 ante
689 699 700 715 ,
738 683 772 709 et
799 682 874 719 post
892 716 894 718 r
914 674 1044 708 easdem
1076 669 1187 706 literas
1220 669 1430 710 invaluerat,
1461 671 1492 706 in
1514 672 1679 708 Votantes
1712 674 1798 710 Prae-

289 729 397 764 fectos
426 725 612 763 assumendi
633 749 644 766 ‚
665 736 725 760 seu
751 721 900 771 eligendi
926 722 1034 758 dictos
1054 720 1188 755 Priores
1206 744 1217 761 ,
1244 726 1305 756 seu
1342 720 1563 766 Antiquiores
1597 722 1797 760 Referenda-

289 777 382 813 rios.
404 777 485 823 Quo
517 777 607 811 circa
628 786 694 810 vnos
715 773 849 810 virtutis
894 769 1115 818 praestantiam
1158 781 1223 804 non
1257 769 1288 804 in
1314 769 1387 805 sola
1417 771 1561 806 muneris
1585 772 1758 816 prioritate
1784 796 1796 813 ,

289 838 349 862 seu
377 824 576 872 antiquitate
600 824 806 862 consistere,
834 831 868 857 et
895 821 1074 867 aliquando
1111 818 1313 865 posteriores
1340 818 1371 853 in
1387 819 1499 855 officio
1539 819 1708 864 prioribus
1735 822 1798 856 do-

294 874 420 910 ctiores
439 899 449 915 ,
481 884 515 909 et
544 874 690 919 aptiores
721 873 889 911 existere,
918 872 1188 917 perpendentes,
1230 878 1262 903 et
1290 876 1469 913 propterea
1509 868 1718 914 antiquitatis
1746 880 1795 905 ra-

291 923 419 958 tionem
445 923 574 957 nonnisi
619 922 745 956 caeteris
778 922 910 964 paribus
950 920 1133 954 habendam
1160 930 1231 952 esse
1259 917 1408 952 volentes
1438 940 1448 956 ,
1483 925 1578 952 motu
1620 918 1759 963 proprio
1783 942 1796 958 ,

294 983 336 1006 ex
350 980 440 1004 certa
454 969 621 1008 scientia,
652 978 685 1002 et
699 977 828 1002 matura
843 967 1081 1002 deliberatione
1109 967 1256 1005 nostris,
1301 967 1411 1010 deque
1460 964 1669 1009 Apostolicae
1702 975 1799 1011 pote-

289 1017 381 1055 statis
407 1016 617 1062 plenitudine
635 1027 677 1051 ex
698 1025 778 1051 tunc
805 1024 1025 1050 memoratum
1054 1013 1253 1059 Collegium
1282 1014 1441 1057 deinceps
1467 1012 1541 1048 fore
1571 1015 1688 1054 mere,
1721 1016 1799 1051 sim-

281 1066 447 1115 pliciter,
474 1074 508 1101 et
522 1067 698 1101 dumtaxat
727 1064 908 1100 electivum
925 1089 936 1105 ,
965 1076 1023 1099 nec
1050 1063 1083 1098 in
1103 1061 1268 1103 eiusmodi
1287 1062 1485 1097 Votantium
1515 1063 1707 1104 electione,
1738 1076 1799 1101 seu.

288 1115 518 1161 assumptione
545 1114 716 1156 muneris,
749 1113 803 1149 vel
824 1114 940 1150 Officii
972 1111 1203 1148 Referendarii
1231 1110 1440 1157 prioritatem
1480 1111 1554 1147 fore
1584 1112 1733 1158 amplius
1749 1122 1798 1149 at.

289 1165 517 1205 tendendam,
542 1164 600 1200 sed
628 1163 790 1199 Votantes
825 1162 1019 1203 huiusmodi
1058 1163 1098 1198 ad
1113 1171 1287 1200 nostram,
1327 1170 1363 1195 et
1379 1172 1440 1205 pro
1471 1169 1624 1207 tempore
1656 1162 1801 1198 existen-

291 1216 334 1249 tis
354 1214 498 1249 Romani
533 1212 708 1248 Pontificis
752 1212 954 1248 electionem
970 1235 980 1252 ,
1015 1220 1048 1245 et
1064 1209 1240 1256 providam
1285 1209 1561 1246 deliberationem
1578 1235 1590 1251 ,
1613 1211 1728 1246 habito
1756 1211 1799 1246 ad

292 1262 430 1297 virtutis
467 1261 749 1308 praerogativam,
793 1270 826 1296 et
857 1261 1054 1296 meritorum
1095 1257 1328 1293 excellentiam
1378 1268 1557 1302 respectu,
1583 1259 1758 1303 eligendos
1786 1282 1799 1299 ,

290 1320 324 1347 et
340 1311 557 1347 assumendos
585 1321 655 1345 esse
671 1310 849 1345 statuimus
865 1333 876 1349 ,
900 1309 1115 1344 decrevimus
1136 1330 1147 1346 ,
1188 1314 1222 1340 et
1248 1304 1492 1341 declaravimus
1527 1330 1537 1346 ‚
1583 1317 1615 1341 et
1639 1318 1701 1351 pro
1731 1318 1799 1342 ma-

291 1361 358 1401 iori
385 1359 579 1400 hujusmodi
607 1358 749 1400 statuti,
779 1358 932 1397 decreti,
963 1366 996 1392 et
1013 1354 1249 1392 declarationis
1263 1355 1449 1394 firmitate,
1486 1367 1523 1390 ac
1549 1364 1729 1401 prompta,
1761 1362 1798 1391 et

293 1418 486 1453 opportuna
513 1407 766 1454 exequutione,
805 1406 982 1454 antiquum
1008 1430 1019 1446 ‚
1058 1417 1119 1440 seu
1147 1413 1226 1439 tunc
1261 1402 1408 1438 existens
1438 1403 1621 1449 Signaturae
1649 1403 1797 1444 Justitiae

293 1456 493 1491 Votantium
520 1456 716 1502 Collegium
747 1456 905 1500 penitus,
946 1464 980 1489 et
996 1454 1142 1488 omnino
1165 1452 1447 1495 suppressimus,
1482 1463 1519 1485 ac
1550 1451 1754 1488 extinximus
1785 1477 1797 1493 ‚

293 1516 490 1550 novumque
518 1505 638 1550 partim
665 1517 709 1539 ex
721 1503 894 1549 antiquis,
921 1511 954 1537 et
971 1501 1093 1546 partim
1121 1512 1164 1535 ex
1191 1509 1270 1534 tuuc
1297 1499 1434 1533 noviter
1461 1500 1639 1544 assumptis
1671 1502 1798 1536 Votan-

292 1555 387 1589 tibus
415 1553 565 1598 pietate,
587 1552 773 1591 doctrina,
803 1551 988 1596 ‘prudentia
1011 1574 1022 1590 ‚
1052 1559 1091 1585 ret
1108 1559 1219 1584 rerum
1249 1560 1310 1582 usu
1339 1548 1629 1592 praestantioribus
1659 1571 1671 1588 ‚
1711 1548 1801 1584 Col-

293 1601 421 1647 legium
449 1600 669 1640 hujusmodi,
698 1612 776 1634 cum
792 1599 973 1645 omnibps‚
999 1608 1032 1633 et
1053 1596 1191 1643 singulis
1231 1596 1338 1631 eidem
1377 1595 1543 1642 Collegio
1576 1597 1795 1642 quomodoli-

292 1652 351 1686 bet
374 1649 546 1684 concessis
570 1672 581 1689 ‚
619 1659 679 1683 seu
701 1648 983 1692 competentibus
1005 1647 1140 1685 viuribus
1168 1669 1180 1686 ,
1220 1643 1433 1679 facultatibus
1464 1668 1475 1684 ,
1517 1646 1752 1692 praerogativis
1783 1670 1796 1687 ,

289 1696 554 1746 ,praeeminentiis
571 1721 582 1738 ,
613 1705 647 1732 et
673 1695 860 1742 privilegiis
884 1696 1084 1735 ereximus,
1113 1703 1146 1728 et
1176 1693 1439 1728 constituimus.

389 1747 456 1782 ΙΙΙ.
480 1747 577 1782 Cum
602 1755 714 1781 autem
744 1755 847 1791 super
887 1746 1066 1790 praemissis
1103 1742 1208 1778 literae
1240 1741 1446 1785 Apostolicae
1486 1743 1595 1779 adhuc
1636 1745 1800 1780 confectae

293 1808 361 1832 non
395 1795 563 1836 fuerint,
600 1804 632 1830 et
669 1804 893 1830 memoratam
921 1793 1056 1839 praefati
1099 1791 1250 1838 Collegit
1281 1791 1538 1826 renovationem
1562 1816 1575 1832 ,
1603 1805 1662 1830 seu
1696 1795 1802 1829 refor-

292 1846 478 1882 mationem
496 1869 506 1885 ,
529 1845 797 1885 -cuiusiexactam
825 1843 988 1879 rationem
1021 1843 1053 1877 in
1082 1839 1313 1876 vacationibus
1330 1863 1340 1873 .
1372 1848 1406 1874 et
1430 1840 1657 1878 electionibus
1687 1854 1801 1887 respe-

293 1894 387 1931 ctive
413 1894 545 1930 interim
571 1893 791 1939 -subsequutis
814 1891 996 1928 habuimus
1024 1916 1037 1933 ,
1077 1889 1356 1926 administrationi
1385 1889 1524 1928 justitiae
1562 1892 1662 1927 valde
1702 1892 1802 1937 profi-

294 1955 395 1979 cuam
421 1967 432 1983 ,
460 1952 494 1978 et
531 1942 643 1977 decori
677 1943 827 1982 ejusdem
858 1940 1007 1987 Collegii
1034 1940 1224 1976 admodum
1251 1948 1505 1974 consentaneam
1537 1963 1548 1980 ,
1581 1941 1680 1976 trium
1714 1951 1799 1984 pene

297 2002 459 2027 annorum
487 1990 694 2036 experientia
720 1989 834 2026 edocti
856 1990 1055 2026 fuerimus.
1083 1989 1174 2024 Hinc
1209 1997 1306 2023 motu
1332 2010 1343 2027 ‚
1370 1987 1511 2023 scientia
1538 2013 1550 2029 ,
1586 1989 1799 2024 deliberatio·
1849 1988 1852 1992 '

294 2052 362 2080 ne,
389 2049 424 2075 et
453 2039 624 2086 potestatis
655 2039 872 2085 plenitudine
903 2038 1039 2085 paribus
1065 2064 1078 2079 ,
1107 2038 1211 2073 etiam
1237 2046 1355 2072 tenore
1388 2037 1601 2082 praesentium
1629 2039 1797 2081 praemissa

300 2089 496 2133 plenissime
525 2115 535 2130 ‚
576 2098 609 2124 et
631 2089 836 2135 amplissime
861 2090 1112 2134 approbamus,
1142 2089 1407 2123 confirmamus,
1439 2095 1472 2119 et
1502 2086 1727 2125 innovamus,
1759 2085 1797 2119 il-

297 2136 408 2180 lisque
436 2148 632 2183 perpetuae,
662 2148 694 2173 et
722 2137 926 2172 inviolabilis
957 2135 1122 2171 firmitatis
1145 2136 1252 2167 robur
1275 2132 1483 2172 adjicimus3
1517 2142 1551 2167 et
1575 2132 1793 2169 nihilominus

299 2184 412 2219 omnia
430 2209 442 2225 ‚
470 2195 505 2219 et
527 2186 660 2231 singula
698 2185 870 2229 praem'issa
896 2184 1049 2220 iterum,
1075 2189 1166 2214 etex
1193 2180 1322 2224 integro
1346 2177 1445 2213 etiam
1473 2183 1590 2217 harum
1617 2184 1702 2218 serie
1731 2192 1795 2218 sta.

300 2233 452 2272 tuimus,
475 2233 722 2270 decernimus,
748 2239 782 2265 et
812 2229 1045 2269 declaramus,
1072 2239 1109 2263 ac
1135 2227 1168 2262 in
1197 2227 1355 2263 omnibus
1379 2251 1391 2267 ,
1425 2237 1458 2262 et
1487 2243 1547 2275 per
1580 2232 1692 2267 omnia
1717 2242 1795 2277 per.

300 2280 410 2326 petuis
431 2281 556 2315 *futuris
584 2280 793 2325 temporibus
823 2276 1064 2314 inviolabiliter
1082 2301 1093 2316 ,
1118 2285 1155 2311 et
1176 2276 1373 2311 inconcusse
1398 2277 1573 2316 observari
1601 2282 1764 2316 volumus
1780 2303 1793 2322 ,

302 2339 336 2365 et
365 2329 587 2364 mandamus·

399 2378 464 2413 IV.
490 2377 653 2413 Praeterea
674 2377 716 2411 ad
739 2373 939 2421 praeclarum
976 2373 1171 2415 hujusmodi
1204 2373 1403 2420 Signaturae—
1420 2377 1564 2419 Justitiae
1592 2378 1791 2415 Votantfum

304 2425 531 2473 Collegium,
556 2438 621 2462 nec
647 2437 713 2460 non
729 2427 770 2461 ad
798 2423 978 2460 laudabilia
1005 2422 1181 2469 probitatis
1208 2447 1219 2463 ,
1253 2433 1288 2459 et
1319 2424 1484 2463 virtutum
1513 2427 1714 2463 dilectorum
1740 2427 1793 2463 Fi.

304 2475 428 2511 tiorum
454 2478 693 2512 modernorum
724 2474 925 2511 vorantium
952 2472 1145 2515 hujusmodi
1174 2473 1316 2513 merita,
1345 2485 1489 2521 paternae
1514 2477 1698 2523 dirigentes
1716 2488 1792 2512 con-

304 2524 516 2560 siderationis
540 2525 726 2566 intuitum,
752 2536 791 2560 ac
818 2523 964 2568 benigne
993 2524 1264 2568 perpendentes,
1296 2535 1458 2568 quantum
1483 2526 1612 2563 decoris
1641 2539 1683 2563 ex
1707 2535 1790 2570 prae..

306 2573 378 2608 fato
418 2573 579 2621 Collegio
616 2574 792 2623 Romanae-
808 2571 925 2610 Curiae
946 2595 958 2613 ,
989 2580 1219 2620 quantumque
1249 2571 1402 2612 utilitatis
1432 2588 1475 2615 ex
1506 2575 1623 2614 sedulo
1651 2573 1787 2610 illorum

1700 2621 1790 2668 iabo-
