2075 3167
517 308 575 349 34
812 291 889 334 DE
918 289 1054 339 JURE
1084 286 1425 331 SIGNA'I'URAE
1457 283 1718 335 JUSTITIAE

523 355 586 395 mo
599 349 830 402 diminutio,
860 361 899 393 et
925 351 980 393 acl
1008 349 1224 407 infieriorem
1264 348 1491 408 dignitatem
1525 349 1729 389 descensus
1760 341 1839 386 dici
1851 352 1979 401 posset
1995 357 2011 386 .·

642 411 789 468 Quum
813 410 1008 454 solemnes
1027 411 1134 453 fiunt
1149 408 1429 465 Equitationes
1444 439 1458 458 ,
1488 420 1526 450 et
1543 407 1586 449 fit
1607 403 1805 448 intimatio
1820 417 1889 461 per
1906 402 2012 446 Cut-

527 486 634 514 sores
665 471 774 514 domi
810 471 973 513 dimissa
1005 470 1121 527 copia
1156 468 1346 510 omnibus
1368 500 1382 519 ,
1414 468 1485 525 qui
1518 466 1698 509 interesse
1732 463 1912 508 debent,
1949 463 2014 504 in-

525 529 696 574 structio
710 562 724 581 ,
759 543 867 585 quae
887 528 1120 572 efformatur
1141 530 1191 571 ab
1208 527 1530 585 Apostolicarum
1546 523 1910 568 caeremoniarum
1928 522 2018 563 Ma-

526 588 647 646 gistro
665 622 678 641 ,
709 591 891 633 continet
908 589 1028 631 etiam
1046 587 1351 638 intimationem,
1363 587 1467 630 hisce
1489 586 1739 645 potissimum
1761 580 1893 625 verbis
1912 581 2019 622 dire-

524 661 628 691 ctam
664 649 917 692 Votantibus
936 679 948 698 ‚
983 661 1021 690 et
1052 646 1346 689 Referendariis
1378 646 1616 704 Signaturae
1646 643 1848 685 :oderunt
1868 653 2016 697 quoque

525 707 699 750 Auditor
716 708 905 765 generalis
937 709 984 751 R.
1006 707 1050 749 C.
1072 704 1125 747 Α.
1146 721 1219 748 erc.
1244 706 1428 749 Votantes
1447 706 1683 765 Signaturae
1718 713 1790 744 etc.
1819 700 1904 742 ideo
1932 699 2019 741 inti-

522 767 850 811 menturDecani
861 781 994 809 omnes
1007 766 1294 825 praedictorum
1314 766 1345 809 C
1345 765 1571 824 ollegiorum
1591 796 1604 814 ‚
1635 762 1701 822 qui
1729 761 1906 818 collegas
1933 773 2021 801 suos

522 828 780 877 admoneant,
811 837 855 869 ut
869 826 993 869 incluti
1014 826 1227 870 Rocclzettis
1246 855 1258 874 ,
1292 836 1329 867 et
1345 824 1604 867 Mantellectis
1639 837 1726 866 cum
1759 819 1872 863 Pileis
1902 817 2023 860 Semi-

517 886 806 944 pontfficalibus
821 902 960 944 ‚super
994 887 1120 929 mulas
1157 885 1346 945 stragulis
1377 885 1506 944 nigris
1538 896 1694 926 ornatas
1727 877 1930 938 equitctturi
1959 877 2024 919 in-

521 946 659 987 tersint
675 977 685 986 .

641 1003 737 1044 Item
757 1005 940 1047 Decanus
977 1004 1202 1048 Votcmtium
1235 1002 1526 1057 Referenclarios
1556 1003 1790 1047 admoneat,
1822 1010 1865 1038 ut
1894 994 2024 1038 induti

516 1061 674 1119 proprio
699 1063 829 1103 habitu
849 1063 1070 1118 quotidiano
1093 1063 1222 1102 mulas
1238 1091 1251 1109 ,
1285 1070 1328 1101 ut
1344 1074 1457 1115 supra
1474 1070 1633 1101 ornatas
1652 1086 1666 1105 ‚
1699 1056 1868 1113 equitent
1889 1085 1900 1097 .

641 1122 722 1164 Pro
752 1118 972 1175 hujusmodi
997 1119 1120 1176 igitur
1155 1117 1410 1174 Equitatione
1440 1116 1663 1158 intimentur
1687 1129 1818 1157 omnes
1837 1147 1851 1166 ‚
1881 1126 1920 1156 et
1941 1113 2025 1156 sin-

520 1179 619 1238 guli
629 1179 724 1221 Εῐΐιὶ
737 1209 749 1227 ‚
782 1192 818 1220 et
834 1178 929 1221 Rn‘u'
947 1178 1029 1219 Dni
1049 1177 1297 1226 Cnrdinales,
1326 1189 1375 1217 ac
1405 1174 1613 1233 supradicti
1645 1173 1836 1224 praelati,
1868 1174 1935 1232 qui
1962 1175 2024 1215 de-

519 1239 613 1280 inde*
635 1237 792 1295 publico
811 1237 1047 1280 consistorio
1075 1239 1096 1293 (
1117 1233 1397 1291 Referendariis
1411 1233 1616 1291 exceptis)
1636 1234 1789 1290 Cappas
1823 1234 1954 1276 incluti
1970 1233 2025 1276 in-

519 1307 692 1340 teret-emt
706 1327 716 1338 .

642 1357 698 1398 Ita
723 1370 898 1410 namque
921 1354 1038 1398 nobis
1065 1354 1279 1412 legendum
1299 1353 1478 1396 occurrit
1493 1353 1534 1394 in
1552 1353 1733 1408 quadam
1760 1352 2018 1396 intimatione

521 1413 744 1471 factaferia
763 1429 808 1470 3.
830 1416 891 1458 die
912 1415 1096 1471 10.junii
1118 1428 1224 1470 1721
1247 1445 1260 1463 ‚
1289 1414 1505 1456 occasione
1524 1413 1755 1455 traditionis
1778 1413 1910 1454 Galeri
1943 1414 2024 1455 Ru-

522 1476 583 1518 bri
601 1475 850 1532 quibusdam
871 1475 987 1519 novis
1015 1473 1339 1524 Cardinalibus‚
1374 1488 1515 1531 nempe
1545 1472 1594 1514 de
1625 1473 1800 1523 Rohan,
1833 1471 1988 1515 Cunha
2009 1504 2023 1526 ,

524 1534 690 1592 aliisque
721 1535 892 1578 Romam
911 1533 1224 1578 advenientibus
1241 1562 1253 1574 .

642 1595 846 1636 Postremo
879 1593 1289 1639 animadvertendum
1321 1606 1404 1641 est,
1443 1592 1620 1649 Ursajam
1652 1592 1693 1634 in
1712 1591 2024 1638 Institutionibus

520 1651 794 1695 criminalibus
810 1655 885 1710 (x)
921 1655 1134 1697 adnotasse
1152 1682 1166 1702 ‚
1197 1653 1423 1707 Utriusque
1453 1653 1691 1710 Signatume
1716 1654 2025 1698 Referendarios

521 1711 564 1752 in
585 1712 836 1756 Civitatibus
854 1714 927 1757 illis
943 1745 956 1764 ,
982 1714 1031 1755 in
1048 1714 1198 1769 quibus
1218 1713 1522 1755 Gubernatores
1544 1711 1567 1754 ὲ
1583 1714 1623 1754 S.
1645 1713 1744 1754 Sede
1763 1713 2024 1770 delegantur,

520 1770 690 1813 Missam
736 1773 992 1817 consuevisse
1028 1773 1224 1815 celebrare
1267 1785 1375 1813 more
1405 1803 1418 1823 ‚
1454 1785 1492 1814 et
1523 1772 1603 1815 ritu
1629 1772 1921 1828 Episcoporum
1936 1803 1949 1820 ,
1985 1785 2024 1816 et

521 1831 755 1887 praesertim
777 1832 1106 1874 Gubernatorem
1133 1830 1340 1871 Caesenae
1360 1861 1373 1878 ,
1403 1831 1658 1884 proindeque
1677 1831 1871 1870 adversus
1896 1830 2028 1887 ipsum

520 1890 558 1930 S.
578 1890 748 1932 Rituum
767 1889 1147 1947 Congregationern
1165 1888 1234 1929 sub
1250 1887 1310 1929 die
1331 1901 1372 1943 9.
1386 1887 1575 1940 februarii
1593 1887 1714 1941 1675.
1734 1888 2023 1933 resolutionem

519 1949 727 2006 evulgasse
761 1980 774 1998 ,
809 1964 891 2005 qua
928 1948 1146 1990 declaravit
1165 1963 1175 1987 :
1192 1959 1268 1987 non
1290 1946 1401 1986 licere
1433 1943 1555 1984 Illffiis
1597 1945 1697 1985 DD.
1734 1943 2021 1998 Refhrenclariis

520 2007 710 2050 SSffii‘D.
728 2009 785 2049 N.
811 2010 944 2065 Papae
962 2039 976 2058 ,
1006 2021 1054 2049 ac
1079 2004 1359 2047 Protonotarz'is
1386 2001 1614 2059 Apostolicis
1643 2003 1860 2045 honorariis
1878 2037 1890 2054 ,
1918 2006 2027 2050 Mis...

519 2082 605 2109 mm·
635 2066 916 2110 celebrantibus
944 2067 985 2109 in
1018 2064 1243 2107 Civitatibus
1264 2092 1277 2110 ,
1306 2076 1468 2119 quarum
1503 2061 1691 2120 regimini
1712 2062 2025 2121 praeficiuntur,

519 2126 578 2169 uti
598 2126 734 2169 ritibus
748 2159 762 2178 ‚
793 2126 863 2184 qui
885 2125 1039 2185 proprii
1055 2123 1245 2164 Εἰΐιονιυη
1267 2119 1531 2163 Cardinalt‘um
1550 2152 1563 2171 ‚
1597 2132 1634 2163 et
1657 2122 1936 2181 Episcoporum
1965 2128 2025 2169 vi.

519 2186 684 2236 dentum,
717 2188 786 2229 sed
803 2187 923 2228 iidem
956 2197 1036 2225 rem
1067 2196 1217 2224 sacram
1240 2181 1376 2235 facere
1410 2191 1615 2222 teneantur
1646 2197 1752 2225 more
1787 2197 2021 2229 caeterorum

521 2246 777 2289 sacerdotum
795 2276 808 2295 ,
835 2253 955 2302 prout
970 2242 1011 2284 in
1021 2241 1190 2300 privatis
1207 2240 1344 2284 Missis
1361 2241 1636 2298 praescriptum
1646 2241 1731 2297 fuit
1750 2243 1962 2286 Abbatibus
1979 2247 2021 2289 in

520 2305 679 2347 decreto
690 2303 793 2346 circa
809 2318 924 2346 usum
955 2301 1258 2359 Pontificalium,
1272 2300 1456 2343 Praelatis
1471 2300 1660 2359 Episcopo
1674 2301 1851 2356 inferiori
1855 2304 1923 2344 bus·
1939 2320 2026 2348 con-

522 2377 706 2407 cess-orum
726 2394 741 2414 ,
772 2372 963 2405 emanata
979 2364 1031 2405 ab
1065 2361 1197 2404 eadem
1217 2361 1262 2401 S.
1283 2361 1314 2402 C
1314 2359 1596 2419 ongregatione
1610 2391 1625 2410 ,
1654 2362 1781 2405 habita
1802 2377 1930 2404 coram
1947 2363 2018 2419 fel.

1899 2437 2016 2466 mem.

999 2492 2021 2508 ———————-—-—-——m

572 2549 625 2590 (κ)
648 2550 753 2583 Lib.x.
767 2552 826 2584 Tit.
845 2558 898 2583 10.
914 2551 953 2584 de
967 2550 1154 2586 Criminibus
1168 2559 1251 2584 mer!
1266 2548 1437 2585 Ecclesiast
1445 2551 1505 2583 icis
1522 2551 1730 2585 Innominatis
1749 2561 1780 2582 n.
1795 2557 1870 2591 142.
