1993 3195
655 345 694 387 C
730 346 767 387 Α
800 346 829 387 Ρ
863 344 975 389 [J‘T
1023 345 1094 393 H·
1517 374 1564 402 11

129 410 264 460 tione;
294 406 389 448 hinc
417 405 613 449 debitores
630 404 682 448 ita
700 407 921 456 conventi,
947 420 994 450 ut
1014 408 1200 465 temporis
1240 411 1439 456 beneficio
1471 373 1596 462 utari?

129 482 225 518 tur,
256 466 463 510 citationes
479 465 638 508 faciunt
663 479 797 508 coram
829 466 1030 509 Auditore
1061 469 1300 526 Signaturae
1320 502 1334 520 ,
1370 473 1441 529 qui
1477 474 1593 531 jubet

128 544 197 588 per
212 539 335 570 totam
358 524 586 566 audientiae
607 525 711 566 diem
732 526 855 583 recipi
877 525 1135 578 cautionem;
1161 543 1244 583 qua
1274 530 1463 573 citatione
1493 549 1593 590 pen-

129 588 244 630 dente
261 618 273 635 ‚
295 583 458 640 ejusque
475 583 618 626 decreti
638 585 808 626 termino
835 600 921 627 non
948 585 1084 643 elapso
1100 618 1113 636 ,
1148 589 1391 632 mandatum
1423 591 1592 647 aliquod

127 644 308 702 expediri
329 659 412 684 non
430 656 558 700 potest
575 674 588 692 ,
619 643 716 684 alias
735 658 972 687 attentatum
993 646 1167 688 omnino
1186 661 1289 691 esset
1302 679 1314 690 .

246 706 342 748 Item
359 705 409 744 ad
425 703 616 746 tollendas
627 718 789 754 omnes,
804 718 842 746 et
857 718 1135 761 quascumque
1157 706 1420 751 inhibitiones
1438 740 1450 758 ‚
1481 725 1589 766 quae

127 765 170 807 in
191 764 380 807 omnibus
398 762 527 805 causis
560 762 642 803 fieri
663 763 909 820 contingunt
927 795 940 812 ,
974 778 1159 807 recursus
1192 767 1236 809 fit
1277 782 1411 810 coram
1445 773 1589 816 eodem

124 825 325 866 Auditore
342 855 355 872 ,
383 822 455 874 qui
494 823 525 864 si
548 822 759 879 agnoverit
791 838 856 864 eas
903 837 983 863 esse
1029 824 1222 868 tollendas
1240 857 1252 875 ‚
1287 827 1465 871 decernit
1500 846 1583 872 non

124 884 279 926 afficere
300 883 347 925 ad
367 880 548 925 effectum
566 882 809 938 impediendi
829 895 965 925 actum
986 880 1033 924 de
1051 899 1136 940 quo
1154 886 1313 943 agiturt,
1343 903 1423 943 qua
1454 889 1586 931 decla-

122 944 281 985 ratione
296 955 466 998 sequuta
485 941 746 983 inhibitiones
763 941 847 982 illae
862 957 946 983 non
966 957 1140 999 possunt
1161 946 1331 1003 amplius
1341 961 1504 990 causare
1525 962 1586 991 at-

89 1006 93 1012 *
118 1014 276 1044 >tentata
294 1033 306 1050 ,
338 1002 397 1042 uti
415 1001 592 1042 sublatae
612 1015 636 1040 a
655 1002 761 1057 Papa
796 1016 983 1057 supremo
1017 1003 1198 1060 Principe
1216 1036 1230 1054 ‚
1263 1004 1382 1058 cujus
1415 1008 1585 1048 nomine

124 1059 359 1102 Cardinalis
377 1060 601 1101 Praefectus
618 1091 631 1108 ,
662 1059 847 1114 illiusque
864 1060 1044 1101 Auditor
1065 1062 1241 1105 rescribit
1258 1080 1270 1112 ς
1297 1079 1419 1120 prout
1437 1080 1485 1108 ex
1503 1066 1580 1107 De-

121 1119 261 1161 cisione
279 1119 379 1160 Celsi
396 1119 466 1174 (1)
484 1120 652 1159 adnotat
675 1117 949 1160 Constantinus
966 1121 1019 1160 acl
1034 1120 1188 1162 Statum
1211 1124 1324 1164 Urbis
1341 1124 1415 1179 (2)
1439 1156 1450 1166 .

239 1176 475 1228 Aliquando
501 1176 664 1213 rabulae
681 1176 855 1224 forenses
872 1177 960 1215 lites
978 1178 1018 1215 in
1038 1179 1204 1233 longum
1235 1184 1464 1234 protrahere
1497 1196 1584 1226 stu-

117 1234 217 1276 dent
236 1262 248 1281 ,
281 1245 318 1273 et
338 1231 389 1272 ne
410 1230 554 1272 decreti
574 1231 665 1288 ipsis
679 1232 874 1272 contrarii
895 1235 1114 1288 exequutio
1147 1250 1311 1293 petatur
1330 1269 1342 1286 ‚
1373 1240 1583 1284 citationes

116 1292 242 1336 factas
263 1307 335 1349 pro
352 1288 592 1348 repositione
612 1290 660 1331 ad
682 1288 864 1332 effectum
886 1291 1129 1348 impediendi
1160 1311 1244 1337 non
1279 1298 1517 1352 producunt
1534 1302 1579 1342 in

116 1351 310 1405 judicum
340 1349 547 1392 audientia
564 1380 577 1398 ,
600 1363 645 1391 ut
664 1364 811 1391 manus
837 1350 978 1392 liberas
998 1352 1018 1407 (
1038 1351 1079 1392 in
1109 1353 1240 1395 Curia
1274 1356 1461 1412 dicitur)
1491 1373 1577 1400 non

118 1411 265 1454 habeat
283 1411 441 1468 litigans
455 1410 583 1453 victor
602 1425 615 1458 .·,
647 1424 693 1449 eo
710 1409 818 1450 enim
836 1424 931 1450 casu
950 1410 993 1450 fit
1009 1411 1145 1453 citatio
1165 1428 1300 1455 corarn
1318 1415 1426 1457 dicto
1444 1417 1580 1458 Audi-

114 1482 200 1513 tore
236 1472 289 1512 ad
325 1470 552 1513 videndum
586 1467 777 1509 declarari
799 1497 812 1515 ‚
848 1467 1056 1510 citationes
1085 1470 1210 1513 factas
1227 1504 1239 1521 ‚
1274 1486 1311 1514 et
1341 1473 1547 1517 faciendas
1563 1507 1578 1526 ,

115 1530 286 1588 amplius
306 1545 390 1571 non
412 1529 566 1586 recipi,
608 1541 645 1570 et
681 1526 915 1580 justissimae
952 1527 1163 1571 instantiae
1181 1531 1326 1587 passim
1364 1534 1578 1578 assentitur

115 1587 296 1632 Auditor
313 1621 328 1639 ,
368 1603 414 1631 ut
442 1587 706 1631 dilationibus
729 1598 967 1630 occurratur
987 1601 999 1636 ;
1029 1600 1068 1629 et
1083 1590 1267 1644 quamvis
1285 1591 1417 1633 edicto
1436 1593 1577 1635 Refor-

113 1649 301 1690 mationis
329 1648 485 1692 Curiae
518 1661 707 1690 caveatur
722 1677 735 1697 ‚
768 1646 924 1689 tertiam
941 1645 1169 1690 citationem
1189 1664 1272 1691 non
1292 1651 1576 1707 reproductarn

111 1707 155 1748 in
176 1708 386 1751 audientia
414 1723 526 1766 posse
547 1706 720 1762 impune
739 1706 872 1763 sperni
894 1734 906 1752 ‚
937 1719 1071 1748 tamen
1093 1736 1106 1754 ,
1139 1721 1186 1750 ut
1198 1710 1378 1751 securius
1399 1723 1545 1766 agatur
1560 1742 1575 1761 ,

111 1779 151 1808 et
165 1765 217 1806 ne
238 1765 425 1822 deinceps
445 1768 486 1810 in
507 1767 592 1809 aliis
608 1765 787 1819 ejusdem
805 1766 967 1809 Causae
986 1765 1141 1809 actibus
1156 1767 1202 1809 id
1223 1767 1293 1811 fiat
1312 1799 1325 1818 ‚
1354 1767 1436 1825 jam
1468 1768 1574 1812 dicta

112 1823 258 1882 agendi
275 1823 491 1864 methodus
509 1836 691 1866 servatur
709 1854 720 1864 .

231 1881 298 1921 Ad
316 1880 503 1922 eumdem
528 1880 772 1922 Auditorem
793 1883 965 1937 pertinet
981 1911 994 1930 ,
1026 1898 1176 1927 novam
1215 1886 1466 1929 audientiam
1490 1889 1572 1934 sive

109 1939 311 1981 licentiam
331 1940 378 1979 de
393 1939 584 1980 redeundo
605 1939 658 1979 ad
675 1939 932 1996 Signaturam
949 1943 1167 1986 concedere
1183 1974 1196 1994 ,
1230 1961 1360 2001 quum
1375 1978 1388 1995 ,
1418 1962 1574 2004 nempe,

108 2000 216 2046 Pars,
233 1995 338 2036 illam
356 2009 509 2053 petens,
529 1996 715 2037 habuerit
731 1999 772 2037 in
790 1999 918 2054 prima
945 2002 1218 2059 propositione
1235 2017 1378 2046 votum
1404 2005 1575 2060 aliquod

105 2054 331 2100 favorabile
344 2086 357 2104 ,
375 2054 437 2099 vel
455 2054 485 2094 si
503 2054 690 2096 ostendat
705 2069 861 2098 novum
882 2059 1048 2115 aliquod
1066 2062 1262 2105 motivum
1281 2062 1323 2104 in
1341 2063 1448 2105 facto
1463 2095 1476 2113 ‚
1508 2065 1572 2108 vel

107 2115 151 2157 in
169 2115 255 2172 jure
276 2143 288 2160 ‚
321 2115 422 2156 adeo
436 2113 652 2155 subsistens
671 2144 683 2162 ,
716 2128 764 2154 ut
779 2116 900 2170 possit
920 2133 1080 2172 sperare
1101 2135 1296 2164 recessum
1312 2137 1337 2163 a
1363 2122 1492 2180 prima
1513 2138 1573 2166 re.

108 2174 306 2217 solutione
324 2174 423 2231 (3);
453 2186 491 2215 et
503 2187 550 2213 eo
567 2187 659 2213 casu
680 2172 723 2214 fit
739 2172 875 2214 citatio
896 2202 909 2221 ‚
943 2190 1066 2231 prout
1084 2181 1268 2234 sequitur
1284 2212 1294 2223 .

610 2233 713 2273 Εῖΐιο
731 2232 774 2272 S.
796 2231 827 2271 Ι.
846 2233 891 2272 Ρ.
910 2234 989 2276 sive
1006 2248 1075 2277 erc.

224 2294 255 2334 C
255 2293 373 2335 iretur
387 2291 443 2333 N.
462 2291 518 2331 N.
537 2305 589 2333 ex
603 2292 762 2332 aduerso
778 2292 1013 2335 Procurator
1029 2308 1197 2340 assertus
1213 2298 1268 2339 N.
1291 2299 1349 2342 N.
1369 2316 1421 2344 esc
1434 2304 1567 2344 adver-

110 2363 154 2393 so
173 2351 396 2411 Principalis
416 2381 429 2399 ‚
459 2352 512 2392 ad
529 2351 735 2392 videndum
752 2350 824 2392 sibi
847 2351 1040 2410 impartiri
1070 2355 1263 2400 licentiam
1297 2361 1344 2401 de
1369 2361 1562 2402 redeundo

1061 2415 1090 2454 P
1516 2420 1569 2460 ad

1211 2497 1362 2514 —h—

424 2495 889 2510 d———sss—
1523 2505 1569 2516 —

155 2555 209 2594 (1)
234 2557 334 2587 Decis.
357 2555 434 2586 281.
452 2569 534 2589 num.
560 2568 591 2596 4.
912 2559 967 2600 (3)
995 2559 1188 2593 Constantz'n.
1219 2553 1338 2593 Adno‘t.
1372 2569 1425 2600 52·
1458 2570 1556 2595 arm.

157 2600 211 2640 (2)
238 2602 318 2632 Sect.
341 2607 369 2631 ι.
388 2602 474 2634 Adn.
491 2611 544 2642 52.
565 2609 625 2634 art.
645 2611 676 2633 1.
865 2608 935 2635 sect<
949 2610 981 2634 2.
1005 2613 1091 2638 num.
1108 2602 1165 2645 48.
