1952 3167
381 320 464 365 140
646 309 722 352 DE
753 309 890 364 JURE
922 311 1268 354 SIGNATURAE
1302 310 1559 368 JUSTITIAE

378 368 638 411 necessariam
655 384 733 411 esse
752 402 765 420 ‚
802 386 884 412 non
915 374 1094 415 obstante
1141 373 1434 416 consuetudine
1466 372 1506 412 in
1525 366 1772 412 contrarium
1805 397 1820 410 0

378 428 624 471 Dubitatum
654 429 875 485 aliquando
892 432 997 482 fuit,
1029 448 1080 473 an
1113 433 1320 474 Colieretles
1351 431 1500 473 citandi
1527 430 1606 471 sint
1634 428 1675 468 ln
1703 427 1824 469 actio-

377 502 426 528 ne
446 488 641 544 personali
662 518 675 536 ,
696 502 733 530 et
750 504 822 545 pro
841 492 1033 540 mandato
1047 504 1185 533 contra
1207 494 1313 533 bona
1342 488 1579 532 hereditaria
1597 503 1609 537 ;
1624 499 1662 528 et
1678 484 1820 542 Signa-

347 600 351 604 *
376 559 465 588 tura
493 548 533 587 in
552 548 731 588 Romana
754 547 1122 606 Circumscriptionis
1139 564 1208 606 27.
1229 550 1388 607 augusti
1410 548 1535 603 1778.
1567 543 1722 588 censuit
1738 544 1819 610 8qu

377 605 494 647 ficere
513 638 526 655 ,
560 607 673 661 quod
692 606 832 649 citetur
857 623 968 649 unus
999 622 1157 651 tantum
1185 625 1232 651 ex
1251 608 1324 651 illis
1343 639 1355 658 ,
1395 607 1464 663 qui
1485 605 1682 664 possideat
1700 633 1714 653 2
1747 617 1822 644 fflSl

380 677 418 707 et
432 665 495 706 alii
514 665 708 721 doceant2‚
722 681 759 707 se
778 667 923 721 pariter
942 668 1140 724 possidere
1160 701 1170 711 .

495 723 713 766 Camerales
742 725 951 768 Citationes
995 727 1034 767 in
1070 728 1217 771 Causis
1249 729 1296 770 de
1327 729 1510 786 partibus
1530 758 1543 776 ‚
1579 724 1651 767 ubi
1687 721 1823 764 adhuc

379 783 574 825 sententia
608 783 685 825 lata
714 799 797 825 non
826 784 906 835 sit,
942 800 1025 827 non
1056 788 1325 831 attenduntur
1360 803 1407 830 ex
1444 783 1718 830 Constitutione
1752 782 1828 821 Be-

379 840 526 884 nedicti
558 856 643 885 XIV.
682 843 796 900 (1);
839 860 910 886 nec
943 847 1143 887 secundae
1176 879 1188 896 ,
1230 849 1291 890 vel
1332 847 1536 888 ulteriores
1576 842 1827 886 continentes

378 900 559 942 eamdem
595 902 827 944 instantiam
872 918 959 959 post
1006 905 1334 961 protestationem
1376 905 1557 946 emissam
1603 903 1645 943 in
1685 902 1796 943 Urbe
1815 928 1830 948 ‚

381 972 484 1011 quae
503 959 649 1000 dicitur
668 974 678 1000 ε
701 961 1003 1017 Nil1ilfieri(2)
1023 993 1035 1010 ,
1057 963 1204 1003 factam
1241 965 1429 1006 adversus
1454 962 1623 1017 primam
1642 991 1655 1009 2
1685 973 1832 1014 quam·

378 1016 437 1059 vis
458 1016 592 1071 aliqua
620 1017 791 1058 variatio
819 1020 973 1060 intersit
1007 1020 1109 1060 inter
1140 1022 1338 1075 primam,
1366 1033 1404 1061 et
1432 1019 1653 1060 secundam
1672 1046 1684 1065 ‚
1712 1017 1834 1058 durn-

379 1074 502 1116 modo
533 1089 616 1116 non
643 1075 693 1117 sit
710 1077 1002 1126 substantialist,
1025 1077 1076 1118 ita
1096 1077 1137 1117 in
1153 1078 1338 1119 Fit-mana
1360 1091 1428 1132 27.
1452 1076 1678 1134 septembris
1698 1076 1828 1132 1787.

380 1133 601 1176 Confectae
640 1135 789 1190 absque
825 1137 1074 1192 expressione
1116 1138 1290 1179 nominis
1329 1135 1498 1192 alicujus
1531 1150 1578 1176 ex
1615 1138 1834 1177 Locumte-

379 1192 571 1234 mentibus
597 1194 649 1234 Α.
681 1193 724 1233 C.
759 1224 771 1242 ,
817 1194 1044 1250 intelligitur
1088 1194 1132 1237 lis
1173 1207 1388 1237 contestata
1438 1209 1573 1235 coram
1607 1193 1660 1234 A.
1692 1194 1833 1235 fimet

376 1249 490 1292 imita
525 1250 767 1305 Signaturae
801 1253 1083 1294 resolutionem
1133 1254 1174 1293 in
1208 1255 1334 1295 Causa
1368 1255 1625 1293 Interamrzen.
1651 1251 1835 1293 Attemcz-

377 1322 503 1350 torum
534 1310 606 1350 28.
637 1310 730 1350 maii
754 1325 879 1366 1759.
915 1312 1034 1366 Quae
1069 1311 1274 1353 intimatae
1308 1325 1404 1353 sunt
1434 1324 1541 1351 extra
1576 1311 1750 1358 Urbem,
1776 1326 1834 1354 re·

377 1367 549 1425 produci
584 1369 731 1411 debent
757 1369 861 1410 infra
883 1385 1055 1410 mensem
1076 1370 1144 1427 (3)
1164 1401 1173 1411 .
1206 1372 1252 1411 In
1272 1371 1421 1412 Causis
1448 1368 1753 1411 Beneficialibus
1790 1370 1833 1411 in

378 1426 529 1481 quibus
563 1427 681 1468 datus
719 1441 775 1469 est
804 1442 933 1469 certus
964 1430 1194 1478 Executor‚
1224 1429 1431 1469 citationes
1461 1441 1596 1469 coram
1615 1427 1832 1483 Signatura

376 1497 474 1527 sunt
488 1485 754 1526 attendendae
773 1501 786 1535 3
810 1486 863 1526 ita
882 1500 927 1526 ea
964 1486 1135 1528 decrevit
1154 1487 1193 1526 in
1212 1487 1406 1527 Asculana
1422 1518 1434 1535 ‚
1470 1501 1540 1527 seu
1573 1484 1766 1542 Aprutina
1789 1488 1831 1529 8.

376 1543 509 1599 aprilis
543 1545 695 1600 ῐ778.,
715 1545 756 1585 in
785 1559 866 1600 qua
883 1576 896 1593 ,
926 1544 1131 1600 designato
1159 1547 1620 1600 Executore,exequuta
1642 1545 1834 1588 Camera-

376 1601 402 1641 li
431 1603 617 1644 citatione
652 1619 788 1646 coram
817 1601 1033 1659 Signatura
1063 1635 1076 1654 ‚
1110 1619 1236 1660 eaque
1283 1605 1483 1661 pendente
1511 1606 1712 1646 Executor
1742 1621 1835 1662 pro-

375 1660 487 1701 cessit
517 1662 568 1702 ad
582 1662 801 1711 ulteriora]
832 1675 868 1703 et
887 1665 937 1704 ab
948 1677 992 1703 ea
1010 1665 1246 1720 rescriptum
1263 1663 1343 1705 fuit
1363 1679 1373 1703 ε
1395 1663 1505 1704 alteri
1520 1678 1571 1704 ex
1583 1664 1731 1721 integro
1744 1679 1833 1707 cum

367 1717 556 1772 facultate
587 1721 804 1778 exequendi
830 1720 1250 1778 litteras-Apostolicas
1280 1754 1290 1763 .
1326 1724 1424 1763 Non
1461 1722 1729 1765 attenduntur
1759 1724 1832 1766 ubi

376 1792 640 1833 praeventum
668 1780 790 1823 fuerit
824 1781 866 1821 in
901 1781 1115 1837 Signatura
1144 1783 1397 1839 Legationum
1437 1782 1512 1836 (4)
1538 1811 1548 1820 .
1589 1783 1639 1823 Et
1667 1782 1836 1826 demum

376 1837 516 1892 quoad
546 1837 642 1879 alios
671 1853 785 1879 casus
805 1866 819 1884 ‚
845 1838 1053 1892 inquibus
1073 1840 1342 1880 attendendae
1360 1839 1419 1881 Vel
1439 1853 1489 1878 ne
1507 1838 1584 1881 sint
1603 1842 1834 1885 Camerales

379 1894 602 1945 citationes,
619 1912 711 1954 prae
729 1896 855 1938 oculis
876 1897 1063 1938 habenda
1094 1910 1150 1939 est
1167 1897 1318 1954 pluries
1343 1897 1505 1940 laudata
1526 1899 1729 1942 Benedicti
1743 1915 1832 1944 x1v.

376 1952 656 2004 Constitutio;
689 1971 771 2010 qua
793 1954 1080 2013 praescribitur
1093 1987 1107 2006 ,
1123 1956 1338 1999 citationes
1356 1955 1583 2002 cameram,
1601 1957 1834 2012 quaejuxta

371 2011 506 2053 stilum
526 2013 681 2054 Curiae
700 2014 914 2069 impressae
931 2026 1091 2057 tanturn
1108 2028 1230 2065 sunt,
1267 2027 1305 2056 et
1320 2028 1405 2054 non
1428 2013 1671 2068 subscriptae
1691 2029 1712 2055 a
1730 2015 1832 2058 Car-

373 2070 504 2113 dinale
537 2073 740 2115 Praefecto
760 2102 772 2122 ‚
804 2074 863 2117 vel
892 2073 1093 2114 Auditore
1114 2103 1126 2119 ‚
1161 2086 1233 2115 aut
1273 2086 1411 2113 eorum
1443 2071 1614 2114 Notario
1644 2101 1657 2119 ,
1677 2073 1719 2113 in
1738 2089 1834 2131 par-

372 2127 481 2170 tibus
507 2132 843 2173 transmittuntur
858 2161 871 2178 ‚
888 2129 1154 2170 attendendas
1179 2143 1263 2169 esse
1298 2159 1311 2177 ,
1330 2141 1410 2170 tam
1431 2130 1473 2170 in
1490 2130 1640 2172 Causis
1654 2147 1830 2176 summae

372 2188 612 2242 appellabilis
628 2220 641 2238 ‚
672 2200 877 2242 quatenus
898 2185 1042 2227 citetur
1059 2188 1112 2228 ad
1128 2188 1338 2229 videndum
1359 2189 1617 2245 supersederi,
1650 2207 1773 2245 quam
1788 2193 1831 2235 in

370 2245 672 2287 recurribilibus
688 2276 702 2294 ,
731 2260 861 2301 quum
878 2244 1024 2286 citatur
1037 2246 1088 2286 ad
1103 2246 1316 2287 videndum
1345 2247 1583 2306 suhdelegari
1596 2249 1774 2295 Iudicem
1788 2251 1830 2293 in

364 2302 539 2360 partibus
572 2304 613 2346 in
633 2305 768 2361 gradu
784 2318 966 2348 recursus
981 2334 994 2353 ,
1032 2305 1191 2359 quoties
1212 2305 1404 2348 nondum
1423 2323 1444 2350 a
1459 2309 1597 2355 judice
1631 2308 1678 2349 de
1705 2310 1832 2366 parti-

382 2370 1828 2451 ...-.-...,..----.,-..-.-ὒ“3

415 2467 468 2500 (11
492 2466 652 2497 Romanae
693 2467 801 2499 Curiae
840 2471 1067 2511 praestantiam
1186 2470 1240 2510 (3)
1265 2471 1457 2512 Reformatio
1485 2473 1575 2504 Pauli
1592 2473 1631 2504 V.
1671 2472 1726 2505 sub
1750 2472 1804 2504 tit.

369 2504 401 2548 ᾗ.
419 2509 587 2542 citationes
606 2525 624 2545 ‚p
1141 2515 1183 2546 A.
1203 2516 1236 2545 C.
1258 2513 1290 2554 §-
1306 2518 1463 2547 citationes
1481 2539 1488 2546 .

412 2552 468 2594 (2)
489 2555 559 2585 Lac.
577 2556 631 2586 cit.
662 2553 860 2598 §.postrsmo
879 2577 889 2586 .
1186 2562 1239 2601 (4)
1259 2561 1331 2593 Lec-
1352 2563 1404 2594 cit.
1430 2560 1461 2604 ᾗ.
1476 2569 1510 2594 at
1526 2570 1601 2594 vero
1618 2582 1631 2593 .
