1952 3167
302 335 352 364 2²
668 318 732 354 Dr:
758 317 873 361 JURE
902 313 1183 353 SIGNATURAE
1210 313 1422 357 JUSTITIAE

310 370 438 421 quazvis
454 368 517 405 alia
543 369 714 415 expressio
741 368 918 406 habenda,
952 375 1007 401 aut
1035 365 1145 411 aliqua
1169 364 1232 400 alia
1256 362 1424 409 exquisita
1449 362 1558 400 forma
1586 362 1627 397 ad
1644 363 1707 398 hoc
1723 374 1794 399 ser-

312 423 420 458 vanda
447 427 560 459 esset,
594 417 718 452 tenoris
749 414 943 457 huiusmodi
963 438 973 454 ,
1004 426 1040 450 ac
1059 415 1085 449 si
1114 414 1155 448 de
1171 414 1277 448 verbo
1304 414 1496 447 adverbum
1522 435 1532 452 ,
1558 410 1641 446 nihil
1671 413 1801 458 penitus

315 471 465 509 omisso,
492 478 524 502 et
538 468 645 502 forma
670 467 709 501 >in
727 465 792 500 illis
822 464 939 500 tradita
964 465 1168 502 observata,
1198 461 1313 496 inserti
1342 462 1477 500 forent,
1500 461 1716 504 praesentibus
1743 472 1803 506 pro

311 519 521 555 sufficienter
550 515 716 562 expressis
745 515 929 553 habentes,
962 511 1025 545 illis
1053 511 1131 544 alias
1153 509 1184 542 in
1215 519 1277 542 suo
1306 509 1430 561 robore
1462 509 1711 552 permansuris,
1741 513 1802 546 hac

313 568 389 605 vice
414 568 613 605 dumtaxat,
649 564 740 598 etad
765 561 921 598 effectum
952 558 1200 605 praemissorum
1221 567 1374 591 omnium
1393 557 1508 591 harum
1537 556 1622 590 serie
1654 558 1807 600 speciali.

315 627 392 658 ter,
419 625 451 650 et
470 625 625 659 expresse
654 612 879 657 derogamus3
910 617 968 642 aut
995 606 1023 641 si
1042 605 1211 651 aliquibus
1229 605 1461 640 communiter
1478 629 1490 645 ,
1522 602 1576 639 vel
1603 603 1738 640 divisim
1765 607 1806 641 ab

320 667 436 700 eadem
454 664 496 698 sit
513 664 597 697 Sede
611 658 780 695 indultum
799 682 809 699 ,
841 658 935 702 quod
951 655 1132 694 interdici,
1146 653 1306 699 suspendi
1327 677 1338 694 ,
1365 653 1418 689 vel
1436 651 1725 690 excommunicari
1743 665 1808 689 non

320 713 448 760 possint
472 722 533 758 per
559 710 670 745 literas
706 704 919 753 Apostolicas
950 716 1015 740 non
1042 702 1201 739 facientes
1219 701 1349 747 plenam
1367 725 1379 743 ,
1405 711 1440 738 et
1456 714 1674 749 expressam,
1701 713 1739 737 ac
1768 702 1809 737 de

320 763 427 798 verbo
444 763 483 796 ad
498 761 640 794 verbum
658 757 699 792 de
715 756 846 792 indulto
862 753 1057 794 hujusmodi
1076 750 1283 788 mentionem

368 810 463 845 XIX.
502 809 631 844 Verum
667 806 745 852 quia
774 803 910 840 difficile
939 804 1050 842 foret,
1080 810 1256 847 praesentes
1287 799 1399 835 literas
1424 801 1464 836 ad
1494 800 1626 847 singula
1648 799 1746 840 loca,
1778 798 1812 834 in

321 858 445 904 quibus
476 859 517 892 de
542 857 589 891 eis
618 855 698 891 fides
715 854 827 889 forsan
845 852 998 888 facienda
1021 850 1135 890 foret,
1158 849 1290 884 deferre
1310 873 1321 889 ,
1347 848 1532 889 volumus,
1561 857 1596 883 et
1611 850 1727 883 eadem
1755 860 1811 883 au-

321 906 482 941 ctoritate
499 903 721 939 decernimus
747 926 758 942 ‚
789 903 880 947 quod
911 904 1061 946 ipsarum
1090 897 1308 944 transumptis
1327 921 1338 937 ,
1365 898 1465 934 etiam
1486 897 1656 941 impressis
1673 921 1683 936 ‚
1713 907 1813 932 manu

322 952 457 990 Notarii
474 952 603 996 publici
618 950 811 992 subscriptis
826 972 837 988 ,
863 957 895 982 et
913 947 1023 994 sigillo
1043 946 1186 985 alicujus
1216 947 1330 981 Curiae
1359 946 1631 986 Ecclesiasticae,
1657 956 1715 980 seu
1739 955 1816 990 per-

322 1011 412 1036 sonae
429 1000 460 1033 in
476 999 638 1044 dignitate
656 996 891 1032 Ecclesiastica
904 996 1097 1031 constitutae
1121 994 1256 1030 munitis
1270 1018 1280 1034 ,
1296 995 1410 1030 eadem
1433 1006 1572 1039 prorsus
1605 995 1686 1030 fides
1716 993 1748 1028 in
1766 994 1818 1033 iu·

324 1048 439 1088 dicio,
467 1056 502 1082 et
516 1046 595 1082 alibi
615 1069 627 1086 ,
651 1045 710 1081 ubi
725 1057 812 1091 opus
830 1045 960 1085 fuerit,
986 1043 1211 1083 adhibeatur,
1236 1053 1311 1088 quae
1340 1043 1561 1078 adhiberetur
1587 1043 1712 1078 eisdem
1737 1052 1816 1089 prae-

325 1097 474 1133 sentibus
489 1120 500 1138 ‚
524 1096 552 1131 si
566 1095 677 1130 forent
693 1093 872 1135 exhibitae,
901 1093 957 1130 vel
974 1102 1140 1128 ostensae.
1171 1091 1269 1128 Nulli
1296 1100 1363 1126 etc.

399 1146 527 1182 Datum
544 1146 660 1180 Romae
679 1154 733 1178 10.
750 1143 824 1179 Kal.
843 1144 991 1179 Octobr.
1023 1143 1121 1177 Anno
1141 1153 1160 1176 a
1184 1141 1302 1176 Nativ.
1321 1140 1465 1176 Domini
1484 1142 1589 1184 1586.
1621 1139 1743 1176 Indict.
1760 1150 1816 1187 14.

325 1195 382 1230 die
397 1204 478 1230 vero
500 1197 554 1230 16.
570 1193 691 1229 mensis
704 1192 867 1227 Octobris
883 1216 893 1233 ,
924 1191 1146 1227 Po‘ntificatus
1161 1190 1217 1225 SS.
1233 1190 1267 1225 D
1283 1190 1328 1224 N.
1346 1190 1432 1224 Sixti
1455 1190 1571 1226 divina
1597 1188 1814 1236 providentia

327 1243 427 1289 Papae
442 1244 485 1279 V.
500 1245 599 1279 Anno
615 1241 765 1277 secundo
780 1264 790 1275 .

981 1337 1048 1385 N.
1086 1336 1175 1385 lv.

466 1441 618 1490 {Breve
649 1452 770 1504 supet
797 1431 973 1482 Officio
998 1433 1295 1496 Acolytotum
1328 1430 1485 1500 Apost.
1513 1431 1675 1483 collato

696 1504 959 1556 Votantibus
993 1506 1224 1570 Signaturae
1257 1504 1461 1566 Justitiae.

621 1624 1114 1668 ALEXANDER
1163 1626 1363 1656 'P-A‘PA
1414 1624 1523 1656 VII.

785 1674 848 1708 „Ad
870 1680 1061 1722 perpetuam
1093 1671 1142 1706 rei
1159 1671 1376 1707 memoriam.

330 1771 366 1807 Ἰ.
386 1772 577 1858 NUper
601 1773 702 1808 certis
729 1782 771 1809 ex
797 1770 908 1807 causis
929 1778 1009 1806 tunc
1039 1769 1203 1814 expressis
1231 1769 1368 1809 omnia,
1396 1777 1430 1804 et
1455 1767 1583 1816 singula
1610 1768 1721 1803 officia
1742 1767 1824 1803 Sub-

496 1822 718 1857 diaconorum
747 1846 758 1862 ,
801 1829 833 1855 et
867 1820 1100 1864 Acolytorum
1137 1817 1418 1862 Apostolicorum
1447 1826 1718 1862 nuncupatorum
1748 1828 1824 1863 sup·
1858 1830 1862 1833 ·

324 1871 547 1915 pressimus,
578 1880 610 1906 et
637 1869 845 1906 abolevimus
870 1880 937 1903 una
965 1879 1043 1903 cum
1070 1877 1188 1902 eorum
1220 1863 1414 1912 Collegiis,
1445 1867 1605 1906 juribus,
1636 1865 1826 1913 praerogati-

335 1918 389 1955 vis
418 1944 428 1959 ,
460 1929 494 1955 et
534 1919 1070 1964 emulumentis-quibuscumque
1101 1941 1112 1956 ,
1145 1928 1182 1951 ac
1202 1916 1415 1962 singulorum
1448 1916 1763 1959 Subdiaconorum‚
1793 1921 1825 1948 et

337 1968 568 2014 Acolytorum
600 1969 842 2015 praedictorum
866 1966 1072 2001 nominatim
1106 1975 1381 2001 enumeratorum
1409 1965 1515 2000 titulis
1539 1989 1551 2005 ,
1582 1973 1617 1999 et
1639 1961 1824 1998 concessio-

338 2015 464 2057 nibus,
494 2020 538 2053 ita
565 2027 603 2054 ut
621 2030 661 2054 ex
688 2016 825 2053 tunc'in
841 2024 1012 2062 posterum
1041 2014 1173 2060 singula
1199 2014 1356 2062 collegia
1371 2015 1671 2060 praefataextincta
1695 2010 1826 2057 penitus

339 2074 474 2107 essent,
503 2075 535 2102 et
552 2077 721 2103 cessarent
749 2065 913 2105 omniun,
941 2076 1049 2111 neque
1078 2063 1296 2109 singuli„ut
1308 2064 1484 2110 praefertur
1500 2087 1510 2102 ‚
1531 2059 1721 2096 enumerati
1746 2059 1828 2093 Sub-

340 2114 473 2149 diaconi
501 2141 512 2156 ,
535 2127 583 2152 —et
612 2115 754 2162 Acolyti
782 2115 942 2159 appellari
967 2137 978 2152 ‚
1000 2125 1065 2146 seu
1092 2112 1304 2146 denominari
1334 2135 1346 2150 ,
1372 2119 1429 2144 aut
1455 2108 1637 2153 nuncupari
1662 2116 1826 2153 possent,

343 2169 378 2194 et
406 2160 484 2197 alias
503 2174 608 2208 prout
637 2166 669 2198 in
696 2163 831 2197 Cedula
866 2169 978 2194 motus
998 2158 1126 2202 proprii
1144 2159 1245 2192 nostri
1261 2159 1403 2202 desuper
1429 2168 1526 2192 manu
1546 2165 1658 2192 nostra
1685 2157 1826 2202 signata,

345 2210 442 2247 cujus
463 2219 617 2244 tenorem
647 2209 863 2252 praesentibus
889 2216 950 2250 pro
966 2206 1088 2249 plene,
1116 2212 1152 2239 et
1165 2205 1369 2240 sufficienter
1400 2216 1582 2250 express0,
1610 2214 1645 2239 et
1665 2203 1829 2241 verbatim

347 2257 474 2291 inserto
498 2258 613 2292 haberi
639 2256 798 2291 volumus
818 2277 828 2293 ,
857 2253 995 2289 uberius
1027 2253 1243 2288 continetur.
1269 2254 1501 2299 Quamobrem
1526 2266 1570 2289 ne
1594 2262 1740 2300 propter
1754 2264 1832 2298 sup-

346 2306 581 2349 pressionem,
612 2314 645 2341 et
669 2304 889 2340 abolitionem
919 2301 1111 2341 hujusmodi
1128 2313 1187 2336 nos
1205 2327 1216 2342 ‚
1246 2311 1279 2336 et
1309 2303 1453 2338 Romani
1472 2304 1644 2340 Pontificis
1660 2312 1829 2337 successo-

347 2363 398 2387 res
427 2355 530 2389 nostri
561 2353 748 2389 necessario
766 2352 1052 2386 Subdiaconorum
1069 2373 1079 2389 ‚
1096 2358 1138 2384 >et
1157 2350 1383 2398 Acolytorurn
1412 2351 1600 2388 ministerio
1628 2353 1660 2386 in
1687 2347 1827 2386 solemni

348 2402 530 2437 Missarum
555 2427 566 2443 ,
591 2411 625 2437 et
655 2401 796 2437 aliorum
826 2400 1021 2435 'divinorum
1053 2397 1243 2434 officiorum
1271 2399 1520 2441 celebratione,
1550 2400 1746 2446 caeterisque
1759 2398 1827 2434 fun-

349 2451 515 2487 ctionibus
532 2450 774 2488 Ecclesiasticis
805 2459 1002 2489 careamus,
1033 2459 1095 2494 pro
1127 2458 1238 2484 nostra
1266 2449 1425 2495 pastorali
1453 2460 1531 2486 cura
1560 2451 1744 2494 providere
1771 2457 1831 2481 vo·

352 2498 457 2534 lentes
473 2525 484 2541 ,
516 2511 609 2536 motu
632 2499 773 2546 proprio
791 2523 802 2540 ,
831 2510 869 2534 ac
896 2511 936 2534 ex
962 2507 1053 2532 certa
1078 2496 1240 2537 seientia,
1265 2510 1303 2533 ac
1335 2507 1463 2534 matura
1493 2498 1734 2536 deliberatione
1763 2506 1826 2529 no-

350 2547 454 2589 stris,
482 2550 590 2596 deque
617 2547 824 2597 Apostolicae
850 2546 1023 2594 potestatis
1051 2545 1258 2592 plenitudine
1285 2571 1297 2589 ,
1323 2547 1466 2585 dilectos
1491 2548 1579 2586 filios
1602 2543 1825 2594 cappellanus

541 2605 544 2609 ’
1700 2600 1829 2628 nostros
