1993 3195
671 225 709 265 C
741 223 781 263 A
799 225 840 263 -Ρ
872 223 912 264 U
945 222 982 262 T
1043 221 1096 263 V.
1548 226 1628 267 261.

176 299 242 329 tur
259 286 299 326 in
312 285 494 323 Romana
515 281 840 338 jurisprudentia
856 311 869 328 ‚
904 292 940 321 et
976 294 996 319 a
1019 281 1255 320 praetorum
1287 287 1411 319 aetate
1434 282 1626 333 originem

175 342 362 386 habuisse
380 371 392 389 ‚
424 339 648 395 unicuique
668 351 802 396 patet;
835 340 995 380 Praetor
1015 337 1126 378 enim
1158 338 1205 379 de
1226 335 1468 394 possessione
1502 338 1626 378 Inter-

175 402 277 442 dicta
313 400 435 442 dabat
451 430 464 448 ‚
496 398 617 454 idque
649 411 753 440 certa
782 396 954 439 formula
985 395 1156 438 faciebat
1175 424 1187 442 ,
1225 410 1307 449 qua
1342 393 1496 450 aliquid
1516 424 1527 442 ‚
1568 398 1629 438 vel

173 457 370 513 jubebat,
401 459 635 501 velvetabat
653 488 665 506 ‚
706 457 758 498 ita
777 470 907 499 tamen
922 485 934 503 ,
972 470 1017 497 ut
1038 455 1135 496 nihil
1158 453 1317 496 interim
1339 453 1385 492 de
1407 453 1486 509 ipsa
1506 469 1627 496 causa

174 518 372 568 ediceret,
401 530 446 558 ut
465 517 516 558 ad
534 532 615 558 rem
633 518 817 561 observat
834 516 1067 572 Theophilus
1087 515 1159 571 (1)
1178 531 1189 564 3
1211 528 1247 556 et
1263 512 1432 571 proinde
1454 527 1496 553 ea
1518 515 1627 568 apud

172 578 378 618 Romanos
407 575 578 618 invaluit
610 576 975 619 controversiarum
1008 572 1228 619 differentia
1248 606 1261 624 ,
1293 586 1421 615 utaut
1440 571 1487 613 de
1505 570 1592 624 jure
1614 601 1633 620 ,.

174 637 301 679 autin
319 651 358 677 re
376 648 505 677 essent
524 651 536 684 ;
564 634 622 677 ille
645 635 754 676 enim
773 666 785 684 ‚
814 635 885 690 qui
903 648 1090 676 constans
1107 665 1120 682 ,
1139 647 1175 675 et
1190 646 1427 690 perpetuum
1445 629 1507 683 jus
1527 631 1568 671 in
1587 645 1626 672 re

172 695 247 738 sibi
275 707 500 751 competens
517 695 832 751 persequebatur
846 726 860 743 ‚
887 708 1016 749 eoque
1040 694 1204 734 nomine
1220 692 1421 734 actionem
1440 689 1627 732 institue-

173 754 263 803 bat,
297 768 426 810 petere
462 753 672 796 dicebatur
693 781 706 801 ,
744 752 853 794 unde
884 752 1082 810 judicium
1117 752 1346 808 petitorium
1374 749 1548 807 cognitio
1562 748 1631 789 illa

172 812 366 869 appellata
387 812 497 863 fuit;
524 812 585 854 sin
600 811 888 870 possessionem
917 811 1109 868 adipisci,
1142 810 1202 853 vel
1217 811 1401 860 retinere,
1436 809 1496 852 vel
1512 822 1628 849 recu-

169 884 307 926 perare
327 871 440 915 vellet
454 902 467 921 ,
492 886 575 927 qua
602 872 649 912 de
671 885 709 912 re
729 883 824 912 ante
843 871 1047 913 institutas
1060 871 1234 913 actiones
1254 871 1374 911 reales
1392 868 1548 924 saepius
1566 867 1625 907 in-

170 929 329 972 cidebat
362 930 634 974 controversia
655 958 669 977 ‚
696 941 794 972 tunc
811 944 895 972 non
914 942 1044 987 petere
1061 959 1073 978 ,
1104 942 1175 971 aut
1192 943 1304 985 agere
1324 959 1335 974 ,
1369 928 1437 969 sed
1457 925 1624 968 interdi-

171 1001 258 1030 cere
287 989 499 1032 dicebatur
519 1021 529 1032 .

287 1048 343 1090 At
359 1050 411 1088 ad
428 1050 608 1091 semitam
625 1081 638 1098 ‚
666 1050 687 1089 ἐ
705 1063 787 1102 qua
809 1049 986 1106 disgressi
1001 1047 1195 1104 tantisper
1223 1063 1383 1096 sumus,
1402 1047 1627 1095 redeunteS,

168 1104 330 1145 firmum
346 1105 496 1161 quippe
516 1108 555 1146 in
574 1107 661 1161 jure
676 1133 688 1151 ‚
709 1120 794 1146 tum
813 1107 1144 1154 Canonic.o,tum
1163 1107 1364 1147 Caesareo
1386 1118 1462 1152 est,
1478 1108 1498 1145 a
1520 1119 1629 1144 man·

169 1162 272 1204 datis
320 1165 367 1205 cle
388 1164 697 1205 manutenendo
732 1179 818 1204 non.
851 1163 937 1204 dari
975 1163 1282 1220 appellationem>
1311 1179 1332 1212 :,.
1361 1177 1398 1205 et
1417 1176 1633 1219 eapropterv

171 1220 489 1264 commissiones
521 1223 562 1262 in
577 1222 809 1277 hujusmodi
835 1222 983 1263 Causis
1001 1222 1149 1277 signari
1179 1222 1305 1264 solent
1335 1237 1429 1263 curn
1451 1221 1631 1262 clausula

167 1279 250 1320 sine
265 1281 506 1336 praejudicio
534 1280 712 1322 mandati
730 1282 776 1321 de
792 1282 1078 1322 manutenendo
1093 1310 1105 1327 ,
1134 1296 1238 1336 quae
1261 1296 1346 1321 non
1373 1280 1511 1322 adimit
1536 1295 1626 1336 pro-

166 1337 270 1380 fecto
289 1338 606 1391 jurisdictionem
635 1340 769 1386 ,ludici
800 1355 821 1379 a
839 1354 924 1391 quo
942 1355 1015 1394 pro
1034 1340 1277 1394 exequtione
1312 1339 1522 1386 mandati,
1556 1339 1631 1379 im·

165 1412 234 1439 mo
264 1398 314 1438 illi
348 1413 433 1440 earn
459 1411 685 1455 praeservat
703 1425 715 1443 ‚
746 1398 896 1438 etiamsi
917 1397 1057 1438 Causa
1078 1412 1213 1438 cora-m
1232 1396 1371 1442 judice
1397 1396 1626 1453 appellatio-

168 1456 233 1498 nis
252 1457 394 1498 iterum
411 1457 670 1499 adtrutinarn
689 1469 926 1505 revocetur,
959 1457 1006 1496 de
1026 1456 1065 1499 vi
1084 1452 1256 1507 hujusce
1280 1455 1479 1496 clausulae
1499 1467 1630 1511 agunt

166 1515 230 1555 De
247 1517 352 1557 Luca
368 1517 441 1572 (2)
459 1546 471 1565 ‚
504 1515 707 1557 Andosilla
728 1547 740 1564 ,
773 1515 846 1571 (3)
867 1545 879 1561 ,
907 1530 943 1556 et
959 1516 1058 1557 Rota
1076 1514 1150 1571 (4)
1168 1544 1179 1555 .
1215 1513 1406 1555 Diximus
1434 1515 1540 1555 enim
1560 1529 1628 1570 ap-

164 1574 425 1629 pellationem
460 1590 543 1616 non
564 1575 650 1617 dari
670 1577 712 1616 in
730 1575 808 1616 hoc
825 1573 981 1627 judicio
1000 1607 1012 1625 ,
1048 1588 1086 1616 at
1106 1574 1146 1614 id
1166 1573 1470 1630 intelligendum
1502 1587 1558 1615 est
1575 1574 1623 1615 de

162 1633 427 1688 appellatione
446 1666 459 1683 ‚
487 1650 591 1691 quae
610 1634 759 1676 dicitur
781 1634 833 1675 ad
851 1646 1070 1691 utrumque
1092 1629 1278 1674 effectum
1296 1665 1308 1682 ‚
1342 1647 1436 1673 nam
1452 1647 1500 1674 ex
1516 1646 1629 1689 prae·

162 1690 248 1731 fata
270 1693 449 1734 clausula
481 1694 567 1734 dari
595 1694 883 1735 tantummodo
911 1693 963 1735 ad
979 1692 1164 1735 effectum
1197 1691 1474 1736 devolutivum
1499 1722 1513 1740 ‚
1540 1706 1626 1732 non

161 1762 260 1792 Vero
286 1750 597 1805 suspensivum,
625 1750 923 1791 evidentissime
948 1764 1057 1805 patet
1074 1780 1090 1792 .

285 1808 329 1848 ld
347 1822 441 1850 vero
455 1806 655 1865 peculiare
673 1818 729 1847 est
750 1806 793 1846 in
811 1806 1008 1848 mandatis
1027 1807 1074 1847 de
1092 1807 1419 1856 manutenendo,
1437 1807 1550 1864 quod
1565 1807 1629 1849 Si-

163 1879 357 1922 gnatura,
375 1880 423 1908 ut
436 1865 622 1922 superius
636 1864 825 1915 diximus,
842 1863 1059 1907 rescribens
1075 1880 1168 1907 curn
1181 1866 1461 1915 clausula‚.sine
1470 1865 1630 1923 praeju-

164 1925 262 1967 dicio
277 1925 453 1967 mandati
466 1926 513 1965 cle
530 1925 818 1966 manutenendo
836 1955 851 1973 2
865 1922 1094 1980 intelligitur
1112 1927 1229 1967 etiarn
1251 1925 1460 1966 rescribere
1489 1925 1629 1980 quoad

162 1980 319 2026 fructus
335 2013 348 2031 ‚
367 1984 407 2024 in
425 1983 668 2041 possessione
685 1983 991 2040 comprehensos
1005 2014 1019 2033 ,
1035 1997 1157 2040 prout
1174 1983 1345 2028 decrevit
1363 1985 1465 2025 Rota
1478 1984 1574 2039 (5)l;
1591 1998 1629 2027 et

160 2041 268 2084 idern
287 2044 522 2086 observatur
540 2042 657 2084 etiam
677 2042 719 2081 in
738 2041 1035 2083 commissione
1054 2043 1216 2086 Causae
1237 2043 1278 2084 in
1298 2043 1506 2093 Salviano,
1524 2058 1628 2097 quae

168 2114 349 2143 censetur
383 2099 604 2145 virtualiter
640 2099 848 2142 commissa
862 2129 875 2148 ,
908 2112 955 2141 ut
972 2101 1159 2142 Forenses
1192 2102 1335 2157 ajunt,
1362 2102 1481 2143 etiam
1510 2115 1629 2156 super

168 2158 261 2212 Jure
281 2159 474 2203 offerendi
495 2161 643 2214 absque
667 2174 775 2201 novo
795 2157 924 2200 libello
939 2188 953 2208 ,
986 2158 1189 2214 quicquid
1205 2160 1254 2201 sit
1280 2160 1332 2200 ad
1355 2160 1634 2203 inducendam

168 2218 310 2260 malam
341 2220 460 2262 fidem
481 2248 495 2266 ‚
526 2218 849 2275 praescriptionis
865 2216 1115 2273 potissimum
1134 2219 1386 2262 obstaculum
1404 2235 1416 2270 ;
1436 2220 1508 2262 hoc
1528 2220 1636 2263 enim

1541 2292 1637 2323 Casu,

212 2380 268 2413 (1)
292 2380 327 2407 In
336 2380 473 2420 princip.
501 2379 737 2411 Institutionum
758 2377 817 2409 Tit.
833 2377 872 2409 de
964 2378 1017 2419 (3i
1041 2381 1111 2409 Post
1126 2377 1331 2408 Remboldum
1348 2385 1416 2408 vot.
1435 2386 1463 2417 3.
1475 2387 1560 2407 num.
1579 2349 1640 2407 ἶ

167 2422 346 2456 Interdictis
360 2444 367 2451 .
966 2421 1019 2463 (4)
1045 2424 1152 2454 Coram
1171 2421 1336 2453 Cavalerio
1354 2422 1450 2453 decis.
1462 2422 1539 2459 615.
1562 2430 1628 2461 n-3.

213 2469 267 2506 (2)
289 2466 492 2500 Relamtom.
504 2468 604 2499 Curiae
619 2467 698 2502 disc.
710 2476 765 2510 31.
781 2474 872 2507 n.14.
966 2467 1020 2507 (ς)
1042 2467 1226 2500 Betis-260.
1242 2475 1330 2499 n.21.
1345 2474 1431 2510 part.
1449 2483 1481 2506 „1-
1495 2472 1609 2498 recent.
