1993 3195
610 337 640 369 A
679 337 706 369 P
748 336 774 368 P
816 337 840 370 E
879 338 913 371 N
957 339 994 371 D
1033 341 1050 374 1
1090 339 1122 374 X
1561 344 1608 388 87

126 385 371 428 cujuscumque
397 382 557 427 supplicis
585 382 688 417 libelli
715 394 818 426 super
845 385 910 417 hoc
933 384 1159 426 distribuere3
1195 386 1317 421 deinde
1335 396 1420 420 vero
1446 387 1478 420 in
1499 389 1606 430 prima

125 430 293 466 audientia
314 443 510 477 responsum
527 456 537 471 ,
564 444 581 466 a
599 431 775 476 signatura
790 442 964 477 acceptum
981 455 993 472 ,
1023 434 1174 476 partibus
1199 434 1452 474 communicet3
1481 435 1507 469 si
1524 449 1605 470 vero

123 478 299 524 aliquando
317 505 328 520 ‚
354 482 444 527 quod
471 481 556 515 forte
584 480 778 526 contingere
804 488 940 525 potest,
969 480 1122 524 rescripti
1148 481 1333 516 declaratio
1362 482 1496 522 Judicio
1520 484 1603 518 DD.

125 527 321 564 Votantium
349 541 414 564 non
443 529 519 564 satis
539 540 652 574 aperta
682 531 721 563 sit
751 553 761 568 ,
791 530 847 564 sed
877 529 1120 564 discussionem
1148 529 1291 575 aliquam
1320 530 1495 575 exquirat,
1526 541 1604 567 tunc

123 584 156 610 et
172 587 235 611 non
262 576 339 612 alias
369 580 415 613 D.
431 578 579 613 Auditor
610 579 652 612 de
671 578 817 623 ipsorum
854 578 942 615 DD..
966 577 1163 612 Votantium
1195 579 1350 613 mandato
1374 579 1543 615 licentiam
1574 593 1604 614 a-

124 625 249 660 deundi
266 627 477 672 Signaturam
509 627 662 661 Partibus
679 626 890 672 impertiatur
904 651 913 660 .

168 675 298 710 XVIII.
351 675 526 710 Abstineat
554 677 599 710 D.
620 676 768 710 Auditor
797 675 1056 710 Eminentissimi
1077 675 1227 710 Praefecti
1256 699 1267 715 ,
1303 676 1427 716 sicuti,
1456 685 1489 711 et
1521 675 1605 721 ipse-

123 731 191 757 met
223 723 514 758 Eminentis'simus
544 724 723 759 Praefectus
754 724 933 761 abstinebit
965 725 1214 760 aconcedenda
1245 723 1376 759 licentia
1391 726 1548 760 redeundi
1563 728 1604 760 ad

122 771 335 817 signaturam
360 772 391 807 in
408 770 470 807 illis
493 772 823 814 commissionibus,
859 784 931 818 quae
961 774 991 806 in
1009 773 1126 807 eadem
1156 772 1333 818 Signatura
1359 785 1436 808 curn
1456 773 1602 809 clausula

122 820 284 866 Amplius
313 821 447 867 signatae
475 822 633 861 fuerint3
660 822 752 867 quod
772 823 796 856 si
825 822 1005 866 aliquando
1032 833 1072 855 ex
1101 820 1289 856 rationabili
1317 834 1413 856 causa
1437 823 1602 862 ejusmodi

122 867 257 903 licentia
283 873 324 906 ab
351 871 468 904 eodem
487 871 649 905 Praefecto
665 893 675 909 ,
699 871 753 905 cui
778 878 903 904 tantum
932 870 979 904 fas
999 869 1086 909 erit,
1115 870 1344 911 concedetur,
1383 871 1474 915 quod
1495 880 1603 906 tamen

121 927 196 951 raro
224 918 352 958 faciet,
381 918 512 953 nonnisi
541 919 629 954 facto
654 930 715 963 per
739 921 937 954 redeuntem
963 919 1004 954 ad
1033 918 1244 964 Signaturam
1273 918 1402 964 duplici
1431 919 1601 965 deposito,

119 966 313 1003 commissio
333 977 576 1011 reproponatur
588 992 598 1002 .

167 1015 258 1050 XIX.
311 1017 489 1051 Abstineat
513 1017 614 1051 etiam
645 1018 760 1052 eadem
793 1016 969 1063 Signatura
995 1017 1090 1061 plena
1119 1029 1136 1051 a
1166 1016 1389 1052 concedendis
1435 1016 1536 1051 nimia
1557 1017 1604 1051 fa-

117 1062 248 1099 cilitate
273 1065 519 1105 dilationibus,
549 1069 589 1112 ab
614 1065 772 1101 alterutra
800 1075 892 1109 parte
927 1066 1038 1110 petitis
1070 1068 1195 1110 absque
1224 1065 1460 1112 urgentissima
1491 1078 1600 1105 causa,

119 1118 214 1147 extra
241 1125 340 1159 quam
369 1114 443 1148 solo
471 1115 568 1149 etiam
599 1114 747 1149 Oratore
788 1114 988 1149 informante
1026 1114 1221 1149 commissio
1255 1122 1467 1158 proponatur
1498 1126 1600 1157 cxpe-

117 1161 262 1202 dienda,
287 1171 320 1196 et
340 1162 385 1196 ita
406 1162 544 1197 alterius
573 1163 676 1206 partis
693 1187 705 1203 ,
727 1163 798 1197 sive
834 1176 896 1197 non
913 1163 1140 1207 comparentis
1157 1186 1167 1202 ,
1199 1162 1272 1197 sive
1294 1164 1418 1207 absque
1445 1161 1602 1207 legitima

117 1220 213 1244 eausa
241 1210 437 1244 dilationem
464 1211 608 1255 petentis
626 1235 636 1250 ‚
662 1212 828 1255 plectatur
856 1210 1068 1246 contumacia
1093 1235 1103 1250 ,
1135 1220 1172 1245 ut
1201 1210 1233 1244 in
1263 1210 1334 1249 ejus
1360 1210 1602 1245 reformatione

117 1269 183 1292 non
200 1259 292 1303 prius
317 1259 496 1298 audiatur,
524 1272 622 1304 quarn
640 1271 732 1294 scuta
762 1268 933 1305 quatuor,
960 1270 1180 1304 expensarum
1209 1259 1343 1293 nomine
1361 1283 1371 1298 ‚
1397 1259 1603 1294 Oratori-re-

116 1306 270 1349 fuderit3
298 1308 471 1352 similique
486 1320 584 1353 poena
609 1308 906 1343 mulcteturetiam
922 1333 932 1348 ,
958 1308 1016 1354 qui
1041 1307 1336 1343 commissionibus
1358 1308 1461 1342 semel
1494 1316 1603 1342 trans·

117 1355 225 1390 missis
243 1380 252 1395 ,
284 1365 377 1400 parte
397 1356 500 1391 altera
532 1357 730 1391 informante
761 1370 779 1392 a
804 1357 1037 1402 propositione
1068 1355 1274 1396 resiliverit,
1304 1356 1361 1391 vel
1391 1359 1515 1403 absque
1531 1368 1603 1402 gra-

115 1403 257 1437 vissimo
287 1405 530 1448 impedimento
560 1405 756 1440 dilationem
774 1405 1024 1451 postulaverit.

161 1451 236 1486 XX.
291 1452 448 1499 Qilibct
482 1454 684 1488 Procurator
708 1455 739 1487 in
754 1456 1022 1499 quibuscumqne
1049 1453 1156 1497 copiis
1178 1454 1418 1492 decretorum,
1445 1453 1499 1486 vel
1532 1464 1604 1486 sen-

114 1499 320 1540 tentiarum,
348 1501 507 1546 aquibus
532 1502 786 1537 commissiones
821 1500 1065 1546 porriguntur,
1098 1500 1198 1535 sicuti
1226 1499 1325 1535 etiam
1357 1502 1602 1536 instrumento-

112 1559 188 1584 rum
205 1573 217 1589 ,
249 1549 399 1584 'restium
428 1550 678 1594 depositionum
697 1575 706 1589 ,
735 1560 1004 1594 caeterorumque
1021 1550 1303 1585 documentorum
1319 1572 1329 1587 ‚
1362 1559 1395 1583 et
1416 1549 1603 1594 scriptura·
1620 1593 1623 1595 Β

113 1609 215 1637 rum,
251 1609 330 1642 quas
356 1597 418 1640 ipsi
446 1597 479 1631 in
509 1609 626 1632 eorum
642 1599 839 1634 Summariis
872 1598 1102 1637 exhibebunt,
1122 1597 1457 1640 apponant'omnino
1485 1597 1602 1631 distin-

113 1655 199 1682 ctam
217 1668 228 1684 ,
255 1657 292 1681 ac
311 1646 443 1681 fidelem
474 1646 722 1680 adnotationem
749 1647 837 1686 diei,
868 1647 1013 1686 mensis,
1043 1654 1075 1680 et
1090 1645 1191 1683 anni,
1220 1644 1342 1690 quibus
1373 1645 1505 1690 singula
1528 1653 1602 1680 acta

115 1695 285 1730 celebrata
308 1696 446 1730 fuerunt
474 1719 484 1734 ,
513 1693 660 1739 alioquin
688 1697 811 1739 absque
839 1706 897 1738 spe
927 1693 1131 1728 remissionis
1174 1703 1334 1728 consueta
1363 1705 1460 1737 poena
1486 1703 1598 1729 scuto-

114 1754 188 1779 rum
215 1752 360 1788 quatuor
373 1768 384 1783 ,
412 1744 520 1777 eidem
537 1742 808 1788 Congregationi
828 1743 861 1776 S.
877 1743 989 1777 Ivonis
1001 1741 1195 1788 applicanda
1212 1766 1223 1781 ,
1257 1742 1348 1776 illico
1364 1742 1525 1786 puniatur
1540 1766 1550 1776 .

164 1792 256 1827 XXI.
309 1793 462 1828 Caveant
475 1791 623 1826 sollicite
653 1791 753 1825 iidem
776 1792 1040 1831 Procuratores,
1069 1803 1110 1826 ne
1136 1791 1168 1825 in
1185 1790 1364 1826 scribendo
1384 1793 1429 1826 ab
1451 1791 1601 1845 antiqua,
1654 1833 1664 1842 ἱ

114 1849 148 1876 et
167 1841 294 1887 ubique
322 1841 454 1876 laudata
470 1841 628 1875 Romanae
640 1839 755 1874 Curiae
770 1839 936 1875 brevitate
950 1840 1164 1875 deflectentes
1178 1861 1190 1878 ,
1212 1839 1382 1883 superflua
1398 1863 1409 1879 ,
1439 1838 1601 1874 nimium-

113 1902 179 1936 que
196 1890 405 1935 litigantibus
435 1890 652 1934 dispendiosa
668 1888 861 1934 prolixitate
875 1897 1035 1929 utantur3
1061 1891 1089 1923 si
1115 1888 1190 1933 quis
1202 1899 1285 1922 vero
1312 1888 1492 1923 moderatae
1510 1898 1603 1923 men-

116 1950 201 1973 surae
233 1939 363 1974 limites
392 1939 578 1974 excesserit
595 1961 605 1977 ,
631 1937 800 1983 condigne
828 1936 1018 1973 Tribunalis
1052 1936 1195 1972 arbitrio
1210 1935 1402 1980 puniatur.

160 1987 270 2022 XXII.
322 1990 361 2023 In
389 1987 516 2023 caeteris
544 1995 654 2022 autem
682 1986 838 2020 omnibus
869 1998 930 2031 per
955 1985 1146 2033 supradicta
1170 1986 1311 2019 decreta
1345 1985 1535 2025 ordinatis,
1564 1985 1601 2019 in

113 2035 234 2079 quibus
262 2048 362 2082 poena
384 2035 575 2082 specialiter
598 2047 661 2069 non
689 2035 753 2069 fuit
780 2036 929 2075 adjecta,
960 2036 1203 2070 Procuratores
1218 2056 1229 2073 ,
1257 2034 1314 2079 qui
1333 2034 1569 2069 commiserint
1586 2057 1597 2073 ,

113 2093 270 2120 consueta
290 2098 386 2130 poena
400 2094 573 2120 scutorum
601 2093 747 2129 quatuor
771 2083 863 2118 alteri
892 2083 1006 2127 parti,
1035 2083 1062 2119 si
1079 2095 1120 2118 ex
1151 2092 1271 2117 eorum
1299 2081 1398 2127 culpa
1428 2081 1602 2117 fueritlae·

115 2145 173 2172 sa,
197 2133 247 2168 sin
262 2134 372 2169 minus
401 2133 542 2178 praefatae
569 2131 838 2178 Congregationi
867 2132 901 2167 S.
915 2133 1029 2167 lvonis
1048 2130 1247 2176 applicanda
1264 2155 1274 2171 ‚
1298 2130 1429 2172 judicio
1449 2132 1603 2171 ejusdem

117 2181 303 2218 Tribunalis
334 2183 539 2228 puniantur.

162 2230 289 2267 XXIII.
343 2231 493 2265 Demum
521 2240 580 2275 per
607 2237 782 2273 praesentes
803 2228 1014 2273 provisiones
1042 2227 1172 2264 nullum
1199 2227 1340 2263 omnino
1363 2227 1605 2273 praeiudicium

116 2279 246 2314 illatum
261 2280 304 2315 sit
318 2278 475 2315 omnibus
487 2301 498 2317 ,
530 2286 563 2311 et
576 2277 717 2321 singulis
732 2277 859 2310 Edictis
875 2300 885 2315 ‚
914 2277 993 2311 alias
1011 2289 1070 2319 per
1087 2275 1377 2312 Eminentissimos
1398 2275 1598 2310 Cardinales

115 2327 294 2362 Praefectos
321 2340 384 2374 pro
412 2337 565 2371 tempore
590 2325 741 2365 ejusdem
771 2323 956 2368 Signatum:
990 2324 1135 2365 Justitiae
1162 2323 1411 2369 promulgatis,
1454 2334 1528 2368 quae
1565 2322 1600 2357 in

116 2376 363 2422 quibuscumqe
389 2377 458 2412 suis
479 2375 628 2421 partibus
656 2397 666 2412 ,
704 2371 738 2406 in
766 2372 889 2417 quibus
935 2371 985 2407 his
1010 2372 1155 2407 decretis
1187 2383 1252 2407 non
1291 2373 1537 2411 adversentur,
1565 2370 1601 2406 in

117 2437 177 2460 suo
205 2424 337 2470 integro
364 2427 508 2464 robore,
535 2431 637 2469 prout
651 2430 729 2457 sunt
742 2422 785 2455 de
799 2420 978 2465 praesenti,
1010 2420 1106 2466 plene
1136 2429 1356 2456 remaneant.

213 2475 373 2520 Cumque
402 2476 462 2508 sub
476 2473 531 2509 dic
557 2485 615 2518 24,
633 2469 744 2506 Martii
765 2481 870 2518 ¹74²·
895 2471 937 2504 de
953 2470 1108 2505 omnibus
1127 2469 1324 2514 supradictis
1350 2468 1495 2505 decretis
1509 2466 1601 2503 Emi*-

116 2522 351 2564 nentissimus,
378 2530 411 2557 et
438 2519 748 2558 Reverendissimus
779 2519 827 2554 D.
861 2517 1053 2555 Cardinalis
1079 2519 1257 2556 Praefectus
1274 2517 1471 2555 relationem
1505 2518 1606 2572 fece·

1552 2572 1604 2600 nt.
