1993 3195
590 325 625 368 C
675 328 715 367 A
764 329 792 368 Ρ
842 330 878 369 U
927 328 964 369 T
1035 329 1083 368 ll.
1476 348 1525 375 12

102 403 166 430 rae
186 400 260 427 suo
281 384 436 425 decreto
453 395 562 440 parte
582 385 753 427 instante
772 386 963 442 explicare
989 387 1102 430 vellet
1118 417 1129 435 ,
1162 386 1275 442 quod
1292 385 1381 439 jure
1399 421 1410 437 ‚
1441 345 1558 433 mcri5-

100 458 220 499 toque
238 444 364 484 facere
393 453 552 498 potestt,
579 457 700 501 prout
726 445 954 501 praesertim
989 445 1153 492 evenit,
1184 446 1355 501 quando
1385 448 1556 492 dubium

96 516 152 544 est
171 531 183 548 ‚
218 516 269 544 an
292 499 535 543 Commissio
558 532 569 551 ‚
588 518 607 544 a
628 503 742 561 plena
763 504 977 560 Signatura
999 504 1180 560 expedita
1203 533 1215 552 ,
1249 507 1557 562 comprehendat

100 561 259 603 Causas
303 559 418 600 haud
453 576 654 620 expressas
683 595 695 612 ‚
731 576 904 605 attamen
949 565 999 607 ab
1033 578 1213 620 expressa
1257 564 1527 621 dependentes
1545 599 1553 609 .

99 619 339 677 Exemplum
361 618 534 675 proinde
568 637 652 663 non
678 622 875 664 immerito
889 622 955 678 bic
975 622 1252 664 subnectimus
1269 654 1282 672 ,
1310 624 1499 666 Hercules
1531 643 1553 667 a

97 678 239 721 Clerico
265 678 449 721 vendidit
470 681 681 737 praedium
706 696 775 738 per
795 681 912 723 libras
933 682 1083 738 argenti
1113 684 1265 733 18ooo‚
1285 684 1452 725 leomae
1468 686 1559 727 Ma-

95 738 175 781 riae
199 739 245 779 cle
264 737 396 779 Cianis
415 770 428 788 ,
457 751 495 781 et
510 741 705 783 Barbarae
722 742 952 797 lVIagnanae
969 740 1055 794 ejus
1072 742 1197 785 Matri
1214 773 1226 792 ‚
1244 755 1282 784 et
1302 742 1418 786 libras
1432 744 1556 786 6000.

98 797 300 840 debebant
316 797 357 838 hi
393 797 497 840 intra
532 799 867 855 quinquennium
897 800 1045 844 solvere
1067 831 1078 848 ‚
1112 814 1148 843 et
1172 803 1329 844 interim
1361 817 1555 859 praestare

94 857 318 912 quotannis
335 857 456 900 libras
488 873 582 915 ¹40·
605 887 617 906 ‚
649 871 847 915 tanquam
866 860 1023 901 fructus
1050 862 1396 918 compensativos;
1424 864 1557 919 vigore

62 939 68 944 ·
94 915 352 961 instrumenti
379 917 632 973 impetratum
653 933 789 960 coram
803 919 855 960 Α.
879 918 932 960 C.
953 920 1004 961 ab
1020 919 1192 962 Hercule
1208 921 1286 963 fuit
1319 922 1558 964 mandatum

93 978 391 1030 exequutivum
408 991 481 1033 pro
509 977 708 1019 fructibus
726 1007 738 1024 ‚
754 993 801 1019 eo
821 992 951 1032 usque
973 979 1150 1020 decursis
1169 1012 1182 1029 ‚
1213 993 1251 1021 et
1267 995 1353 1020 non
1385 980 1522 1023 solutis
1543 995 1555 1028 ;

96 1035 210 1078 Parte
231 1037 349 1078 altera
366 1048 595 1091 opponente
614 1036 690 1077 sibi
711 1037 1004 1078 restituendum
1024 1037 1146 1078 immo
1165 1038 1340 1095 pretium
1355 1040 1557 1089 solutum;

94 1108 144 1137 ex
162 1109 209 1135 eo
224 1093 337 1150 quod
349 1094 576 1149 subjectum
593 1107 675 1135 erat
688 1094 1016 1144 fideicommisso,
1046 1096 1237 1138 ordinato
1255 1111 1326 1152 per
1346 1098 1555 1155 Gasparem

92 1153 140 1194 de
159 1151 381 1207 Magnanis
398 1182 411 1198 ,
447 1168 518 1192 nec
538 1154 591 1191 A.
626 1152 678 1192 C.
703 1151 940 1203 hujusmodi
963 1155 1189 1210 exceptioni
1213 1170 1421 1198 annuente
1440 1187 1452 1204 ,
1489 1171 1558 1197 ea·-

93 1208 184 1249 dem
205 1210 298 1248 Pars
325 1221 344 1246 a
367 1209 561 1248 mandato
580 1209 815 1263 appellavit,
845 1223 881 1250 et
901 1224 920 1249 a
956 1211 1073 1264 plena
1106 1213 1322 1265 signatura
1351 1215 1556 1264 obtinuit,

90 1266 241 1323 signari
261 1265 598 1307 Commissionem
616 1281 708 1307 cum
725 1266 901 1308 clausula
919 1298 932 1316 ,
961 1269 1291 1325 sinepraejuclicio
1309 1284 1321 1318 3
1348 1271 1557 1314 maturatis

56 1377 59 1379 Ι
94 1325 242 1368 deinde
265 1326 379 1368 novis
409 1325 587 1367 terminis
605 1326 856 1368 solutionum
875 1326 1083 1369 fructuum
1112 1328 1190 1384 egit
1208 1330 1394 1372 Hercules
1421 1346 1556 1373 coram

91 1387 147 1428 A,
171 1385 226 1426 C.
245 1401 318 1441 pro
337 1384 495 1425 illarum
515 1385 723 1426 exactione
742 1413 754 1431 ,
789 1398 826 1427 et
858 1400 1087 1442 opponente
1125 1389 1272 1429 leoma
1305 1391 1351 1429 cle
1387 1389 1519 1432 Cianis
1542 1420 1555 1438 ,

91 1443 290 1499 integram
318 1443 502 1484 Causam
549 1443 601 1483 ad
635 1445 784 1485 Rotam
819 1446 979 1500 praevia
1017 1446 1217 1486 antedicta
1252 1448 1554 1499 commissione,

92 1505 247 1562 signata
265 1517 359 1545 cum
386 1503 561 1544 clausula
579 1518 690 1558 quam
711 1534 723 1552 ‚
740 1513 777 1544 et
793 1518 889 1558 quas
907 1534 919 1552 ‚
935 1504 1165 1546 devolutam
1189 1502 1308 1546 fuisse
1325 1521 1336 1555 ;
1355 1509 1405 1549 ab
1423 1508 1554 1549 Audi-

92 1574 176 1606 tore
192 1562 428 1604 Tribunalis
443 1561 680 1619 Signaturae
698 1561 842 1611 semel,
865 1575 903 1604 et
921 1562 1065 1604 iterum
1084 1563 1327 1606 declaratum
1345 1566 1421 1608 fuit
1441 1567 1556 1609 Cau-

92 1638 177 1665 sam
194 1635 367 1679 spectare
388 1621 428 1662 in
443 1621 519 1662 hac
535 1634 645 1679 parte
664 1622 717 1663 ad
732 1622 846 1663 AC,
864 1651 873 1667 ,
893 1622 941 1662 ad
962 1637 1082 1678 quem
1102 1638 1189 1664 eam
1207 1624 1356 1680 pluries
1375 1626 1522 1669 remisit
1540 1641 1555 1677 ;

92 1683 262 1725 Thomas
282 1680 509 1722 antedictus
533 1695 619 1722 non
641 1681 904 1736 adquiescens
919 1712 931 1730 ‚
950 1682 996 1722 de
1019 1682 1217 1724 attentatis
1234 1685 1436 1737 querelam
1456 1700 1554 1741 pro-

89 1741 226 1800 posuit
244 1770 257 1788 ‚
273 1752 310 1782 et
326 1740 501 1782 dubium
521 1740 562 1781 in
585 1742 686 1782 Rota
705 1740 862 1781 definiri
883 1740 1117 1788 instetit,an
1138 1753 1331 1784 constaret
1349 1745 1394 1783 de
1423 1754 1552 1784 alten-

93 1802 184 1843 tatis
203 1815 216 1850 ⁴,
243 1812 281 1841 et
295 1815 373 1841 non
390 1809 566 1840 constare
581 1799 660 1840 fuit
683 1799 903 1842 resolutum
919 1828 931 1847 ,
966 1799 1062 1855 quia
1084 1800 1126 1841 in
1154 1800 1307 1842 annuis
1322 1802 1552 1857 praestatio-

90 1859 216 1901 nibus
233 1867 334 1910 quot
351 1855 549 1895 labuntur
578 1857 765 1904 termini,
796 1859 960 1898 totidem
983 1858 1242 1899 inducuntur
1261 1861 1549 1915 obligationes,

88 1930 128 1958 et
145 1917 278 1958 debita
293 1941 306 1960 ,
339 1926 409 1967 per
426 1912 500 1968 leg.
536 1912 634 1954 scire
652 1913 829 1953 debemus
844 1944 856 1961 ,
894 1914 1050 1971 Digest.
1083 1916 1129 1954 de
1169 1917 1378 1959 Verborum
1402 1920 1549 1977 obliga-

86 1974 258 2015 tionibus
272 2000 285 2018 ,
314 1969 421 2009 unde
442 1970 599 2024 saepius
616 1985 661 2011 ex
681 1970 874 2026 stipulatu
889 1973 950 2029 agi
966 1985 1093 2028 potest
1109 2005 1122 2023 ,
1152 1987 1198 2016 ut
1214 1975 1349 2030 inquit
1367 1978 1419 2017 ad
1435 1992 1548 2019 eum-

87 2031 178 2074 dem
207 2039 359 2073 textum
395 2026 608 2080 Cujacius3
639 2039 677 2069 et
712 2041 770 2070 tot
798 2042 894 2072 sunt
930 2031 1091 2073 Causae
1127 2046 1227 2088 quot
1258 2049 1354 2076 sunt
1389 2037 1547 2079 termini

88 2090 246 2134 excursi
266 2116 274 2125 .
293 2084 601 2139 Commissaque
622 2086 785 2129 Causae
819 2098 979 2132 tantum
998 2090 1039 2130 in
1068 2090 1300 2136 devolutivo
1322 2109 1413 2136 cum
1434 2096 1549 2138 clau-
1596 2133 1598 2136 .

89 2150 175 2193 sula
198 2151 342 2204 absque
362 2142 630 2201 praeiudicio,
661 2146 795 2201 potuit
826 2149 1063 2190 mandatum
1092 2152 1385 2206 exequutivum
1423 2155 1549 2213 impe-

89 2209 184 2251 trari
202 2224 275 2266 pro
296 2203 640 2258 subsequentibus
673 2204 851 2248 terminis
865 2219 954 2263 post
973 2207 1272 2251 devolutionem
1306 2214 1358 2254 ad
1375 2216 1519 2256 Rotam
1534 2246 1547 2266 ‚

91 2267 197 2309 nulla
214 2266 353 2310 habita
374 2274 662 2305 attentatorum
681 2264 835 2306 ratione
857 2296 866 2306 .
898 2267 1099 2309 Postremo
1120 2269 1286 2316 Thomas
1318 2274 1481 2316 strenue
1503 2275 1546 2315 in

91 2339 138 2367 ea
156 2326 380 2383 objectione
398 2322 544 2379 pedem
562 2321 710 2378 figebat
727 2355 740 2373 ,
768 2324 882 2381 quod
902 2324 1082 2370 Auditor
1100 2327 1338 2384 Signaturae
1359 2348 1443 2374 non
1476 2346 1546 2387 po-

95 2395 196 2426 terat
212 2400 250 2426 se
269 2386 445 2441 ingerere
464 2381 506 2421 in
528 2395 572 2422 ea
592 2381 733 2423 Causa
750 2414 763 2432 ,
786 2383 827 2424 in
845 2399 925 2439 qua
945 2385 1191 2429 Commissio
1207 2390 1260 2429 ad
1276 2393 1420 2431 Rotam
1439 2390 1546 2431 dire-

89 2456 150 2486 cta
172 2444 297 2485 fuerat
314 2458 334 2485 a
352 2443 466 2500 plena
485 2438 700 2497 Signatura
720 2469 733 2488 ,
759 2441 932 2496 ideoque
964 2458 1035 2485 nec
1068 2458 1222 2501 poterat
1254 2447 1296 2487 in
1316 2449 1544 2504 oppositum

92 2501 300 2544 decernere
329 2516 342 2550 ·,
377 2501 537 2541 demum
578 2501 680 2541 Rota
720 2500 953 2556 hujusmodi
997 2502 1249 2561 exceptiones
1282 2505 1414 2561 rejecit
1449 2538 1462 2556 ,
1496 2523 1541 2551 ac

89 2575 163 2619 pro
183 2575 278 2605 vero
299 2558 444 2604 habuit
462 2587 476 2608 ,
508 2558 753 2603 Auditorem
772 2559 814 2602 in
844 2559 949 2605 dicta
969 2559 1107 2608 Causa
1126 2578 1212 2607 non
1232 2564 1402 2623 signasse
1417 2596 1431 2616 ,
1462 2567 1544 2609 sive

1434 2640 1543 2673 Gom-2
