1993 3195
364 344 371 351 ·
642 303 671 338 A
711 303 737 335 P
774 304 802 336 1>
843 305 866 338 E
904 306 937 338 N
976 307 1011 339 D
1052 307 1065 341 1
1099 306 1130 342 X
1549 321 1614 354 119

150 346 388 384 Ecclesiasticis
405 367 415 384 ‚
443 353 500 380 aut
516 357 616 391 super
634 351 917 385 reservationibus
951 353 1122 388 fructuum
1140 379 1151 394 ‚
1183 353 1374 391 reddituum
1394 378 1404 395 ,
1432 361 1464 389 et
1480 367 1621 400 proven-

149 407 243 433 tuum
263 393 509 429 Beneficiorum
538 395 849 432 Ecclesiasticorum
863 422 873 437 ,
900 400 1032 444 qu0ties
1052 410 1179 436 annuus
1209 402 1305 437 valor
1320 403 1478 439 Beneficii
1498 404 1623 449 litigio-

145 446 196 486 si,
228 456 264 479 ac
292 443 481 488 respective
519 456 625 479 annua
669 446 815 488 Pensio,
857 456 915 481 aut
942 448 1108 493 quantitas
1148 451 1319 485 fructuum
1349 461 1592 488 reservatorum
1611 478 1621 493 ‚

145 505 307 530 summam
339 492 459 539 viginti
475 502 619 539 quatuor
646 496 844 530 ducatorum
873 497 944 532 auri
963 498 1004 531 de
1021 497 1167 532 Camera
1183 500 1345 540 excedat3
1371 511 1490 545 easque
1505 511 1625 546 praete-

145 554 200 578 rea
229 543 381 582 Causas,
413 542 444 576 in
476 542 599 588 quibus
626 543 739 589 agitur
764 545 935 590 deprimis
961 545 1190 592 Dignitatibus
1221 547 1469 588 Ecclesium,
1502 551 1621 595 nempe

145 592 187 626 de
204 591 378 637 Dignitate
411 600 487 635 post
502 591 731 628 Pontificalem
767 595 892 634 majore
912 594 942 628 in
978 595 1240 630 Cathedralibus
1273 621 1283 636 ,
1320 606 1376 631 aut
1392 600 1433 632 de
1448 597 1622 644 Dignitate

145 639 326 685 Principali
343 640 374 673 in
392 639 595 685 collegiatis
624 641 780 678 Ecclesiis
797 668 806 683 ,
831 645 1076 690 cujuscumque
1098 643 1221 680 valoris
1242 644 1396 691 Dignitas
1426 647 1621 686 hujusmodi

146 689 291 730 existam
318 700 504 735 omnesque
519 690 714 728 hujusmodi
731 691 858 727 Causas
876 716 885 732 ,
921 702 1043 738 utpote
1060 693 1231 742 graviores
1246 717 1256 733 ‚
1275 697 1360 730 inter
1374 695 1515 732 Rotales
1530 721 1539 737 ,
1554 708 1620 732 non

144 747 256 775 autem
272 736 466 773 Praelatitias
481 762 492 778 ‚
521 738 682 774 volumus
709 741 873 776 accenseri
890 765 910 777 ,.

242 785 425 822 Graviores
453 787 568 822 itidem
598 788 724 824 Causas
759 801 828 824 esse
843 789 1073 830 declaramus,
1102 799 1134 826 et
1151 793 1276 827 censeri
1304 793 1428 828 debere
1446 794 1622 830 statuimus

143 847 258 871 omnes
275 837 402 871 Causas
431 835 721 878 Matrimoniales‚
753 846 818 873 tam
848 851 948 885 super
975 841 1099 875 foedere
1128 841 1359 880 Matrimonii,
1391 844 1489 887 quam
1524 852 1624 887 super

142 884 316 926 divorti0;
347 897 407 920 nec
427 897 492 920 non
509 886 638 921 Causas
656 899 772 922 omnes
798 900 899 933 super
916 888 1068 925 nullitate
1098 889 1317 924 Professionis
1335 889 1510 936 Regularis
1527 891 1625 926 emis-

142 945 210 975 sae3
239 942 272 969 et
286 935 342 968 has
358 933 494 980 quidem
513 946 683 981 nunquam
705 936 848 972 Praelatis
863 960 872 976 ,
904 950 1012 984 neque
1035 939 1130 972 Rotae
1160 938 1384 974 Auditoribus
1401 963 1411 978 ‚
1442 939 1490 974 uti
1507 939 1626 976 Praela-

142 982 209 1023 tis,
245 983 461 1029 quantumvis
491 986 672 1019 accedente
691 997 853 1021 consensu
880 987 1055 1026 partium,
1086 987 1253 1022 committi
1282 986 1475 1028 volumu53·
1493 989 1549 1022 sed
1568 996 1624 1023 aut

145 1031 210 1077 ipsi
228 1032 326 1067 Rotae
353 1031 536 1067 Auditorio
565 1033 760 1075 committi,
789 1045 846 1070 aut
870 1047 887 1069 a
903 1036 1179 1083 Congregatione
1200 1037 1283 1071 Ven.
1300 1037 1450 1071 Fratrum
1480 1037 1626 1071 Nostro-

147 1091 223 1115 rum
240 1081 270 1115 S.
290 1081 332 1115 R.
351 1081 389 1116 E.
413 1081 645 1118 Cardinalium
662 1083 953 1128 interpretationi,
980 1096 1012 1120 et
1027 1084 1218 1120 executioni
1237 1085 1463 1132 Dect-erorum
1499 1085 1625 1120 Conci-

142 1128 180 1163 lii
199 1130 390 1164 Tridofflni
407 1131 583 1176 praeposita
597 1155 607 1172 ,
637 1132 690 1166 vel
707 1133 806 1167 etiam
822 1157 832 1172 ,
862 1134 973 1178 quoad
994 1146 1106 1169 causas
1123 1133 1284 1168 nullitatis
1303 1133 1527 1169 professionis
1545 1145 1627 1179 prae-

141 1177 242 1213 dictae
259 1202 268 1217 ,
287 1191 304 1213 a
322 1180 599 1225 Congregatione
616 1182 763 1220 ejusdem
780 1182 812 1216 S.
831 1182 874 1216 R.
891 1182 926 1216 E.
943 1182 1174 1217 Cardinalium
1195 1206 1216 1221 ,.
1246 1181 1390 1227 negotiis
1406 1206 1416 1222 ,
1442 1191 1477 1217 et
1490 1182 1626 1217 consul·

141 1227 327 1262 tationibus
354 1227 623 1274 Episcoporum,
655 1230 924 1276 etRegularium
954 1232 1156 1277 praeposita,
1185 1242 1247 1275 pro
1265 1231 1406 1266 arbitrio
1450 1240 1482 1265 et
1509 1232 1548 1266 ad
1564 1230 1627 1266 ele-

142 1275 292 1311 ctionem
314 1276 422 1311 Partis
439 1277 638 1323 appellantis
655 1303 665 1319 ,
699 1291 756 1314 seu
773 1279 975 1315 recurrentis
990 1305 1000 1321 ,
1027 1280 1184 1326 cognosci
1200 1304 1210 1319 ,
1241 1289 1273 1314 et
1285 1280 1415 1315 definiri
1432 1282 1624 1315 mandamus

140 1336 206 1359 non
223 1326 379 1360 obstante
396 1350 406 1365 ,
439 1327 536 1372 quod
557 1328 678 1363 Causae
705 1329 897 1368 hujusmodi
922 1331 963 1364 de
979 1330 1029 1364 sui
1044 1339 1155 1364 natura
1170 1353 1182 1368 ,
1210 1328 1417 1375 etqualitate
1435 1353 1445 1369 ,
1473 1330 1628 1375 3Proces-

138 1385 212 1408 sum
245 1373 489 1414 judiciarium,
521 1385 620 1421 atque
641 1377 740 1411 etiam
772 1378 914 1412 formale
944 1378 1095 1413 Testium
1116 1389 1253 1412 examen
1273 1403 1282 1417 ‚
1315 1377 1473 1423 exigant,
1506 1377 1560 1412 vel
1576 1389 1627 1412 re-

139 1422 271 1466 quirant
290 1433 300 1460 3
326 1425 611 1465 quemadmodum
628 1448 638 1463 ,
669 1427 779 1469 quoad
795 1426 922 1460 Causas
939 1426 1210 1461 Matrimoniales
1229 1425 1422 1465 huiusmodi
1438 1450 1448 1464 ,
1477 1427 1552 1460 Nos
1569 1428 1628 1460 du-

138 1470 217 1504 dum
236 1469 402 1513 peraliam
419 1470 580 1505 Nostram
610 1473 904 1508 Constitutionem
937 1496 948 1511 ‚
975 1486 1048 1518 quae
1078 1474 1197 1517 incipit
1223 1475 1286 1506 Dei
1310 1475 1544 1513 miseratione,
1562 1483 1629 1508 ter-

138 1517 187 1553 tio
207 1518 321 1551 Nonas
347 1518 554 1553 Novembris
580 1520 679 1554 Anno
712 1521 951 1555 Incarnationis
976 1521 1096 1557 Dom..
1113 1521 1352 1557 MDCCXLI.
1371 1547 1381 1562 ,
1407 1522 1642 1558 pontificatus,

138 1565 268 1602 Nostri
287 1566 436 1600 secundo
456 1589 466 1605 ‚
494 1568 616 1602 editam
633 1592 643 1607 ,
669 1569 875 1610 statuimus,
904 1578 937 1603 et
950 1570 1184 1603 ordinavimus
1201 1594 1226 1605 .,

239 1615 368 1649 Causas
383 1622 495 1648 autem
525 1614 633 1649 minus
658 1627 775 1659 graves
792 1640 802 1655 ,
829 1619 979 1664 adeoque
1000 1616 1219 1656 Praelatitias,
1252 1625 1285 1650 et
1315 1627 1379 1651 non
1397 1618 1558 1658 Rotales,
1589 1626 1639 1654 ut—

138 1676 239 1710 supra
255 1687 265 1703 ,
293 1663 473 1698 censendas
492 1674 562 1697 esse
580 1673 612 1697 et
627 1663 698 1698 fore
713 1663 931 1699 decernimus>
944 1677 1060 1700 omnes
1080 1666 1207 1704 Causas
1236 1665 1443 1711 pecuniarias
1473 1676 1529 1702 aut
1548 1678 1626 1711 pro-

82 1758 85 1760 >
137 1716 252 1753 sanas,
279 1723 417 1758 quarum
449 1711 545 1747 valor
571 1711 624 1746 vel
649 1712 860 1752 aestimatio„
881 1715 992 1758 quoad
1019 1714 1291 1750 Citramontanas
1310 1718 1511 1755 ,summam
1531 1715 1628 1761 quin—

138 1772 318 1810 gentorum
350 1770 523 1796 scutorum
541 1773 718 1796 aureorum
736 1785 746 1802 ,
773 1773 840 1807 quo
854 1762 938 1795 vero
965 1763 1005 1797 ad
1028 1763 1156 1798 Causas
1181 1765 1223 1799 de
1242 1764 1510 1800 Partibusultra
1531 1766 1628 1800 Mon-

138 1821 188 1848 tes
203 1837 214 1852 ,
244 1809 337 1846 mille
348 1820 520 1845 scutorum
538 1810 609 1845 auri
625 1810 787 1845 similium
815 1822 978 1845 summam
998 1823 1062 1846 non
1083 1812 1248 1858 attingat3
1280 1813 1401 1848 Itidem
1414 1813 1544 1848 Causas
1565 1814 1628 1848 Be-

137 1861 305 1896 neficiales
319 1885 329 1899 ,
355 1870 414 1895 aut
429 1871 531 1903 super
546 1858 766 1894 Pensionibus
784 1859 1022 1896 Ecclesiasticis
1038 1886 1062 1902 ,,
1079 1874 1139 1896 seu
1154 1861 1437 1897 reservationibus
1453 1863 1639 1898 fructuum,

134 1910 384 1946 Beneficiorum
406 1909 722 1944 Ecclesiasticorum
739 1933 749 1948 ,
777 1908 834 1943 ubi
860 1907 954 1944 valor
972 1922 1099 1946 annuus
1113 1910 1301 1951 Beneficii,
1332 1920 1390 1946 aut
1417 1924 1523 1946 annua
1546 1912 1645 1946 Fen--

137 1959 216 1999 sio,
242 1958 296 1994 vel
325 1958 690 2004 quantitasfructuum
720 1966 992 1999 reservatorum,
1019 1971 1182 1995 summam
1212 1959 1330 2006 viginti
1359 1969 1506 2006 quatuor
1523 1961 1627 1995 duca-

137 2016 250 2043 torum
269 2008 338 2042 auri
370 2008 411 2042 de
427 2008 574 2043 Camera
602 2019 665 2043 non
682 2009 824 2042 excedat
841 2031 852 2047 ,
875 2019 913 2043 ac
942 2009 1132 2044 dummodo
1164 2021 1230 2044 non
1257 2019 1373 2056 agatur
1394 2010 1436 2045 de
1453 2009 1627 2056 Dignitate

136 2065 214 2103 post
240 2057 473 2093 pontificalem
503 2057 637 2098 majore,
662 2056 693 2091 in
720 2056 916 2093 Cathedrali
941 2081 952 2098 ‚
993 2067 1049 2093 aut
1072 2058 1251 2106 principali
1281 2058 1312 2093 in
1347 2058 1542 2105 Collegiata
1568 2059 1644 2096 Ec*-

134 2105 235 2142 clesla
250 2121 259 2141 ε

231 2157 270 2192 In
286 2155 461 2191 Censuum
481 2164 591 2190 autem
616 2178 626 2195 ,
654 2156 859 2195 canonum,
886 2166 920 2192 et
944 2157 1154 2193 Servitutum
1174 2158 1300 2194 Causis·
1321 2181 1332 2198 ,
1364 2167 1404 2193 ut
1430 2169 1492 2202 pro
1513 2168 1641 2193 earum!

138 2203 254 2239 valore
281 2201 473 2240 aestimando
490 2228 500 2243 ,
529 2217 566 2239 ac
581 2203 831 2239 determinanda
858 2214 1226 2251 consequenter-earum
1245 2206 1448 2249 pertinentia
1463 2230 1486 2245 ,⁴
1500 2213 1627 2241 certam

119 2252 292 2298 ‘similiter
321 2260 354 2286 et
369 2262 495 2296 aequam
511 2252 663 2297 regulam
677 2275 688 2290 ‚
704 2262 735 2285 et
750 2264 901 2288 normam
929 2256 1120 2295 tradamus3
1147 2255 1360 2291 decernimus
1391 2253 1630 2300 atquefstatui·

142 2312 216 2336 mus
229 2324 239 2339 ,
265 2310 301 2336 ut
319 2301 376 2337 ubi
391 2308 510 2345 agatur
536 2302 576 2334 de
592 2298 760 2333 Censibus
775 2298 1024 2335 redimibilibus
1037 2324 1048 2341 ,
1075 2310 1108 2334 et
1136 2304 1175 2336 ad
1199 2304 1347 2335 *formam
1364 2302 1627 2338 Constitutionis

142 2349 297 2397 praedicti
323 2349 372 2385 Pii
390 2351 486 2395 Papae
503 2349 546 2383 V.
563 2347 683 2384 creatis
710 2359 768 2382 seu
795 2347 987 2384 constitutis
1001 2372 1012 2389 ,
1040 2357 1072 2384 et
1091 2348 1234 2385 Census
1249 2349 1335 2393 ipse<
1351 2349 1383 2383 in
1402 2349 1628 2385 controversia

142 2408 318 2438 versetur,
342 2400 539 2434 attendenda
567 2396 608 2432 sit
623 2396 814 2442 quantitas,
839 2396 1176 2438 seuzvalorsortis,
1207 2397 1291 2434 sive:
1306 2399 1520 2442 proprietatis
1539 2399 1630 2434 Cen-

144 2460 241 2483 suum
257 2448 448 2487 huiusmodi
463 2460 484 2490 3-
503 2447 666 2483 Ubiivero
683 2446 915 2482 controversia
930 2445 972 2482 sit
987 2447 1028 2482 de
1046 2447 1159 2492 aliquo
1171 2447 1513 2483 CensureservativO
1527 2472 1538 2486 ,
1563 2449 1630 2483 Ca-

144 2508 230 2532 none
245 2521 255 2537 ‚
283 2496 414 2532 Livello
428 2520 438 2536 ,
463 2506 517 2532 aut
535 2497 645 2542 aliqua
675 2507 782 2531 annua
798 2519 810 2536 ,
839 2503 874 2531 et
891 2505 1063 2542 perpetua*
1084 2496 1330 2542 praestatione‚.
1349 2507 1517 2543 tamquam
1535 2497 1628 2532 debi-

144 2553 188 2585 ta,
202 2556 244 2582 ex
259 2555 352 2583 certo
367 2545 472 2581 fundo
487 2568 499 2586 ,
527 2554 606 2582 tunc
622 2544 778 2583 volumus
805 2545 921 2581 haberi
935 2545 1098 2582 rationem
1116 2544 1239 2583 valoris
1259 2545 1364 2593 ipsius
1383 2547 1478 2584 fundi
1491 2571 1516 2589 ,,
1529 2557 1628 2591 super

1529 2606 1602 2645 SUO
1611 2616 1641 2637 7,
