1993 3195
622 304 652 337 A
696 303 720 335 Ρ
760 302 783 335 Ρ
826 304 850 336 E
891 303 924 336 N
967 304 1000 336 D
1041 303 1054 335 1
1097 303 1125 336 X
1544 310 1613 335 121

139 353 282 389 scribere
308 351 428 384 debeat
458 349 490 383 in
525 349 631 384 causis
656 352 901 393 cujuscumque
931 351 1097 394 qualitatis
1121 373 1132 388 ,
1173 358 1229 385 aut
1254 347 1378 384 valoris
1409 372 1418 387 ,
1454 359 1526 392 quae
1557 359 1616 391 per

142 401 318 447 specialem
347 398 619 433 commissionem
642 409 739 432 manu
770 406 902 435 nostra,
933 408 989 430 aut
1021 398 1258 432 Successorum
1289 407 1479 433 nostrorum
1514 397 1620 440 signa-

144 459 209 484 tam
227 473 236 488 ,
266 446 452 482 commissae
478 456 554 481 sunt
581 471 591 486 ‚
612 458 673 481 seu
703 447 961 481 committentur
991 443 1089 478 alicui
1119 458 1159 479 ex
1178 447 1210 478 S.
1229 447 1270 479 R.
1289 448 1324 480 E.
1352 442 1618 481 Cartlinalibus.

143 506 200 532 aut
227 497 327 531 alicui
354 495 623 541 Congregationi
645 495 716 529 sive
744 496 893 534 ejusdem
920 495 953 528 S.
971 493 1010 527 R.
1028 494 1064 527 E.
1084 492 1316 527 Cardinalium
1331 516 1340 533 ,
1364 494 1433 526 sive
1455 493 1617 527 Romana:

144 547 258 581 Curlae
278 545 493 580 Praelatorum
524 542 712 589 specialiter
739 545 905 587 deputatae
924 567 934 582 ‚
962 549 1100 586 excepta
1132 544 1307 577 dumtaxat
1344 542 1621 587 Congregatione

144 597 319 629 memorati
339 593 527 628 Tribunalis
549 593 727 627 Auditoris
756 591 932 628 Generalis
959 601 1133 627 causarum
1158 591 1273 625 Curia:
1304 592 1457 626 Camerae
1482 593 1627 635 Aposto-

145 644 213 679 licae
242 642 397 689 proprios
424 642 584 678 Notarios
615 641 763 676 habentis
780 666 790 675 .

238 693 412 736 Quocirca
427 691 575 726 Officiali
605 701 708 736 super
734 692 900 744 revisione
916 693 1206 729 Commissionum
1224 705 1309 728 nunc
1330 702 1362 728 et
1388 706 1448 739 pro
1467 700 1622 736 tempore

141 743 324 787 deputato,
354 751 413 786 per
428 743 559 776 easdem
590 749 767 782 praesentes
793 741 1024 788 injungimus,
1055 752 1086 777 et
1114 744 1243 778 directe
1274 741 1498 787 praecipiendo
1530 752 1624 775 man-

148 793 289 831 damus,
318 792 478 836 quatenus
501 801 540 824 ex
572 801 659 823 nunc
696 791 869 835 antiquum
899 792 1014 825 Curiae
1042 790 1169 836 stylum
1187 815 1197 830 ‚
1225 792 1302 825 alias
1331 791 1487 837 religiose
1513 800 1626 824 serva-

147 849 247 878 tum,
282 841 419 874 omnino
437 850 608 873 resumens
624 863 633 877 ‚
664 838 787 874 nullam
812 839 1028 885 imposterum
1053 839 1341 874 Commissionem
1371 842 1411 873 ad
1427 841 1551 873 Rotam
1577 835 1626 870 di-

145 897 268 924 rectam
288 890 317 923 iu
337 889 457 924 Causis
474 886 676 934 pecuniariis
689 897 747 922 aut
771 889 915 933 profanis
937 889 1088 928 relaxet,
1118 891 1177 923 seu
1199 887 1373 923 transitum
1390 889 1511 922 habere
1525 886 1625 924 sinat,

143 937 204 973 nisi
234 950 425 982 expressam
456 939 573 972 habeat
598 935 804 972 clausulam:
823 944 965 972 Attente
996 939 1083 984 quod
1107 938 1221 983 agitur
1251 939 1288 971 de
1307 940 1410 971 Causa
1425 937 1509 970 citra
1523 939 1623 969 Mon-

144 995 190 1021 tes
221 990 409 1022 ascendente
441 988 482 1021 ad
521 986 669 1021 valorem
699 988 952 1032 quingentorum
977 996 1143 1020 scutorum
1173 994 1425 1024 aureorum3et
1463 982 1625 1029 respecti-

143 1035 186 1071 ve
214 1036 245 1070 in
269 1036 390 1071 Causis
412 1034 555 1080 profanis
586 1034 672 1069 ultra
701 1035 833 1070 Montes
860 1060 871 1076 ‚
904 1035 965 1070 nisi
991 1038 1108 1071 habeat
1137 1033 1340 1070 clausulam:
1369 1040 1511 1068 Attente
1537 1032 1626 1079 quod

143 1086 257 1131 agitur
289 1088 326 1120 de
342 1090 445 1119 Causa
473 1085 559 1119 ultra
585 1088 712 1118 Montes
739 1086 928 1119 ascendente
961 1086 1004 1119 ad
1033 1086 1182 1121 valorem
1210 1091 1374 1118 scutorum
1405 1083 1496 1117 mille
1526 1082 1626 1115 auri.

143 1134 263 1169 Itidem
282 1135 459 1175 diligenter
474 1134 641 1171 attendat,
673 1144 713 1167 ne
732 1133 906 1168 transitum
928 1135 1047 1168 habeat
1077 1133 1187 1177 aliqua
1202 1132 1414 1166 Commissio
1446 1131 1478 1165 in
1499 1129 1625 1164 Causis

142 1183 402 1218 Beneficialibus
436 1185 530 1217 Rotae
558 1183 684 1216 directa
710 1206 719 1221 ‚
747 1182 808 1216 nisi
837 1185 955 1217 habeat
986 1181 1193 1217 clausulam:
1215 1187 1358 1215 autento
1389 1180 1478 1227 quod
1512 1179 1629 1224 agitur

144 1232 182 1266 de
215 1231 401 1273 Beneficio,
433 1241 489 1266 aut
516 1231 557 1265 de
587 1229 773 1270 pensione,
801 1233 973 1266 excedente
998 1242 1144 1266 annuum
1168 1231 1317 1265 valorem
1347 1229 1631 1275 vigintiquatuor·

145 1282 338 1315 ducatorum
369 1283 446 1315 auri
473 1283 510 1315 de
531 1285 688 1320 camera,
707 1280 759 1315 vel
777 1285 920 1315 ⁸Attente
935 1281 1023 1328 quod
1050 1281 1164 1326 agitur
1193 1281 1231 1314 de
1254 1279 1364 1327 prima
1383 1278 1558 1324 Dignitate
1590 1276 1626 1310 in

145 1330 332 1365 Cathedrali
355 1328 406 1364 vel
427 1331 609 1375 collegiata
625 1353 634 1363 .

240 1379 316 1413 Pari
344 1379 471 1413 ratione
505 1379 684 1424 diligenter
720 1382 902 1421 observet,
934 1389 971 1416 ut
1008 1381 1039 1415 in
1058 1379 1369 1415 Commissionibus
1398 1380 1437 1414 ad
1466 1376 1625 1412 Praelatos

142 1435 236 1461 extra
259 1428 379 1461 Rotam
400 1451 410 1466 ‚
438 1427 492 1461 vel
523 1428 624 1461 etiam
651 1431 690 1462 ad
707 1429 810 1472 ipsius
827 1431 926 1464 Rotae
943 1429 1126 1464 Auditores
1156 1429 1203 1463 uti
1227 1428 1384 1462 Praelatos
1400 1425 1586 1471 dirigendis
1613 1448 1625 1463 ‚

141 1475 167 1510 si
196 1484 314 1521 agatur
342 1476 382 1509 de
403 1474 526 1508 Causis
554 1477 752 1519 pecuniariis
777 1487 834 1510 aut
862 1476 1007 1519 profanis
1027 1500 1037 1513 ,
1066 1475 1152 1510 adsit
1180 1476 1521 1510 clausulawmento
1537 1473 1628 1520 quod

142 1525 256 1568 agitur
284 1525 321 1557 de
349 1528 452 1557 Causa
470 1523 552 1557 citra
568 1528 697 1558 Montes
729 1525 816 1566 infra
845 1524 995 1559 valorem
1028 1525 1286 1571 quingentorum
1310 1532 1481 1558 scutorum
1510 1532 1627 1556 aureo-

143 1583 216 1606 rum
241 1583 298 1606 seu
325 1571 420 1604 vltra
435 1576 567 1604 Montes
585 1572 669 1611 infra
683 1573 832 1608 valorem
851 1581 1018 1607 scutorum
1049 1573 1140 1605 mille
1164 1582 1365 1610 aureorum3
1391 1571 1424 1604 Si
1449 1581 1533 1604 vero
1549 1581 1623 1614 aga-

143 1629 198 1655 tur
225 1622 267 1654 de
296 1618 415 1655 Causis
443 1618 700 1653 Beneficialibus
730 1632 885 1664 expressa
910 1621 952 1655 sit
981 1618 1130 1654 clausula
1156 1624 1300 1652 Attente
1330 1619 1417 1664 quod
1445 1619 1560 1663 agitur
1584 1619 1624 1652 de

143 1668 304 1712 Beneficio
321 1695 330 1709 ‚
363 1681 419 1703 seu
452 1668 493 1702 de
520 1666 708 1707 Pensione,
735 1679 797 1702 non
829 1670 1004 1703 excedente
1030 1679 1173 1703 annuum
1201 1666 1353 1703 valorem
1381 1667 1511 1713 viginti
1545 1677 1626 1714 qua-

143 1725 221 1754 tuor
251 1721 443 1754 ducatorum
470 1717 546 1750 aurt’
576 1717 614 1750 de
640 1720 775 1759 Camera
792 1741 801 1750 .
1418 1749 1420 1751 ,

243 1768 276 1802 Si
304 1768 387 1802 vero
406 1766 608 1811 contingat,
636 1768 725 1810 quod
753 1764 866 1811 aliqua
883 1766 1018 1807 Causa,
1036 1777 1108 1812 quae
1127 1774 1266 1812 propter
1285 1766 1391 1812 ipsius
1416 1766 1633 1812 qualitatem,‘

143 1825 200 1852 aut
230 1816 379 1852 valorem
396 1840 405 1855 ‚
433 1815 600 1860 praedictae
619 1814 714 1850 Rota:
731 1815 913 1850 Auditorio
928 1817 1169 1851 committenda
1184 1823 1272 1850 esset
1291 1840 1301 1856 ‚
1329 1817 1372 1850 ob
1390 1815 1544 1851 Partium
1562 1815 1635 1851 col-

144 1865 347 1911 litigantium
364 1876 560 1899 consensum
576 1887 586 1902 ‚
614 1863 717 1898 alicui
733 1864 875 1899 Praelato
891 1875 987 1900 extra
1003 1866 1127 1900 Rotam
1144 1864 1380 1900 committatur
1395 1877 1405 1905 ;
1421 1866 1473 1900 vel
1498 1871 1632 1903 contra‚‘

142 1913 254 1960 aliqua
269 1916 381 1950 Causa
399 1915 437 1948 ad
465 1913 576 1948 forum
593 1913 710 1947 Curiae
742 1913 910 1958 Capitolii
939 1914 1134 1959 pertinens,
1160 1925 1222 1949 seu
1254 1922 1395 1959 propter
1423 1914 1526 1959 ipsius
1552 1924 1631 1958 qua-

141 1961 268 1999 litatem
285 1989 295 2003 ,
322 1973 356 1999 et
383 1962 529 1998 valorem
549 1961 650 1997 alicui
667 1961 809 1997 Proelato
822 1971 912 1997 extra
932 1964 1055 1999 Rotam
1086 1962 1331 1998 committenda
1346 1986 1355 2002 ‚
1384 1964 1429 1998 ob
1456 1963 1633 2002 hujusmo-

144 2011 179 2045 di
211 2012 361 2047 Partium
389 2023 586 2048 consensum
604 2035 612 2050 ‚
641 2010 736 2045 Rotae
771 2012 1036 2047 committatur:
1068 2013 1098 2047 in
1126 2011 1266 2058 singulis
1306 2012 1431 2047 Causis
1460 2009 1635 2058 praedictis

146 2059 236 2097 idem
266 2061 431 2096 Officialis
451 2063 490 2095 ad
510 2059 801 2101 Commissionurn
820 2061 1021 2097 revisionem
1037 2063 1217 2106 deputatus
1235 2062 1386 2096 advertat
1400 2086 1410 2102 ,
1427 2071 1464 2096 ut
1484 2061 1515 2095 in
1533 2061 1637 2095 Com-

147 2109 304 2145 missione
332 2111 417 2145 adsit
446 2109 591 2143 clausula
617 2115 761 2143 Attente
792 2122 946 2145 consensu
975 2112 1156 2151 ‘Partium3
1180 2108 1219 2144 Et
1244 2110 1336 2156 quod
1361 2123 1379 2145 a
1402 2120 1496 2156 tergo
1525 2109 1636 2143 Com·

149 2158 340 2193 missionum
370 2158 562 2198 hujusmodi
593 2157 700 2191 dictus
729 2169 907 2192 consensus
935 2170 994 2202 per
1010 2160 1251 2194 Procuratores
1272 2159 1424 2194 Partium
1444 2157 1638 2200 collitigan-

150 2205 231 2244 tium
253 2231 264 2246 ‚
295 2215 396 2248 prout
424 2205 578 2249 superius
607 2205 897 2252 praescripsimus,
928 2208 1006 2240 vere
1035 2207 1080 2241 sit
1103 2209 1297 2250 praestitus3
1325 2207 1430 2251 Quod
1455 2205 1480 2241 si
1495 2204 1638 2240 Officia·-

149 2252 190 2290 lis
221 2254 398 2300 praedictus
436 2253 469 2286 in
489 2253 692 2295 praemissis,
724 2254 775 2287 vel
805 2266 922 2288 eorum
946 2254 1086 2299 aliquo,
1115 2256 1303 2295 injunctum
1336 2255 1399 2290 sibi
1434 2266 1555 2290 munus
1582 2265 1638 2288 ne-

149 2303 319 2349 glexerit,
348 2313 464 2337 omnes
491 2309 525 2336 et
539 2298 683 2346 singulas
700 2311 860 2344 expensas
876 2324 886 2339 ,
918 2301 1015 2335 etiam
1041 2302 1312 2339 extrajudiciales
1328 2326 1339 2341 ‚
1369 2303 1557 2337 apartibus
1587 2303 1638 2336 fa-

150 2363 218 2387 ctas
233 2376 242 2390 ‚
269 2360 332 2387 tam
352 2364 414 2396 pro
438 2351 507 2393 ipsa
527 2350 686 2384 mendosa
698 2348 954 2383 commissione
971 2372 982 2385 ,
1012 2351 1110 2394 quam
1141 2360 1203 2394 pro
1221 2350 1490 2396 quibuscumque
1507 2351 1637 2387 actibus

153 2402 230 2436 inde
259 2401 382 2435 secutis
399 2425 408 2440 ,
432 2399 554 2435 eisdem
585 2398 740 2432 Partibus
771 2399 982 2437 reficere‚ac
1009 2400 1050 2433 de
1077 2410 1138 2433 suo
1166 2396 1309 2434 omnine>
1321 2399 1455 2434 solvere
1475 2408 1639 2441 teneatur,

152 2463 188 2486 ac
210 2457 368 2495 praeterea
383 2461 509 2494 poenam
546 2447 742 2482 remotionis
773 2447 812 2482 ab
840 2446 954 2482 officio
969 2470 981 2487 ‚
1001 2459 1058 2482 seu
1080 2447 1278 2493 privationis
1309 2447 1640 2490 ejusdem,arbitrio

152 2499 304 2537 Nostro,
338 2508 368 2531 et
395 2498 629 2534 Successorum
659 2497 863 2531 Nostrorum
887 2496 1053 2537 incurrat,

251 2548 292 2584 Et
315 2547 454 2594 quidem
479 2546 670 2589 hujusmodi
702 2547 917 2583 decretorum
941 2555 990 2587 ,et
1005 2554 1207 2582 statutorum
1236 2547 1439 2584 Nostrorum
1471 2548 1613 2584 formam
1629 2571 1640 2588 ‚

1121 2608 1143 2642 q
1602 2599 1638 2634 in
