1952 3167
378 295 449 331 106
743 294 805 328 DE
831 293 944 335 JURE
972 293 1252 329 SIGNATURAE
1278 294 1492 336 JUSTITIAE

376 343 516 380 Piorum
548 340 746 382 Locorum
778 345 834 378 sed
864 352 971 378 tamen
999 343 1167 388 praefatam
1207 344 1474 384 jurisdictionem
1508 350 1700 389 competere
1727 355 1788 389 pro
1815 356 1857 380 eo

381 401 507 431 tantum
525 416 535 433 ‚
566 394 657 436 quod
674 392 821 438 pertinet
845 393 885 427 ad
901 392 1150 437 deputationem
1183 393 1384 433 OEconomi,
1425 395 1464 427 ad
1491 393 1741 438 graduationem
1776 395 1858 428 Cre-

377 443 530 478 ditorum
551 466 560 480 ‚
593 454 652 477 nec
680 453 742 476 non
760 442 1061 480 distributionem,
1089 452 1148 475 seu
1177 441 1461 487 consignationem
1487 440 1585 484 pretii
1611 451 1651 475 ex
1684 442 1782 477 dictis
1799 444 1859 477 bo-

371 493 424 528 nis
443 491 708 537 emphyteuticis
738 490 954 529 retrahendi,
987 497 1162 532 postquam
1193 489 1318 522 fuerint
1344 489 1557 526 subhastata,
1587 497 1621 522 et
1652 488 1858 526 deliberata.

377 541 463 589 Quo
487 552 570 575 vero
597 542 636 574 ad
656 538 892 574 executionem
907 561 918 576 ‚
948 536 1232 571 subhastationem
1249 560 1259 575 ‚
1286 545 1318 570 et
1332 535 1620 572 deliberationem
1639 537 1787 581 ipsorum
1803 542 1863 574 bo-

379 602 502 626 norum
525 588 860 635 emphyteuticorum
891 585 932 619 de
960 584 1196 629 proprietate,
1223 596 1281 619 seu
1311 583 1439 620 directo
1474 585 1625 620 dominio
1642 609 1653 625 ‚
1681 595 1716 620 ut
1738 598 1859 631 supra,

374 651 442 675 non
467 647 615 685 spectare
633 639 676 672 ad
703 635 844 669 Curiam
865 632 1096 678 Capitolinam
1113 657 1123 673 ,
1161 634 1218 667 sed
1247 634 1286 668 ad
1301 634 1343 667 A.
1359 634 1428 674 C.,
1455 633 1742 670 autCardinalem
1766 635 1863 671 Vica-

374 688 464 724 rium
481 712 491 728 ,
524 695 580 721 aut
593 685 688 720 aliam
718 683 859 718 Curiam
880 681 1148 717 Ecclesiasticam
1167 690 1416 728 competentem
1434 697 1443 717 ε
1473 685 1522 718 Ita
1550 692 1659 719 tamen
1674 693 1712 718 ut
1728 683 1862 718 Cedula

374 736 533 781 Depositi
560 747 578 769 a
594 734 747 768 Cursore
760 755 770 771 ‚
797 744 857 767 seu
874 731 1083 766 Mandatario
1111 742 1175 765 non
1191 733 1379 776 deponatur
1405 731 1440 767 in
1465 733 1547 767 actis
1563 733 1678 768 Curia:
1694 731 1862 768 Ecclesia-

375 786 468 823 sticae
481 809 492 825 ‚
519 783 576 819 sed
595 782 709 817 statim
723 806 733 822 ,
766 789 799 815 et
823 780 1018 819 immediate
1032 780 1202 815 deferatur
1214 782 1252 815 ad
1273 780 1424 816 Iudicem
1456 781 1652 817 Concursus
1679 792 1716 816 ut
1734 794 1834 827 supra
1848 805 1859 816 .

471 832 646 870 Nolumus
659 840 768 867 autem
787 853 798 869 ,
830 830 1008 875 Magistros
1030 828 1229 864 Iustitiatios
1256 829 1356 865 ullam
1378 841 1533 866 exercere
1547 854 1558 870 ‚
1587 839 1643 865 aut
1671 832 1792 866 habere
1808 833 1863 872 ju-

381 883 617 919 risdictionem
638 889 752 914 contra
768 878 922 913 Clericos
935 902 946 919 ,
977 887 1010 912 et
1029 878 1118 912 Loca
1135 878 1194 913 Pia
1209 902 1220 913 .

475 930 540 965 Sed
555 928 711 972 quoniam
728 950 738 965 ‚
764 926 920 961 stabilitis
938 926 1037 962 etiarn
1074 926 1234 961 limitibus
1266 926 1509 966 iurisdictionis
1543 926 1753 973 singulorum
1773 925 1866 962 Iudi-

373 990 451 1016 cum
467 1001 478 1018 ‚
507 986 540 1012 et
557 975 787 1011 Tribunalium
807 999 824 1015 ,,
848 975 938 1019 saepe
958 975 1102 1021 contigit
1129 986 1244 1010 eorum
1271 977 1503 1011 auctoritatem
1520 1001 1531 1017 ,
1559 986 1592 1011 et
1617 977 1728 1011 forum
1757 987 1774 1010 a
1790 976 1867 1009 Par-

375 1028 467 1063 tibus
487 1024 650 1061 declinari
661 1049 676 1065 ,,
699 1022 754 1059 vel
785 1024 816 1058 in
846 1023 921 1069 ipso
946 1023 1042 1058 initio
1058 1047 1068 1064 ‚
1098 1024 1151 1059 vel
1184 1023 1214 1059 in
1245 1025 1533 1071 progressulitis,
1562 1027 1599 1060 ad
1620 1025 1866 1070 defatigandum

375 1077 651 1120 vexandumque·
673 1073 916 1109 Adversarium
932 1096 943 1113 ‚
977 1072 1031 1108 vel
1046 1071 1143 1107 etiam
1175 1072 1206 1107 in
1223 1073 1325 1119 ipsius
1346 1074 1414 1109 litis
1431 1075 1494 1109 fine
1507 1099 1517 1114 ‚
1543 1076 1582 1109 ad
1601 1074 1792 1109 evitandam
1809 1080 1867 1109 aut

376 1124 597 1161 differendam
623 1122 928 1161 Decretorum‚vel
950 1122 1189 1157 Mandatorum
1209 1123 1471 1167 exequutionem
1488 1137 1498 1165 ;
1528 1123 1633 1169 idque
1662 1125 1817 1162 obtentu,
1831 1130 1866 1157 et

376 1174 535 1221 praesidio
565 1172 756 1208 Literarum
772 1170 960 1206 Patentium
982 1194 993 1210 ,
1023 1183 1103 1217 quas
1132 1170 1228 1206 multi
1245 1171 1398 1206 obtinent
1423 1171 1550 1207 ratione
1577 1172 1787 1207 diversorum
1805 1171 1869 1206 Of-

375 1223 540 1260 ficiorum
555 1246 565 1262 ,
581 1231 614 1255 et
629 1219 906 1256 Familiaritatum
925 1243 936 1259 ‚
961 1231 1002 1254 ex
1020 1219 1140 1265 quibus
1153 1220 1249 1266 plura
1264 1220 1327 1255 sibi
1343 1222 1452 1266 quoad
1466 1220 1664 1256 electionem
1683 1220 1764 1255 Fori
1777 1231 1867 1255 com-

376 1281 501 1318 petere*
519 1269 708 1315 privilegia
737 1269 971 1309 contendunt3
1005 1268 1085 1303 ideo
1108 1269 1266 1304 nonnulla
1293 1269 1442 1304 Decreta
1472 1280 1574 1313 super
1601 1270 1666 1303 hoc
1693 1269 1867 1304 efformata

372 1333 392 1357 a
410 1320 572 1366 praedicta
590 1318 866 1367 Congregatione
890 1316 1082 1363 particulari
1111 1328 1173 1363 pro
1191 1317 1423 1353 Tribunalium
1453 1317 1693 1353 reformatione
1716 1330 1733 1353 a
1753 1317 1864 1352 Nobis

376 1370 562 1415 deputata,
587 1378 660 1414 quae
689 1369 753 1407 jam
770 1392 780 1407 ‚
808 1365 1015 1402 auctoritatis
1034 1367 1169 1402 Nostrae
1195 1369 1318 1401 robore
1340 1365 1468 1401 munita
1484 1392 1494 1407 ‚
1525 1365 1862 1412 publicarijussitnus

372 1419 434 1454 sub
452 1418 507 1452 die
521 1430 556 1452 x.
578 1416 722 1452 Ianuarii
738 1415 830 1451 Anni
858 1415 1084 1451 MDCCXII.
1098 1440 1108 1455 ‚
1140 1415 1194 1450 hic
1214 1427 1272 1460 per
1286 1424 1461 1450 extensum
1488 1415 1610 1449 inserta
1636 1415 1748 1448 denuo
1760 1413 1864 1448 sanci-

372 1478 449 1502 mus
467 1489 484 1503 ...
505 1472 543 1499 et*
567 1463 778 1510 praesentium
807 1474 944 1507 quoque
971 1463 1057 1498 serie
1084 1463 1221 1498 omnino
1247 1463 1373 1499 servari
1398 1465 1623 1498 mandamus..
1646 1463 1760 1508 anue
1786 1469 1864 1498 sunt

373 1514 497 1550 tenoris
512 1511 682 1558 sequentis
702 1535 712 1552 ‚
742 1510 904 1547 videlicet
918 1534 927 1544 .

469 1561 686 1606 Privilegiati
699 1583 709 1598 ,
725 1570 780 1593 seu
811 1563 914 1592 'Paten
925 1560 980 1596 'ati
995 1562 1230 1607 cuiuscumque
1241 1561 1373 1606 generis
1387 1564 1401 1604 (
1418 1559 1561 1604 exceptis
1577 1557 1766 1592 ‘Patentau‘s
1788 1561 1862 1592 Sac.

372 1609 603 1658 Inqm'sitionis
617 1611 631 1651 )
641 1606 900 1655 foriprIvilegio
916 1609 1063 1653 gaudere
1079 1620 1140 1642 non
1155 1609 1303 1646 debeant,
1317 1608 1380 1642 nisi
1395 1608 1428 1641 in
1447 1607 1566 1646 causis,
1582 1614 1613 1641 et
1626 1607 1773 1652 negociis
1787 1617 1865 1641 con-

370 1657 578 1696 cernentibus
590 1656 704 1699 Officia
716 1680 727 1697 ,
741 1664 774 1690 et
791 1656 992 1692 Ministeria‚
1007 1667 1146 1703 quorum
1163 1657 1286 1690 intuitu
1302 1663 1379 1690 sunt
1387 1655 1599 1703 privilegiati
1612 1680 1623 1696 ‚
1648 1655 1806 1691 videlicet
1819 1655 1862 1689 ad

374 1719 524 1744 normam
542 1708 746 1742 decretorum
764 1729 774 1744 ‚
802 1716 871 1752 quae
887 1705 1058 1752 superbae
1076 1706 1215 1740 materia
1224 1705 1420 1752 prodierunt
1433 1712 1577 1752 tempore
1599 1716 1671 1739 san.
1690 1716 1787 1740 mem.
1805 1708 1866 1738 vr·

373 1758 454 1793 bant*
475 1760 581 1795 VIII„
599 1766 637 1789 ac
651 1754 834 1789 Innocentis·
849 1758 908 1788 ΧΙ.
923 1778 934 1795 ,
948 1765 1068 1789 necnon
1084 1754 1270 1789 Innocenti?
1286 1758 1360 1788 XII.
1376 1778 1387 1794 ,
1405 1754 1580 1801 itidemque
1595 1761 1729 1788 servata
1749 1752 1863 1795 forma

369 1806 564 1855 praescripta
589 1812 648 1852 per
666 1808 805 1838 Decreta
821 1803 1088 1850 congregationis
1103 1801 1356 1846 Reformationis
1370 1802 1600 1838 Tribunalium
1629 1803 1680 1838 die
1695 1803 1744 1837 iv.
1755 1802 1865 1849 Apri-

373 1856 415 1891 tis
441 1855 540 1889 ,Ληηί
563 1857 816 1888 MDCCXXXI.
836 1877 848 1893 ,
866 1854 954 1887 itaut
981 1854 1024 1887 ad
1051 1853 1200 1887 tramites
1215 1851 1426 1900 praefatorum
1456 1858 1671 1887 Decretorum
1699 1851 1798 1885 etiam
1828 1851 1863 1884 in

368 1905 540 1952 pradictis
567 1903 674 1937 causis
689 1926 701 1942 ‚
732 1909 768 1936 et
789 1903 932 1948 negociis
953 1900 1343 1946 concernentibus.0fficia
1358 1925 1368 1941 ,
1391 1909 1421 1935 et
1438 1902 1626 1935 Ministeria
1655 1899 1864 1946 Privilegia-

373 1962 482 1988 torum
499 1977 509 1994 ‚
525 1964 579 1987 seu
609 1956 855 1988 Patentatorum
872 1975 881 1990 ,
898 1959 1058 1998 quantum
1087 1951 1206 1985 attinet
1221 1952 1265 1985 ad
1282 1962 1394 1986 eorum
1421 1949 1575 1993 favorem
1593 1975 1604 1991 ‚
1630 1949 1860 1985 renunciatum

369 2002 560 2049 privilegio
589 2001 750 2036 videatur
769 2008 831 2048 per
859 2011 1049 2036 consensum
1075 2011 1186 2035 coram
1211 2000 1279 2035 alio
1305 2001 1414 2036 radice
1435 2000 1608 2034 ordinario
1622 2023 1633 2039 ‚
1648 1997 1783 2034 verbis,
1802 2004 1859 2027 seu

369 2050 471 2093 factis
498 2051 711 2098 prastitum3
739 2049 884 2097 amplius
909 2051 1060 2091 adjecto,
1092 2057 1129 2083 ut
1154 2049 1309 2097 pradicto
1331 2049 1516 2097 privilegio
1555 2055 1723 2082 censeatur
1745 2043 1859 2077 itidem

378 2101 611 2134 renunciatum
643 2106 704 2146 per
731 2109 919 2133 consensum
945 2097 1205 2146 aequipollentem
1232 2122 1244 2137 ‚
1268 2099 1397 2144 quoties
1417 2097 1510 2129 illius
1538 2095 1696 2139 allegatio
1727 2099 1860 2138 praeter-

372 2148 476 2180 missa
502 2146 613 2187 fuerit>
634 2144 782 2192 tempore
808 2154 1017 2193 opportuno,
1045 2147 1106 2178 hoc
1135 2153 1183 2177 est
1212 2144 1300 2184 infra
1325 2151 1392 2177 tres
1422 2143 1490 2177 dies
1519 2142 1738 2177 numerandos
1763 2152 1782 2175 a
1808 2139 1860 2174 die

372 2195 636 2241 reproductionis
655 2193 828 2226 Munitorin’
841 2215 850 2231 ‚
867 2203 926 2226 seu
941 2191 1062 2226 Libelli
1072 2214 1084 2231 ,
1099 2192 1156 2226 vel
1172 2191 1344 2227 citationis
1361 2192 1405 2226 acl
1425 2192 1594 2226 dicendum
1613 2198 1723 2224 contra
1737 2193 1836 2224 Iura.

473 2240 711 2283 Pariformt‘ter
735 2240 796 2275 sub
826 2241 939 2275 eadem
966 2240 1036 2285 lege
1063 2241 1288 2286 comprehensi
1315 2247 1508 2274 censeantur
1533 2238 1776 2285 privilegiati,
1801 2246 1860 2271 seu

376 2292 549 2325 Patentati
573 2286 661 2331 Rev?
674 2288 815 2323 Fabricae
838 2289 951 2323 Sancti
966 2288 1060 2322 ‘Petri
1079 2310 1090 2326 ‚
1107 2295 1207 2335 prout
1233 2299 1286 2322 eos
1310 2290 1514 2336 praelaudata
1543 2293 1680 2323 Decreta
1703 2285 1861 2330 sufficien-

371 2347 421 2373 ter
446 2338 725 2385 comprehendunt
742 2361 753 2377 ,
782 2345 815 2371 et
842 2337 1036 2372 nominatim
1062 2346 1191 2384 quoque
1210 2337 1303 2372 aliud
1333 2338 1601 2384 congregationis
1637 2335 1859 2371 ‘particularis

371 2388 562 2422 solemniter
587 2384 818 2427 confirmatum
843 2394 905 2433 per
930 2385 1062 2420 Bullam
1090 2396 1161 2420 san.
1189 2397 1285 2421 mem.
1315 2387 1497 2421 Innocentis⁴
1529 2389 1614 2426 XL,
1645 2395 1714 2432 quae
1741 2384 1856 2430 incipit

373 2436 486 2471 Decet
503 2460 512 2475 ,
527 2434 591 2471 sub
621 2437 734 2471 datum
759 2436 808 2470 iv.
824 2435 962 2470 Kalend.
976 2435 1067 2470 Junii
1082 2436 1180 2470 Anni
1194 2434 1474 2470 MDCLXXXIX.
1489 2458 1500 2474 ,
1525 2437 1595 2471 sive
1622 2435 1687 2468 sint
1707 2432 1859 2468 commis-

370 2485 451 2520 sarii
462 2508 472 2526 ‚
501 2487 572 2521 sive
586 2490 830 2521 Procuratores
842 2508 852 2527 ,
881 2486 979 2520 etfam
998 2484 1164 2525 fiscales,
1191 2485 1262 2521 sive
1280 2485 1429 2530 Notarii
1443 2508 1454 2526 ‚
1467 2485 1537 2520 πῖνε
1566 2484 1634 2520 alia
1650 2489 1856 2566 quacumgtf

1831 2539 1859 2563 1-
