1993 3195
613 353 651 394 C
685 353 722 394 Α
755 354 783 392 P
814 353 856 393 U
885 351 925 394 T
985 354 1032 396 Π.
1458 374 1540 417 ¹29

81 413 317 474 pertinentia
337 412 500 454 Causae
520 412 572 453 ad
589 412 709 454 AC.
732 413 781 453 Et
813 412 919 453 idem
950 409 1128 456 decrevit
1163 412 1204 454 in
1241 412 1450 458 Viterbien.
1474 434 1538 475 ¹4·

82 472 211 516 martii
238 473 361 526 1778.
382 488 450 529 per
468 485 554 513 acta
571 470 750 512 Arclzivii
765 501 775 511 .

196 530 418 574 Privativus
450 532 566 572 etiam
584 531 716 584 Judex
736 543 792 572 est
826 531 867 572 in
888 528 1023 572 causis
1037 531 1235 573 simoniae
1252 564 1264 581 ,
1280 547 1316 574 et
1336 534 1541 591 Confiden-

79 588 222 631 tiorum
251 604 299 630 cx
321 590 627 632 Constitutione
657 589 861 632 Benedicti
890 592 995 631 XIII.
1030 591 1128 631 anni
1165 593 1285 647 1728.

196 648 299 690 AC.
315 649 354 689 in
374 649 704 691 Crizninalibusin
733 649 898 691 materia
923 664 1144 691 usurarum
1167 652 1310 707 nequit
1331 667 1385 694 ex
1409 655 1539 697 officio

78 707 476 765 procedere,quando
491 708 650 750 debitor
670 721 900 750 contractus
919 709 1092 750 usurarii
1111 712 1337 766 pervenerit
1355 714 1540 756 Credito-

79 782 163 808 rem
195 768 486 822 coramjudice
520 767 623 810 civili
657 769 926 825 proponendo
964 767 1214 811 Contractus
1237 771 1459 813 nullitatem
1483 775 1536 815 ob

79 841 269 876 usuram3
301 843 348 868 eo
386 827 508 883 magis
527 827 622 882 quia
643 827 683 867 iri
713 827 852 868 edicto
870 827 1090 869 Falconerii
1118 830 1395 871 Gubernatoris
1424 834 1536 874 Urbis

77 900 193 927 casus
225 887 274 927 de
296 887 555 944 procedendo
576 901 622 927 ex
642 887 774 927 officio
812 901 896 927 non
932 901 987 928 est
1022 901 1231 942 expressus
1252 919 1260 928 .
1296 890 1400 931 Hinc
1421 893 1538 933 Prae·

77 945 210 987 fectus
227 978 239 995 ‚
274 946 469 989 scribente
487 947 604 987 etiam
625 946 736 987 Fisco
764 946 910 988 remisit
929 946 1112 987 Causam
1139 946 1179 986 in
1198 947 1382 989 civilibus
1400 981 1411 998 ,
1441 966 1536 992 eon-

76 1004 278 1046 firmando
297 1006 499 1047 decretum
518 1005 731 1046 Audito-ris
749 1006 789 1046 in
810 1021 944 1047 mense
965 1004 1162 1060 februario
1180 1037 1191 1054 ,
1221 1019 1258 1047 et
1279 1007 1383 1062 julio
1412 1024 1533 1065 ¹779·

75 1078 146 1120 per
176 1075 265 1106 acta
285 1064 452 1106 Brurzelli
470 1096 480 1105 .

197 1124 437 1166 pertinentia
467 1122 636 1176 alicujus
670 1124 832 1166 Causae
870 1124 1085 1167 criminalis
1122 1125 1173 1166 ad
1200 1125 1252 1166 A.
1274 1126 1326 1167 C.
1362 1142 1445 1168 non
1478 1139 1535 1172 est

73 1182 318 1237 personalis;
351 1183 455 1221 itaut
484 1198 568 1220 non
587 1195 736 1236 spectat
755 1188 911 1223 tantum
932 1185 984 1222 ad
1005 1184 1131 1237 ipsam
1153 1199 1364 1238 personam
1402 1188 1453 1226 A,
1476 1188 1530 1229 C.

75 1239 144 1282 sed
189 1238 241 1279 ad
274 1237 362 1290 ejus
398 1238 768 1295 Congregationem
801 1268 814 1281 .
859 1240 910 1281 Et
942 1240 1111 1295 proinde
1158 1256 1287 1296 quum
1335 1243 1532 1285 Eminen-

74 1297 247 1340 tissimus
263 1298 486 1340 Praefectus
505 1300 582 1340 sub
601 1298 663 1338 die
681 1311 740 1352 19.
760 1298 988 1341 novembris
1014 1299 1130 1353 1781.
1146 1314 1165 1340 a
1203 1299 1389 1355 judicato
1413 1304 1465 1343 A.
1487 1305 1531 1346 C.

73 1355 113 1397 ἱη
128 1356 391 1398 criminalibus
408 1357 602 1398 retruserit
624 1357 807 1399 Causam
839 1358 891 1399 ad
923 1358 1069 1399 dletam
1088 1357 1455 1414 Congregationem
1491 1378 1531 1404 e-

74 1415 172 1458 tiam
192 1431 286 1458 cum
300 1417 489 1458 facultate
519 1416 900 1463 circumscribendi,
921 1431 957 1457 et
971 1417 1087 1472 petita
1109 1418 1228 1458 fuerit
1248 1419 1393 1460 deinde
1415 1435 1533 1472 repo-

76 1473 167 1517 sitio
185 1490 206 1516 a
244 1477 448 1532 praedicto
475 1473 717 1516 remissionis
742 1475 900 1516 decreto
916 1507 927 1523 ,
946 1489 992 1514 ex
1015 1491 1098 1530 quo
1133 1475 1336 1517 Defensor
1365 1477 1530 1522 Causae

72 1537 368 1585 contendebat,
388 1534 670 1592 pertinentiam
704 1549 775 1590 pro
798 1533 854 1574 A.
875 1534 925 1575 C.
963 1534 1219 1590 privativam,
1241 1550 1319 1578 esse
1336 1551 1531 1593 persona-

76 1592 177 1642 Iem,
212 1610 294 1636 non
324 1596 574 1637 extensivam
620 1594 672 1634 ad
705 1593 790 1648 ejus
810 1593 1210 1650 Congregationem,
1248 1595 1290 1635 in
1320 1596 1529 1640 audientia

76 1652 154 1694 diei
174 1667 244 1696 22.
277 1654 378 1708 junii
410 1657 536 1711 1782.
575 1653 680 1695 idem
715 1654 917 1696 Prafectus
937 1651 1047 1694 stetit
1069 1653 1113 1694 in
1148 1654 1338 1696 decretis.

195 1715 238 1755 ln
259 1714 409 1756 Causis
430 1715 585 1769 Trufflze
607 1714 730 1755 habet
748 1713 978 1755 facultatem
1000 1713 1246 1768 procedendi
1270 1714 1529 1757 oeconomice

74 1785 123 1813 ex
137 1774 326 1830 rescripto
345 1776 395 1814 D.
416 1774 472 1816 N.
491 1774 547 1815 Pii
564 1773 636 1812 Vl.
667 1787 708 1828 9.
726 1772 857 1814 martii
872 1772 995 1827 1785.
1018 1801 1029 1819 ,
1066 1787 1170 1826 quae
1207 1771 1373 1828 quidem
1405 1772 1529 1816 facul-

73 1842 133 1873 tas
159 1831 391 1886 intelligitur
423 1847 496 1886 pro
525 1831 763 1880 fraudibus,
791 1847 860 1872 seu
895 1830 1018 1882 truffis
1052 1832 1231 1872 admissis
1264 1831 1308 1871 in
1328 1846 1531 1887 permuta·

77 1889 191 1931 tione
225 1889 458 1930 cedularum
476 1901 631 1928 tantum
650 1903 663 1934 ·‚
682 1902 729 1927 ex
752 1888 1018 1927 declaratione
1035 1889 1173 1928 emissa
1196 1889 1236 1927 in
1272 1890 1429 1932 decreto
1450 1891 1535 1933 Au-

77 1947 217 1988 ditoris
249 1947 443 1988 Pontificii
463 1962 501 2001 9.
523 1946 615 1986 maii
643 1946 770 1986 1086.
793 1945 834 1984 in
856 1944 996 1985 Causa
1024 1945 1124 1987 inter
1135 1948 1340 2003 Ioseplzum
1379 1951 1426 1989 de
1445 1951 1530 1991 Ru-

75 2005 156 2046 heis
174 2036 187 2053 ,
214 2015 251 2045 et
282 2006 462 2045 Satzctem
484 2004 640 2044 Pice-ioli
657 2034 667 2042 .
700 2004 961 2060 Quapropter
990 2005 1040 2044 ab
1060 2006 1257 2046 Auditore
1289 2006 1531 2061 Signaturae

74 2063 153 2106 fuit
188 2063 530 2119 circumscriptum
566 2076 820 2118 praeceptum
840 2062 1104 2104 oeconomice
1125 2063 1277 2105 factum
1306 2067 1357 2107 ab
1393 2066 1442 2106 Α.
1475 2068 1530 2110 C.

77 2122 250 2165 Cursori
272 2123 319 2163 de
338 2137 421 2161 non
438 2121 666 2163 accedendo
687 2121 738 2160 ad
751 2121 924 2160 Curiam
945 2123 1280 2164 Innocentianam
1298 2154 1306 2163 .
1332 2125 1381 2165 Et
1397 2141 1529 2180 quum

77 2182 310 2224 Procurator
327 2181 485 2222 Fiscnlis
500 2182 551 2220 A.
577 2179 619 2220 C.
643 2178 796 2235 petierit
813 2178 1084 2221 circumscribi
1098 2182 1251 2223 decreta
1285 2183 1379 2224 dicti
1398 2185 1530 2226 Audi-

77 2242 170 2282 toris
191 2240 536 2283 coramAuditore
556 2236 944 2286 pontificis,fuerunt
959 2252 1089 2281 tamen
1108 2241 1344 2284 confirmata
1364 2242 1529 2287 decretis

83 2298 221 2340 dierum
243 2301 280 2342 6.
299 2317 350 2342 oc
371 2314 441 2341 2-0.
459 2299 590 2340 martii
619 2299 743 2351 1787.

199 2359 292 2400 AEsii
309 2360 456 2401 Civitas
475 2360 588 2399 habet
614 2357 790 2397 officium
812 2357 1055 2406 Consulatus,
1073 2359 1228 2416 jamdiu
1255 2375 1429 2403 erectum
1447 2392 1459 2408 ,
1487 2374 1526 2404 et

85 2417 399 2461 confirmatuma
420 2417 738 2460 Benedictoxiv‚
761 2416 855 2472 (ι).
887 2416 1064 2472 Ejusque
1095 2418 1263 2458 facultas
1293 2429 1348 2459 est
1379 2434 1526 2475 cogno-

1008 2478 1039 2514 Η
1412 2493 1527 2519 scen-

90 2548 1506 2562 —————-——————--—-———

134 2608 190 2648 (¹)
213 2608 360 2651 Append.
378 2618 455 2652 pag.
477 2617 550 2652 132.
570 2609 611 2640 ad
632 2617 708 2650 134.
