1952 3167
316 328 362 362 28
682 328 745 363 DE
772 329 883 370 JURE
911 327 1191 364 SIGNATURAE
1217 328 1429 371 JUSTITIAE

322 381 413 410 taxat
447 384 650 422 consequen.
687 379 803 412 harum
832 377 915 412 serie
959 377 1195 418 absolventes,
1235 386 1268 412 et
1296 379 1458 412 absolutas
1503 376 1576 412 fore
1601 385 1797 418 censentes,

316 432 414 459 motu
448 425 589 470 proprio
615 450 626 465 ‚
669 437 705 460 ac
732 439 772 462 ex
803 435 894 461 certa
930 426 1069 462 scientia
1096 450 1106 466 ‚
1151 436 1183 461 et
1212 436 1340 462 matura
1383 425 1621 460 deliberatione
1651 425 1797 465 nostris,

316 474 428 518 deque
471 473 677 520 Apostolica}
719 475 892 521 potestatis
924 474 1132 519 plenitudine
1161 474 1358 512 omnibus',
1400 483 1434 506 et
1473 473 1611 518 singulis
1641 475 1798 510 Referen-

315 521 418 556 dariis
446 522 546 558 dictae
577 523 761 569 Signaturae
792 522 931 564 justitiae
959 523 1187 561 Votantibus,
1220 533 1332 560 nunc,
1364 529 1395 553 et
1423 530 1484 563 pro
1515 529 1669 565 tempore
1697 536 1797 568 quan-

316 570 509 618 documque
535 571 758 607 existentibus
785 596 796 612 ,
834 581 870 606 ut
913 570 944 605 in
973 570 1106 616 privato
1140 572 1260 604 domus
1297 568 1482 609 cujuslibet
1523 581 1641 604 eorum
1676 572 1800 606 habita-

314 618 441 661 tionis,
467 620 567 656 etiam
602 622 633 655 in
662 623 722 655 hac
751 620 835 655 alma
861 619 950 654 Urbe
984 627 1096 653 nostra
1121 618 1284 653 Oratorio
1311 643 1322 658 ,
1354 619 1394 653 ad
1425 620 1488 653 hoc
1519 619 1677 654 decenter
1699 630 1794 654 muro

315 677 500 710 extructo,
542 680 575 706 et
601 679 742 709 ornato,
767 681 824 704 sen
854 669 1042 704 extruendo
1062 691 1073 707 ‚
1103 676 1135 702 et
1169 668 1317 703 ornando
1348 669 1387 702 ab
1415 667 1572 703 omnibus
1600 668 1794 703 domesticis

314 717 432 752 usibus
461 718 595 758 libero,
623 730 683 764 per
700 717 861 753 dilectum
903 715 1011 752 filium
1040 726 1191 752 nostrum
1227 717 1258 751 in
1301 718 1417 752 eadem
1443 717 1534 753 Urbe
1563 717 1737 751 Vicarium
1766 716 1797 750 in

311 765 546 810 spiritualibus
575 767 766 813 generalem
793 791 804 808 ,
833 767 943 813 quoad
972 766 1136 802 Oratoria
1179 765 1211 801 in
1241 765 1330 812 dicta
1355 766 1444 801 Urbe
1471 790 1482 805 ,
1515 774 1548 800 et
1587 767 1699 812 quoad
1731 763 1796 799 alia

313 823 411 849 extra
448 817 600 851 eamdem
632 817 757 852 Urbem
787 840 798 856 ‚
842 827 903 861 per
942 814 1164 850 Ordinarium
1204 813 1271 850 loci
1309 815 1497 859 respective
1535 814 1628 860 prius
1664 813 1799 849 visitan-

313 863 386 903 do,
425 872 458 899 et
483 867 698 911 approbando
726 890 736 906 ,
780 877 879 900 unam
908 863 1045 900 Missam
1086 875 1148 911 pro
1184 875 1390 911 unoquoque
1415 864 1471 898 die
1495 887 1507 904 ,
1544 864 1730 898 dummodo
1763 862 1798 897 in

304 910 419 946 'domo
449 914 645 952 hujusmodi
673 913 863 948 celebrandi
891 912 1026 948 licentia
1055 937 1067 954 ,
1105 925 1179 959 quae
1216 915 1324 950 adhuc
1369 915 1496 952 duret,
1535 912 1628 946 alteri
1658 923 1798 946 conces-

309 970 346 993 sa
384 971 449 993 non
478 961 612 1000 fuerit,
653 971 711 1005 per
746 973 780 996 se
825 962 914 1006 ipsos
940 985 951 1001 ‚
993 961 1021 996 si
1056 962 1253 998 Sacerdotes
1293 962 1455 1001 fuerint,
1493 960 1665 996 celebrare
1689 984 1700 1000 ‚
1737 971 1798 994 seu

303 1016 371 1051 per
412 1018 667 1054 quemcumque
709 1009 925 1044 Sacerdotem
966 1012 1190 1055 approbatum
1241 1010 1426 1045 secularem
1461 1034 1473 1049 ‚
1511 1009 1566 1044 vel
1613 1009 1654 1044 de
1692 1009 1799 1054 Supe-

306 1054 440 1090 riorum
470 1068 612 1092 suorum
640 1057 776 1094 licentia
802 1058 1004 1105 Regularem
1038 1083 1049 1098 ,
1084 1059 1156 1094 sine
1200 1067 1310 1095 tamen
1339 1069 1633 1105 quorumcumque
1673 1057 1800 1097 jurium

302 1102 562 1141 Parochialium
593 1107 791 1152 praejudicio
817 1132 828 1147 ‚
867 1120 904 1143 ac
931 1107 1101 1143 Paschatis
1131 1107 1404 1144 Resurrectionis
1429 1133 1440 1149 ,
1478 1109 1694 1143 Pentecostes
1712 1131 1723 1147 ,
1766 1113 1801 1141 et

302 1150 501 1190 Nativitatis
531 1155 674 1190 Domini
704 1157 826 1192 Nostri
852 1158 932 1199 Jesu
974 1157 1107 1192 Christi
1134 1182 1146 1197 ,
1190 1158 1331 1203 aliisque
1362 1154 1621 1192 solemnioribus
1649 1155 1725 1191 anni
1757 1156 1803 1190 fe-

301 1202 365 1236 stis
393 1202 515 1238 diebus
544 1204 718 1250 exceptis,
751 1206 783 1240 in
803 1218 889 1246 sua,
920 1214 978 1240 aut
995 1204 1178 1246 cuiuslibet
1207 1217 1323 1241 eorum
1351 1205 1487 1240 familiae
1514 1205 1687 1251 praesentia
1713 1204 1802 1239 cele-

302 1248 393 1284 brari
426 1251 537 1287 facere
562 1252 693 1293 libere,
721 1264 755 1289 et
784 1254 879 1290 licite
908 1255 1063 1300 possint,
1094 1264 1128 1288 et
1154 1254 1310 1290 valeant:
1338 1254 1389 1289 Ita
1415 1263 1525 1289 tamen
1551 1264 1590 1288 ut
1618 1252 1800 1288 familiares

301 1308 422 1334 eorum
449 1301 600 1336 servitiis
632 1313 696 1336 non
727 1302 918 1338 necessariis
959 1303 1084 1337 ibidem
1116 1303 1225 1337 Missae
1253 1302 1486 1336 interessentes
1521 1303 1561 1336 ab
1590 1300 1800 1347 obligatione

298 1347 462 1384 audiendi
490 1349 630 1385 Missam
665 1350 697 1385 in
715 1351 865 1386 Ecclesia
893 1351 1013 1386 diebus
1042 1351 1134 1386 festis
1163 1351 1204 1385 de
1233 1359 1406 1396 praecepto
1433 1350 1530 1386 liberi
1559 1349 1696 1386 minime
1722 1360 1798 1383 cen-

297 1405 459 1437 seantur,
492 1399 693 1435 auctoritate
722 1400 922 1446 Apostolica
950 1410 1063 1434 tenore
1088 1399 1299 1445 praesentium
1320 1399 1489 1434 licentiam
1509 1424 1520 1440 ,
1550 1409 1584 1434 et
1601 1397 1794 1434 facultatem

298 1445 547 1486 concedimus,
577 1448 865 1492 etimpartimur.
894 1449 1124 1482 Decernentes
1149 1450 1281 1482 easdem
1315 1456 1490 1491 praesentes
1515 1447 1627 1482 literas
1662 1456 1798 1491 semper

296 1493 436 1533 firmas,
466 1493 618 1535 validas,
663 1504 696 1529 et
722 1496 873 1530 efficaces
907 1495 1076 1535 existere,
1111 1496 1234 1530 et‘fore
1262 1519 1274 1535 ,
1303 1507 1450 1541 suosque
1477 1495 1672 1541 plenarios,
1697 1503 1732 1529 et
1747 1495 1796 1529 in-

296 1548 411 1587 tegros
439 1543 577 1578 effectus
598 1543 737 1584 sortiri,
769 1553 803 1578 et
816 1544 969 1580 obtinere
989 1567 1000 1583 ‚
1025 1542 1165 1585 acillis,
1191 1546 1230 1580 ad
1246 1557 1330 1591 quos
1357 1553 1483 1591 spectat
1510 1569 1520 1584 ‚
1562 1554 1595 1578 et
1625 1554 1686 1588 pro
1714 1552 1796 1577 tem—

294 1600 383 1635 pore
411 1591 695 1636 quandocumque
720 1592 886 1636 spectabit
916 1592 950 1626 in
967 1592 1149 1633 omnibus,
1184 1602 1217 1628 et
1250 1604 1310 1638 per
1322 1593 1436 1627 omnia
1462 1592 1652 1638 plenissime
1679 1591 1798 1627 suffra-

295 1637 394 1682 gari3
422 1638 538 1683 sicque
555 1662 566 1678 ,
602 1648 635 1674 et
660 1652 724 1674 non
744 1641 840 1675 aliter
866 1633 1099 1686 in'praemissis
1127 1653 1188 1686 per
1226 1653 1457 1687 quoscumque
1487 1641 1622 1683 judices
1650 1640 1797 1675 Ordina-

293 1685 388 1726 rios,
415 1695 449 1722 et
464 1686 649 1734 Delegatos
666 1712 676 1729 ,
717 1688 815 1724 etiam
832 1700 1003 1724 causarum
1031 1689 1147 1724 Palatii
1178 1689 1369 1736 Apostolici
1397 1691 1579 1725 Auditores
1612 1713 1624 1729 ,
1659 1702 1698 1725 ac
1719 1690 1797 1724 San-

292 1743 354 1770 ttae
372 1735 532 1772 Romanae
558 1737 716 1772 Ecclesia>
741 1738 936 1774 Cardinales
952 1762 962 1778 ‚
992 1737 1091 1773 etiam
1122 1739 1164 1773 de
1181 1738 1283 1775 latere
1312 1740 1454 1785 Legatos
1471 1763 1481 1779 ,
1505 1749 1537 1774 et
1554 1739 1692 1785 quosvis
1709 1738 1793 1773 alios

294 1796 513 1831 quacumque
543 1786 818 1830 praeeminentia,
845 1796 878 1822 et
891 1795 1054 1834 potestate
1092 1787 1294 1834 fungentes,
1335 1796 1369 1822 et
1403 1788 1581 1823 functuros
1607 1812 1618 1829 ‚
1664 1787 1796 1822 sublata

290 1832 366 1874 eis,
395 1841 559 1869 eteorum
591 1834 732 1870 cuilibet
762 1836 883 1882 quavis
912 1835 1009 1870 aliter
1031 1835 1204 1875 iudicandi
1225 1860 1235 1876 ‚
1274 1846 1308 1872 et
1338 1836 1578 1882 interpretandi
1604 1836 1795 1875 facultate,

291 1890 324 1916 et
340 1882 539 1919 auctoritate
562 1883 703 1928 iudicari
732 1909 744 1926 ,
777 1894 811 1920 et
828 1884 960 1920 'definiri
980 1884 1127 1925 debere,
1157 1898 1194 1920 ac
1211 1885 1368 1925 irritum,
1406 1894 1439 1920 et
1454 1885 1547 1922 inane
1573 1911 1584 1927 ‚
1626 1885 1653 1920 si
1697 1895 1794 1920 secus

289 1942 394 1975 super
407 1931 457 1966 his
485 1945 687 1979 aquoquam
728 1933 850 1979 quavis
878 1935 1082 1969 auctoritate
1122 1933 1292 1974 scienter,
1322 1933 1376 1969 vel
1392 1934 1587 1981 ignoranter
1612 1933 1794 1979 contigerit

285 1980 469 2019 attentari,
511 1993 578 2015 non
610 1982 821 2019 obstantibus
848 1983 1057 2028 Apostolicis
1081 2007 1093 2024 ‚
1124 1995 1162 2019 ac
1179 1983 1434 2019 Universalibus
1455 2008 1465 2023 ,
1507 1981 1793 2019 Provincialibus-

286 2039 353 2072 que
371 2028 597 2074 Synodalibus
641 2030 806 2068 Conciliis
837 2033 961 2074 editis,
999 2033 1211 2069 veneralibus
1234 2058 1246 2074 ,
1283 2032 1338 2068 vel
1370 2033 1569 2079 specialibus
1597 2056 1609 2072 ,
1639 2039 1673 2064 et
1697 2028 1790 2063 ordi·

286 2077 478 2113 nationibus
499 2079 699 2127 caeterisque
713 2081 890 2118 contrariis
921 2063 1194 2129 quibouscumque
1208 2106 1219 2117 .

318 2148 321 2149 ν
384 2126 514 2162 Datum
542 2129 663 2165 Romae
691 2132 778 2176 apud
807 2132 962 2166 Sanctam
1001 2130 1145 2164 Mariam
1173 2131 1339 2166 Maiorem
1379 2129 1440 2162 sub
1480 2126 1580 2161 anulo
1609 2123 1788 2160 Piscatoris

284 2172 338 2207 die
353 2184 431 2208 xlv.
451 2175 564 2210 Martii
586 2179 860 2213 MDCLXVIII.
888 2177 1110 2211 Pontificatus
1125 2175 1227 2209 nostri
1249 2176 1350 2209 Anno
1370 2175 1399 2209 Ι.

380 2222 419 2256 In
450 2222 516 2256 Dei
535 2225 670 2258 nomine
697 2226 808 2259 Amen
825 2247 835 2258 .
871 2224 987 2259 Fidem
1006 2222 1094 2258 facio
1132 2234 1194 2268 per
1219 2234 1399 2269 praesentes
1432 2224 1506 2270 Ego
1542 2223 1704 2260 Notarius
1731 2227 1791 2268 pu-'

282 2268 392 2303 blicus
410 2269 646 2316 infrascriptus
667 2297 678 2313 ,
691 2272 838 2318 qualiter
856 2272 911 2308 die
932 2284 989 2317 23.
1012 2272 1218 2318 Septembris
1241 2276 1345 2318 1677.
1360 2283 1504 2317 praesens
1529 2273 1626 2319 copia
1640 2280 1790 2308 extracta

279 2317 347 2352 fuit
361 2329 402 2353 ex
418 2330 482 2353 suo
500 2320 614 2366 primo
641 2321 799 2367 originali
831 2320 913 2355 mihi
928 2318 1076 2356 Notario
1102 2319 1240 2365 publico
1258 2321 1412 2356 exhibito
1428 2323 1468 2356 ab
1485 2321 1714 2357 Illustrissimo
1728 2345 1738 2359 ‚
1754 2327 1789 2355 et

277 2366 579 2404 Reverendissimo
598 2369 749 2405 Domino
766 2369 963 2404 Alexandro
977 2369 1103 2404 Ursino
1118 2370 1298 2415 utriusque
1313 2370 1496 2416 Signaturae
1512 2372 1567 2406 SS.
1579 2372 1624 2405 D.
1635 2371 1680 2405 N.
1691 2370 1787 2414 Papae

277 2415 520 2452 Referendario
533 2443 545 2459 ,
572 2428 605 2453 et
619 2420 728 2454 eidem
749 2418 922 2454 exhibenti
951 2418 1107 2453 restituto
1121 2442 1132 2458 ‚
1147 2430 1226 2454 cum
1252 2431 1320 2463 quo
1349 2419 1563 2455 collationata
1579 2421 1759 2455 concordat
1773 2440 1786 2457 ,

276 2465 363 2499 salva
392 2477 526 2512 semper
543 2476 604 2503 etc.
634 2469 671 2503 In
694 2480 840 2514 quorum
872 2476 938 2503 etc.
968 2468 1090 2503 Romae
1120 2469 1182 2503 hac
1208 2468 1288 2508 die,
1319 2477 1353 2503 et
1381 2470 1480 2504 Anno
1498 2469 1689 2515 praedictis.

372 2515 422 2550 ‘lta
440 2525 488 2550 est
504 2529 566 2560 pro
581 2517 766 2553 Hieremia
779 2518 821 2552 de
837 2517 965 2552 Rubeis
993 2517 1140 2551 Notario
1170 2517 1433 2553 Eminentissimi
1456 2543 1466 2558 ,
1496 2528 1530 2553 et
1561 2514 1783 2553 Reverendis-

271 2563 348 2599 simi
379 2564 521 2600 Domini
548 2566 746 2603 Cardinalis
764 2566 888 2603 Vicarii
904 2590 914 2603 .
947 2567 1136 2605 ludovicus
1151 2567 1319 2603 Martolus
1335 2569 1550 2605 connotarius
1566 2575 1676 2648 etc-N
1703 2610 1769 2647 VH
