2075 3167
468 326 528 372 82
765 326 844 367 DE
869 327 1002 374 JURE
1030 328 1368 373 SIGNATURAE
1395 329 1649 379 JUSTlTlAE

473 385 513 425 in
544 380 699 439 judicio
724 399 764 425 se
795 386 947 428 laesum
975 389 1140 430 senserit
1162 421 1173 439 ‚
1213 405 1261 431 ne
1292 391 1492 432 decretum
1528 388 1790 431 diffinitivum
1815 417 1826 435 ‚
1861 388 1922 432 vel

470 443 551 487 vim
576 443 728 486 habens
751 444 953 489 diffinitivi
972 478 984 496 ,
1017 449 1059 489 in
1089 449 1180 491 albo
1201 464 1333 490 rerum
1350 449 1621 506 judicatarum
1648 448 1921 498 describatur,

473 516 576 544 neve
609 505 921 558 exequutionem
943 509 1131 549 sortiatur
1151 540 1163 557 ‚
1197 508 1450 563 Signaturam
1479 508 1638 564 plenam
1667 507 1777 547 adire
1796 506 1921 557 velit,

471 572 518 601 ut
543 561 817 617 appellationis
836 564 975 607 Causa
998 568 1048 608 ab
1065 581 1108 608 ea
1127 568 1397 610 committatur
1417 600 1428 617 ‚
1460 567 1596 609 citatio
1618 566 1658 606 fit
1677 580 1812 606 coram
1838 567 1924 632 Ap-

472 619 609 665 ditore,
625 622 862 677 Signarurae
881 653 894 672 ,
924 640 1005 680 qua
1027 626 1254 668 adversario
1288 627 1557 668 denuntiatur
1575 657 1587 674 ,
1622 636 1665 666 ut
1683 636 1839 680 praesto
1855 636 1921 672 sit,

472 692 519 719 ac
537 693 701 735 paratus
720 681 772 721 ad
785 683 1067 739 experiendam
1084 685 1320 742 Signaturae
1339 685 1620 727 resolutionem
1643 697 1763 748 super
1791 682 1921 748 appel-

467 735 615 779 latione
633 770 645 788 ,
674 740 751 781 hoc
776 754 831 783 est
852 771 865 790 ,
902 756 946 785 ut
963 744 1152 787 Forenses
1170 744 1287 796 ajunt
1309 775 1322 792 ‚
1354 745 1405 786 ad
1421 742 1602 787 effectum
1621 742 1921 784 discut1end1m

467 795 583 851 plena
605 798 822 853 Signatura
841 833 853 850 ‚
884 817 937 842 cm
960 831 972 850 ,
1003 813 1041 843 et
1055 806 1242 859 quomodo
1268 803 1524 861 Appellazioni
1539 804 1645 844 locus
1663 801 1729 843 sit.

586 856 642 897 Ea
666 857 770 897 enim
791 860 927 902 citatio
946 876 1171 918 pernecesse
1191 863 1477 919 praemittenda
1500 874 1582 911 est,
1602 877 1696 902 nam
1715 860 1922 902 Commis‘

468 912 527 954 sio
556 913 722 957 Causae
741 918 854 959 nullo
879 932 996 974 pacto
1029 921 1235 975 impetrari
1271 936 1398 977 potest
1428 921 1579 975 absque
1615 920 1803 961 citatione
1838 935 1850 968 3
1883 931 1921 961 et

465 972 649 1024 quamvis
695 975 860 1017 Ubertus
895 990 1039 1019 asserat
1074 980 1175 1034 (ι),
1210 979 1548 1021 commissionem
1577 978 1741 1018 Causae
1769 979 1919 1032 absque

466 1042 511 1068 ea.
532 1026 732 1084 impetrari
751 1045 862 1086 posse
881 1065 893 1082 ,
921 1047 968 1073 ex
988 1050 1036 1075 eo
1053 1037 1305 1090 potissimum
1323 1067 1336 1084 ,
1369 1037 1465 1091 quia
1486 1035 1649 1076 Causae
1669 1036 1923 1080 committun-

465 1097 532 1126 tur
550 1100 673 1142 prout
689 1087 737 1130 de
756 1089 843 1146 jure
864 1121 876 1139 ‚
905 1092 1020 1148 juxm
1038 1108 1200 1136 sensum
1219 1095 1347 1150 Capit.
1387 1095 1552 1136 Causam
1568 1124 1581 1142 ,
1609 1109 1707 1148 quae
1723 1125 1736 1142 ,
1751 1096 1798 1135 cle
1817 1095 1920 1136 Res-

461 1144 590 1200 criptis
608 1177 621 1194 ,
655 1160 828 1189 attamen
850 1150 1010 1206 ipsemet
1027 1150 1192 1193 Auctor
1222 1152 1387 1194 laudato
1404 1151 1490 1193 loco
1506 1165 1587 1192 rem
1604 1166 1765 1192 ornnem
1780 1154 1919 1209 aperit,

441 1201 593 1257 *quum
625 1205 770 1247 Bartoli
788 1209 1031 1250 sententiam
1065 1210 1107 1251 in
1141 1212 1235 1268 Leg.
1262 1225 1300 1252 2.
1335 1228 1376 1251 n.
1408 1223 1451 1264 3.
1484 1210 1582 1251 Cocl.
1617 1212 1663 1251 de
1685 1213 1921 1267 temporibus

460 1262 651 1317 Appellat.
678 1264 719 1303 in
738 1267 916 1307 medium
935 1269 1111 1323 profert,
1145 1282 1243 1311 tunc
1261 1301 1272 1318 ‚
1293 1284 1449 1326 nempe,
1473 1268 1727 1310 Citationem
1749 1269 1790 1309 in
1813 1271 1921 1312 obti-

459 1319 598 1360 nendo
616 1321 813 1380 Principis
830 1326 1026 1380 rescripto
1061 1342 1146 1369 non
1181 1328 1330 1383 requiri
1351 1360 1361 1376 ‚
1379 1328 1549 1383 quando
1569 1326 1679 1368 alteri
1710 1328 1917 1385 praejudi-

458 1377 553 1419 ciale
574 1394 658 1420 non
695 1381 773 1432 sit;
818 1385 914 1426 hinc
947 1386 1100 1428 ratione
1130 1387 1399 1443 praejudicii,
1434 1386 1489 1427 ait
1520 1386 1607 1434 ille,
1636 1387 1805 1441 quando
1822 1389 1917 1432 Pars

457 1451 496 1478 se
530 1438 701 1494 opponit
736 1440 777 1482 in
810 1442 940 1484 Curia
964 1474 976 1492 ‚
1010 1457 1047 1485 et
1076 1447 1166 1488 vult
1203 1445 1334 1487 audiri
1367 1445 1409 1485 in
1445 1444 1690 1501 Signatura,
1722 1446 1783 1489 vel
1817 1448 1915 1502 quia

457 1493 596 1538 Causa
622 1498 867 1554 appellabilis
885 1515 968 1542 non
995 1502 1074 1551 sit,
1103 1505 1167 1546 vel
1183 1504 1280 1559 quia
1299 1503 1508 1561 appellatio
1537 1518 1621 1544 non
1647 1503 1769 1546 fuerit
1787 1507 1916 1563 legiti-

414 1578 416 1580 ν
455 1569 518 1596 ma
535 1587 548 1605 ‚
582 1556 662 1600 sive
683 1570 832 1603 statuto
858 1574 1033 1617 tempore
1063 1562 1292 1622 interposita
1308 1593 1321 1611 ‚
1357 1576 1454 1605 tunc
1475 1562 1592 1606 debet
1609 1562 1721 1605 citari
1743 1594 1753 1605 .

573 1616 878 1673 Quaevquidem
900 1619 1055 1663 Citatio
1075 1623 1181 1667 Parti
1201 1622 1431 1679 collitigauti
1450 1622 1730 1665 transmittitur
1749 1638 1818 1681 per
1832 1625 1916 1682 Ap-

452 1672 696 1728 paritorem‚
727 1677 806 1722 sive
827 1677 1046 1722 Nuncium
1067 1684 1218 1740 absque
1238 1682 1315 1723 ulla
1330 1682 1510 1735 Judicis‚
1540 1682 1600 1726 vel
1621 1683 1781 1724 Notarii
1814 1684 1915 1725 sub-

449 1732 695 1788 scriptione;
726 1749 764 1778 et
804 1753 852 1779 ne
880 1739 971 1795 quis
989 1771 1002 1788 ,
1038 1755 1170 1784 rerum
1204 1754 1434 1783 nostrarum
1461 1756 1603 1798 expers
1623 1770 1636 1788 ‚
1663 1741 1766 1783 forte
1794 1742 1915 1784 mire-

449 1803 519 1831 tur
543 1791 591 1832 de
610 1792 738 1835 forma
761 1795 837 1838 hac
852 1797 1034 1847 citandi,
1066 1816 1148 1855 qua
1169 1804 1354 1843 Romana
1385 1801 1516 1840 Curia
1539 1800 1580 1839 in
1606 1800 1799 1841 omnibus
1816 1801 1913 1843 Tri-

453 1849 674 1893 bunalibus
708 1853 835 1895 utitur
863 1886 877 1904 ,
914 1871 1044 1910 quum
1071 1858 1162 1900 alibi
1197 1855 1576 1909 sineJudicisjussu
1593 1857 1637 1897 id
1666 1858 1779 1908 fieri,
1812 1876 1914 1903 con-

452 1908 626 1949 suetudo
643 1940 658 1958 ,
675 1911 737 1953 vel
754 1913 865 1955 stilus
883 1927 990 1957 vetat
1005 1945 1018 1963 ‚
1045 1916 1092 1957 de
1112 1932 1156 1959 ea
1175 1916 1331 1971 aliquid
1348 1915 1480 1956 dicere
1494 1930 1535 1955 se
1551 1930 1590 1955 se
1608 1914 1722 1956 offert
1733 1920 1907 1962 occasio.

451 1965 651 2021 Equidem
670 1967 712 2008 in
734 1984 936 2028 comperto
951 1975 1049 2017 satis
1068 1989 1123 2018 est
1139 2008 1152 2026 2
1168 1975 1319 2032 priscae
1339 1976 1488 2014 Romae
1512 1973 1765 2027 temporibus
1784 1975 1825 2016 in
1843 1977 1908 2034 jus

450 2024 705 2068 vocationem
721 2030 884 2087 propria
912 2034 1146 2077 auctoritate
1163 2035 1310 2075 factam
1326 2031 1448 2074 fuisse
1465 2062 1479 2080 ‚
1500 2030 1602 2073 itaut
1618 2033 1786 2077 Actores
1804 2037 1909 2081 Reos

446 2083 520 2124 sibi
553 2084 695 2128 obvios
726 2103 1032 2138 monerent,ut
1064 2106 1103 2132 se
1135 2092 1177 2132 in
1210 2093 1281 2137 Jus
1321 2103 1613 2145 sequerentur,
1652 2092 1748 2135 hinc
1782 2096 1907 2139 Plau—

449 2154 513 2182 tus
537 2171 685 2186 .....
706 2148 862 2188 ambula
875 2147 993 2202 injus
1007 2148 1110 2205 (2);
1153 2164 1259 2204 quae
1296 2148 1443 2190 deinde
1466 2148 1614 2191 citandi
1648 2156 1905 2198 consuetudo

447 2213 661 2257 postquam
691 2205 808 2246 semel
837 2204 910 2257 Jus
945 2206 1077 2250 Civile
1109 2210 1390 2251 Romanorum
1421 2207 1495 2257 sibi
1522 2208 1629 2251 viam
1658 2213 1831 2257 munivit
1861 2215 1904 2257 in

449 2260 759 2316 quamplurimis
777 2264 997 2307 Provinciis
1010 2298 1023 2316 ,
1036 2269 1223 2310 Romano
1241 2268 1413 2325 Imperio
1439 2267 1629 2324 subjectis
1647 2301 1660 2319 ‚
1691 2271 1733 2312 in
1755 2273 1904 2326 aliqui-

451 2317 526 2357 bus
557 2318 733 2363 invaluit
752 2351 765 2369 ,
799 2338 922 2379 prout
953 2325 995 2365 in
1028 2327 1246 2370 Germania
1273 2326 1501 2385 praesertim
1528 2328 1575 2368 de
1594 2331 1735 2372 Tracta
1756 2333 1812 2372 ad
1825 2334 1904 2375 Re-

448 2389 537 2416 num
575 2405 588 2425 ,
619 2390 657 2420 et
676 2381 970 2440 Hennebergico
1008 2387 1197 2431 observat
1212 2387 1420 2430 Schilterus
1433 2385 1534 2443 (3);
1560 2402 1597 2431 et
1624 2390 1737 2444 quod
1753 2391 1900 2434 alicubi

1758 2463 1899 2506 ‚ettam

917 2516 1069 2529 ψ

1385 2519 1540 2531 ,-

490 2563 543 2606 (1)
566 2569 601 2598 171
615 2568 716 2603 Tract.
735 2567 774 2621 fle
792 2571 1020 2608 citationibus·
1065 2574 1118 2616 (2)
1140 2577 1177 2608 In
1194 2575 1336 2609 Curculio
1357 2586 1473 2635 vegs-2.
1505 2577 1562 2620 (3)
1577 2576 1713 2611 Exercit.
1725 2578 1895 2622 7.0bser-7.
