2075 3167
497 304 522 346 3
538 304 560 331 2
802 267 880 325 DE
906 280 1038 331 suae
1059 276 1403 324 sicNAToRAE
1430 274 1688 328 JUSTlTIAE

494 360 587 389 uno
607 376 619 395 ,
654 342 715 386 vel
747 343 932 399 pluribus
964 357 1012 384 ex
1049 355 1219 397 utroque
1241 340 1475 396 Signaturae
1507 336 1687 386 justitiae
1708 363 1720 383 ,
1759 346 1798 376 et
1831 331 1992 375 Gratiae

497 402 709 448 Tribunali
734 403 841 444 Vota
855 402 995 444 ntibus
1018 429 1031 447 ,
1068 413 1331 455 quacumque
1362 413 1410 441 ex
1443 412 1563 439 causa
1593 426 1607 445 ‚
1635 396 1716 438 sive
1744 392 1992 437 Praelatitio.

497 465 577 509 sive
598 476 864 519 quocumque
907 461 986 501 alio
1006 460 1147 502 habitu
1179 457 1332 500 indutis
1351 486 1363 504 ,
1391 455 1721 513 quomodolibet,
1752 467 1790 495 et
1806 453 1996 495 ubicum-

505 538 584 579 que
606 521 767 563 insimul
789 518 1051 561 existentibus
1070 549 1082 564 ‚
1109 533 1197 558 eam
1218 531 1296 558 esse
1314 516 1416 558 inter
1443 515 1547 572 ipsos
1580 512 1814 555 servandam
1839 522 1993 565 praece-

504 580 663 623 dentiae
681 579 858 636 regulam
872 610 884 627 ,
919 591 961 618 ut
981 577 1139 618 Votans
1156 576 1213 616 ille
1234 607 1246 624 ,
1274 575 1345 630 qui
1379 574 1421 615 in
1445 589 1521 615 suo
1537 569 1753 614 Tribunali
1772 567 1992 622 antiquior,

501 654 540 683 et
573 639 680 696 prior
701 637 944 678 constitutus
966 635 1185 691 reperiatur
1202 665 1214 682 ,
1241 633 1453 690 praecedat
1469 632 1574 674 alteri
1605 631 1644 671 in
1679 644 1754 670 suo
1772 624 1988 668 Txibunali

503 713 588 738 non
618 696 921 753 priori,neque
953 692 1250 748 antiquiori-3&
1282 692 1451 748 proinde
1484 693 1643 732 vorans
1670 688 1906 745 Signaturae
1923 686 1990 732 Ju-

504 755 631 798 stitiae
655 753 766 810 prius
799 752 992 794 admissus
1018 751 1228 808 praecedat
1253 751 1467 794 Votantem
1500 750 1736 806 Signaturae
1762 745 1921 786 Gratiae
1942 744 1985 784 in

503 814 582 856 hoc
615 827 690 855 suo
704 811 920 854 Tribunali
947 810 1152 868 posteriori
1180 822 1352 866 tempore
1373 809 1611 856 admissurm
1639 806 1690 847 ita
1710 806 1730 845 ὲ
1748 818 1885 846 contra
1907 803 1989 843 Vo-

497 884 653 915 tantem
671 872 908 929 Signaturae
927 870 1106 918 justitiae
1127 870 1338 926 praecedat
1358 870 1516 909 Votans
1547 866 1784 922 Signaturae
1808 861 1987 908 Gratiae,

500 931 574 985 qui
598 932 640 972 in
661 947 736 972 suo
755 930 977 971 Tribunali
1013 928 1207 970 admissus
1237 932 1427 983 reperitur
1463 925 1698 983 priusquam
1736 923 1892 963 Votans
1930 918 1991 960 Si-

506 1002 699 1045 gnaturae
732 989 910 1036 justitiae
947 989 989 1028 in
1022 1003 1098 1028 suo
1117 999 1297 1041 receptus
1323 985 1441 1026 suerit
1461 1015 1470 1024 .

617 1046 803 1102 Quando
829 1047 927 1088 vero
947 1060 1062 1085 casus
1100 1045 1158 1083 ille
1187 1043 1393 1082 advenerit
1410 1072 1421 1088 ‚
1450 1041 1687 1097 Signaturae
1705 1037 1882 1085 justitiae
1900 1039 1991 1080 Vo-

504 1115 659 1147 tantem
693 1105 898 1146 addictum
931 1116 1069 1158 nempe
1099 1116 1173 1142 suo
1205 1098 1420 1139 'I'ribunali
1452 1099 1569 1138 fuisse
1596 1097 1737 1136 eadem
1775 1096 1868 1144 die,
1905 1112 1988 1152 qua

499 1164 659 1206 Votans
677 1163 839 1203 Gratiae
866 1177 945 1203 ›suo
963 1159 1204 1202 constitutus
1232 1157 1352 1198 fuerit
1372 1187 1383 1204 ,
1421 1155 1611 1196 Summus
1630 1153 1814 1195 Pontifex
1832 1155 1988 1206 statuit,

498 1222 817 1279 praecedentiam
848 1220 899 1260 iili
920 1220 1127 1267 dandam,
1156 1216 1227 1272 qui
1261 1218 1301 1257 in
1325 1217 1549 1256 Praelatura
1582 1228 1840 1269 quacumque
1876 1214 1988 1255 anti-

500 1280 651 1334 quior·,
679 1293 716 1321 et
733 1279 840 1336 prior
861 1279 1079 1336 reperitur,
1112 1290 1179 1324 at,
1212 1277 1402 1317 existente
1430 1274 1506 1314 alio
1536 1273 1846 1331 praecedentiae
1871 1272 1987 1314 titulo

499 1353 620 1396 penes
643 1338 815 1394 aliquem
845 1351 898 1378 ex
925 1336 1036 1378 dictis
1059 1334 1307 1376 vorantibus
1328 1365 1340 1382 ,
1366 1348 1387 1373 a
1415 1334 1651 1390 praescripta
1681 1331 1983 1385 praecedentiae

450 1400 456 1406 “
499 1397 633 1454 regula
663 1398 830 1438 omnino
859 1411 937 1438 esse
957 1394 1253 1443 recedendum,
1285 1406 1487 1448 ut-nempe
1523 1392 1555 1433 si
1585 1393 1741 1432 vetans
1759 1390 1988 1445 cujuscum·

495 1471 573 1512 que
595 1457 829 1514 Signaturae
848 1487 860 1505 ,
900 1453 1119 1512 Episcopali
1149 1453 1363 1509 insignitus
1384 1483 1396 1501 ‚
1426 1451 1506 1494 sive
1541 1448 1762 1506 Apostolici
1793 1451 1988 1491 Protono-

497 1515 588 1557 tarii
608 1516 798 1573 dignitate
825 1527 993 1556 ornatus
1010 1546 1022 1563 ‚
1056 1527 1092 1555 et
1111 1513 1290 1568 quolibet
1309 1510 1385 1552 alio
1407 1510 1582 1565 ejusdem
1603 1512 1809 1550 Romanae
1829 1508 1984 1550 Curiae

498 1588 666 1616 munere
688 1606 698 1622 ‚
719 1589 788 1616 aut
814 1574 947 1615 officio
977 1574 1188 1614 decoratus
1204 1572 1344 1614 existat
1361 1601 1374 1620 ,
1408 1570 1450 1610 id
1465 1570 1710 1613 servandum
1727 1568 1898 1609 omnino
1916 1568 1984 1616 sit,

497 1633 611 1688 quod
634 1647 810 1688 respectu
830 1632 1073 1688 Episcopalis
1102 1631 1341 1674 characteris
1357 1661 1370 1679 ,
1403 1629 1482 1671 sive
1511 1628 1713 1686 dignitatis
1731 1626 1986 1684 praedictae,

498 1702 570 1731 aut
605 1692 764 1733 alterius
789 1692 968 1732 muneris
986 1722 998 1740 ‚
1025 1690 1353 1747 praecedentiam
1380 1687 1619 1742 requirentis
1635 1720 1648 1737 ‚
1679 1685 1869 1742 competit
1893 1716 1903 1726 .

614 1750 685 1791 Ad
701 1751 1002 1805 contingentem
1021 1750 1195 1804 denique
1214 1764 1354 1790 casum
1373 1746 1584 1804 respiciens
1603 1780 1614 1797 ‚
1634 1745 1806 1801 quando
1823 1776 1836 1794 ‚
1871 1758 1986 1785 nem-

493 1824 541 1864 pe
561 1841 573 1858 ‚
605 1809 736 1865 quivis
769 1810 924 1850 Votans
953 1808 995 1848 in
1031 1821 1203 1862 utroque
1238 1808 1476 1862 Signaturae
1508 1807 1717 1851 justitiae,
1748 1817 1785 1845 et
1822 1803 1984 1845 Gratiae

493 1867 708 1910 Tribunali
742 1867 964 1922 adscriptus
980 1865 1130 1914 fuerit,
1163 1866 1269 1905 idern
1299 1862 1480 1903 Pontifex
1500 1861 1676 1905 decrevit
1695 1890 1708 1909 ,
1741 1860 1985 1914 praeceden-

494 1926 570 1968 tiae
586 1925 760 1981 regulam
787 1924 1028 1966 metiendam
1050 1954 1063 1972 ,
1094 1938 1138 1963 ac
1166 1919 1442 1963 definiendam
1476 1934 1553 1959 esse
1577 1934 1598 1959 a
1622 1919 1825 1974 primaeva
1857 1917 1982 1973 ipsius

494 1985 684 2026 Votantis
710 1984 751 2024 in
771 1984 894 2025 altero
929 1982 1141 2037 utriusqae
1159 1981 1398 2036 Signaturae
1413 1976 1630 2017 Tribunali
1656 1974 1882 2031 receptione
1898 2007 1912 2027 ‚
1943 1989 1983 2021 et

498 2040 765 2092 admissione3
791 2043 893 2083 itaut
929 2042 1086 2082 Votans
1123 2040 1183 2080 ille
1214 2039 1342 2080 utrius
1376 2035 1642 2092 Signaturae‚
1675 2036 1748 2090 qui
1781 2034 1909 2090 primo
1940 2034 1983 2078 in

495 2100 735 2160 Signaturae
771 2098 986 2143 Tribunali
1005 2111 1184 2153 receptus
1202 2095 1351 2143 fuerit,
1386 2094 1707 2151 praecedentiam
1724 2094 1984 2136 obtineatsu-

494 2174 564 2217 pra
591 2162 714 2202 alium
742 2161 963 2201 Votantem
996 2156 1126 2197 utrius
1158 2155 1398 2212 Signaturae
1419 2184 1433 2203 ,
1467 2153 1676 2210 posteriori
1712 2166 1886 2210 ternpore
1907 2152 1983 2193 ad-

495 2219 678 2260 missum.
715 2218 870 2274 Quoad
903 2229 1135 2271 congressus
1162 2229 1258 2258 vero
1290 2212 1403 2262 illos,
1438 2212 1509 2268 qui
1536 2217 1589 2254 ab
1622 2211 1764 2254 iisdem
1799 2212 1986 2253 Votanti-

497 2279 572 2321 bus
590 2278 671 2319 fieri
689 2278 834 2319 debent
847 2289 920 2332 pro
936 2274 1019 2315 suis
1039 2284 1219 2330 respectu
1238 2271 1633 2330 propriiTribunalis
1653 2271 1814 2313 seorsim
1831 2273 1985 2314 obeun-

496 2336 557 2379 dis
574 2366 586 2384 ,
608 2334 950 2391 adimplendisque
971 2333 1208 2375 muneribus
1226 2331 1324 2372 nihii
1345 2331 1438 2375 novi
1464 2331 1768 2372 decernendum
1787 2345 1867 2371 esse
1885 2343 1982 2371 cen-

492 2397 572 2439 suit
588 2427 600 2445 ‚
628 2409 666 2437 et
683 2393 869 2435 eumdem
888 2391 1186 2448 praecedentiae
1223 2390 1406 2444 ordinem
1440 2384 1528 2430 ram*
1553 2389 1593 2429 in
1615 2390 1790 2431 sedendo
1810 2421 1822 2439 ,
1858 2403 1984 2446 quam

496 2456 537 2495 in
556 2452 751 2510 suffragiis
767 2452 941 2495 ferendis
965 2450 1199 2495 habendum
1220 2481 1234 2500 ‚
1269 2450 1338 2505 qui
1359 2465 1485 2505 usque
1508 2449 1856 2491 adhuc.retinetur
1871 2479 1884 2497 ,
1920 2459 1982 2489 at-

500 2527 577 2567 que
607 2525 782 2556 servatur
800 2541 811 2552 .
842 2513 964 2554 Extra
984 2510 1090 2553 enim
1104 2510 1178 2552 hos
1194 2508 1406 2552 recensitos
1436 2523 1551 2551 casus
1566 2540 1580 2560 ‚
1608 2524 1737 2564 quum
1754 2520 1986 2563 numquam
2039 2507 2044 2521 ²

1895 2564 1982 2606 Vo-
