2075 3167
411 327 471 386 64
716 318 799 364 DE
832 314 968 369 JURE
995 311 1337 370 SIGNATURAE
1361 306 1625 364 JUSTITlAE

416 384 589 447 gratiosa
606 414 619 434 ‚
637 393 710 425 aut
724 377 959 423 aberrantia
990 394 1011 420 a
1032 377 1131 435 juris
1146 375 1408 434 dispositione
1424 405 1438 428 ,
1461 387 1591 429 quum
1605 369 1742 414 solum
1769 365 1915 421 rescriq

419 450 489 491 bat
505 477 517 495 ‚
529 453 645 502 prout
662 440 804 496 dejure
828 467 842 486 ,
858 450 906 481 ut
940 437 1158 482 advertunt
1184 433 1369 492 Rebuffirs
1387 432 1460 489 (ι)
1474 462 1488 481 ,
1503 431 1722 487 Staplzileus
1734 427 1808 486 (2)
1826 459 1838 476 ,
1869 428 1920 474 et?

376 518 381 523 ·
421 507 593 549 Romana
611 505 708 545 Rota
725 499 796 556 (3)
810 525 823 538 ·
845 498 893 539 Et
928 511 978 539 ex
1003 495 1144 537 eodem
1173 495 1270 536 sane
1287 492 1487 551 principio
1505 491 1676 546 quisque
1694 487 1875 544 intelligit
1888 517 1906 538 a

423 578 511 608 non
538 577 649 618 posse
681 559 802 600 etiarn
835 554 1049 597 rescribere
1080 552 1283 596 Tribunal
1313 549 1564 608 praedictum
1599 562 1690 590 curn
1708 545 1909 588 Clausala

421 620 675 680 appellatione
687 628 829 659 remota
847 629 862 664 ;
888 628 934 655 ea
957 614 1066 654 enim
1085 611 1264 654 clausula
1282 624 1306 651 a
1324 608 1511 652 Pontifice
1537 618 1699 649 tantum
1717 605 1759 645 in
1775 603 1908 647 Com-

424 679 681 724 missionibus
715 674 865 731 apponi
904 683 1030 727 potest
1047 703 1060 722 ,
1091 670 1206 724 juxta
1236 682 1391 714 textum
1405 667 1479 726 (4)
1497 697 1510 717 ,
1540 681 1658 723 quem
1676 673 1908 722 sequuntur

426 740 713 785 Marchesarzus
731 732 823 789 (5),
840 744 877 773 et
889 731 1074 772 Lotterius
1092 729 1164 787 (6)
1186 760 1197 771 .
1899 731 1905 735 ·

547 794 704 852 Nequit
720 805 884 847 quoque
911 789 1119 832 immutare
1136 789 1299 842 Judices
1315 818 1328 838 ,
1343 787 1457 829 datos
1477 801 1499 828 a
1511 784 1705 828 Pontifice
1723 796 1908 840 exequu-

429 870 534 901 tores
567 855 769 897 literarum
795 848 1143 908 Apostolicarum‚
1174 862 1306 902 quum
1325 844 1382 886 ille
1403 857 1559 888 tantum
1592 844 1713 902 possit
1727 857 1795 886 eos
1814 857 1908 884 mu-

427 928 510 958 tare
527 929 539 963 3
570 913 666 954 hinc
684 911 737 951 ad
752 909 938 950 eumdem
966 906 1255 947 recurrendum
1275 918 1354 947 esse
1371 904 1573 960 Amayden
1590 904 1663 958 (7)
1681 933 1694 951 ,
1723 916 1768 943 ac
1783 912 1907 944 caete-

429 974 461 1015 ri
482 972 546 1011 alii
568 971 715 1011 docent
730 998 743 1016 ‚
775 966 886 1008 relati
922 978 991 1020 per
1019 964 1051 1005 C
1051 963 1310 1005 onstczrztinum
1344 961 1418 1017 (8)
1438 975 1450 1010 ;
1486 976 1558 1004 nec
1588 962 1744 1016 signare
1782 968 1910 1015 potest

433 1027 753 1072 Commissiones
772 1024 814 1063 in
834 1022 1001 1066 causis,
1021 1022 1064 1060 in
1081 1021 1231 1075 quibus
1248 1021 1356 1061 adest
1374 1017 1622 1060 commissio
1642 1017 1799 1074 signata
1824 1029 1914 1058 ma-

428 1103 489 1130 nu
509 1087 638 1142 Papae
654 1114 667 1132 ,
690 1082 731 1122 id
750 1081 858 1121 enim
874 1079 917 1120 fit
932 1079 985 1120 ob
1004 1077 1265 1121 reverentiam
1285 1105 1298 1124 ,
1316 1090 1421 1133 quae
1457 1075 1591 1117 eidem
1616 1075 1819 1126 debetur;
1851 1074 1911 1117 ita

429 1147 549 1188 etiam
562 1158 600 1185 se
621 1141 792 1183 abstinet
808 1153 828 1179 a
848 1137 1102 1178 rescribendo
1118 1135 1159 1175 in
1177 1133 1513 1191 appellationibus
1523 1133 1761 1174 Causarum
1780 1132 1915 1189 prius·

431 1217 556 1260 quam
589 1197 784 1242 sententia
801 1196 877 1237 lata
898 1194 975 1240 sit,
990 1206 1038 1235 ut
1053 1194 1168 1235 refert
1188 1191 1452 1251 Calcagninus
1468 1191 1508 1232 in
1521 1192 1644 1248 prasci
1660 1191 1735 1246 (9)
1755 1222 1766 1233 .
1800 1189 1913 1233 Cae-

430 1275 536 1304 terae
564 1260 724 1300 demum
742 1253 929 1296 materiae
945 1283 959 1301 ‚
988 1266 1093 1305 quae
1126 1265 1276 1293 meram
1295 1282 1309 1300 ,
1338 1262 1375 1292 et
1386 1263 1614 1307 supremam
1633 1249 1914 1292 auctoritatem

433 1318 677 1376 respiciunt,
694 1314 747 1356 ad
767 1312 1029 1369 Signaturam
1047 1308 1211 1351 Gratiae
1243 1309 1473 1366 pertinent,
1505 1321 1551 1351 ut
1577 1320 1634 1350 est
1661 1307 1915 1364 potissimum

433 1377 535 1435 leges
560 1375 693 1418 tollere
713 1405 726 1423 ‚
755 1384 902 1414 statuta
929 1400 941 1418 ,
975 1380 1013 1411 et
1037 1368 1239 1427 privilegia
1250 1379 1448 1410 contenta
1483 1366 1526 1409 in
1545 1379 1710 1424 corpore
1727 1366 1857 1424 juris;
1876 1376 1916 1410 et

437 1436 487 1479 de
503 1435 565 1478 his
581 1433 712 1476 fusius
728 1431 808 1487 agit
823 1427 1063 1484 Staplzilaeus
1079 1457 1090 1468 .

555 1491 756 1536 Absoluta
772 1488 938 1530 demum
955 1485 1191 1527 tractatione
1215 1484 1508 1534 jurisdictionis
1525 1485 1761 1543 Signatume
1781 1512 1795 1532 ,
1810 1498 1919 1542 pau-

440 1567 490 1597 ca
507 1551 703 1595 adnotare
730 1547 921 1590 duximus
939 1544 1077 1600 quoad
1090 1544 1414 1591 jurisdictionem
1431 1543 1809 1586 {referendariorum
1825 1542 1918 1586 sim-

438 1610 634 1679 plicium,
665 1621 790 1664 quarn
817 1620 886 1647 eos
904 1604 1051 1645 habere
1069 1633 1081 1652 ,
1113 1601 1157 1643 in
1176 1615 1379 1661 comperto
1410 1603 1502 1647 satis
1531 1617 1614 1653 est,
1648 1615 1688 1644 at
1706 1601 1919 1645 difficultas

440 1685 486 1711 m
519 1685 567 1711 eo
592 1680 775 1722 versatur
791 1696 805 1715 ,
842 1677 944 1706 num
983 1661 1191 1704 ordinaria
1218 1663 1267 1705 sit
1287 1693 1300 1712 ,
1325 1663 1388 1706 vel
1409 1662 1582 1719 delegata
1611 1693 1620 1703 .
1639 1660 1844 1717 Equidem
1870 1659 1917 1702 in

442 1727 592 1769 causis
608 1758 621 1777 ‚
654 1740 758 1781 quae
776 1725 823 1767 de
842 1723 905 1765 sui
927 1734 1072 1764 natura
1097 1721 1252 1763 Rotales
1272 1735 1355 1762 non
1372 1735 1468 1764 sunt
1483 1752 1496 1771 ,
1512 1734 1698 1777 quaeque
1714 1718 1921 1776 appellan-

441 1799 509 1830 tur
525 1784 768 1826 Praelatitiae
788 1813 801 1832 ‚
838 1795 914 1840 pro
937 1779 1024 1837 jure
1040 1788 1157 1821 certo·
1175 1780 1347 1821 habetur
1362 1811 1375 1828 ,
1408 1780 1565 1821 illarum
1581 1776 1926 1835 cognitionem-vis

442 1859 536 1905 gore
555 1841 859 1885 Commissionis
875 1838 1111 1880 Tribunalis
1131 1837 1368 1891 Signaturae
1386 1835 1679 1877 Referendariis
1698 1835 1923 1877 demanda-

442 1905 509 1952 ri:,
540 1901 761 1944 metiuntur
795 1897 949 1941 idcirco
975 1895 996 1948 J
1003 1894 1300 1936 urisdictionem
1325 1908 1347 1933 a
1368 1894 1764 1940 commissionibus,
1791 1894 1924 1945 etJu-

447 1961 553 2003 dices
571 1955 850 2000 Commissarii
868 1987 881 2005 ,
910 1955 1158 2006 Causaeque
1183 1951 1488 1992 Commissariae
1522 1950 1799 2005 appellantur3
1824 1951 1923 1993 hine

448 2018 667 2073 delegatam
684 2013 966 2057 tantummodo
986 2011 1070 2053 illos
1085 2011 1229 2052 habere
1247 2007 1573 2056 jurisdictionem
1590 2006 1634 2048 in
1655 2004 1802 2049 Causis
1818 2008 1922 2051 deci-

450 2076 594 2120 dendis
607 2087 770 2124 ,omnes
792 2070 971 2130 profecto
991 2070 1190 2110 affirmant
1206 2082 1220 2116 ς
1239 2078 1278 2108 at
1296 2065 1607 2108 Referendarios
1627 2077 1781 2115 nostros
1802 2066 1924 2120 Judi-

451 2149 514 2180 ees
543 2133 662 2178 datos
690 2131 828 2192 potius
855 2162 870 2181 ,
896 2141 1022 2187 quam
1050 2126 1261 2181 Delegatos
1290 2124 1547 2183 appellandos
1570 2139 1655 2168 esse
1687 2138 1928 2169 censemust

1797 2186 1927 2228 Erant

1769 2256 1922 2271 —

498 2295 553 2333 (1)
576 2297 611 2325 In
625 2293 720 2325 Praxi
741 2301 777 2335 p.
794 2301 821 2322 1.
841 2290 879 2322 de
910 2287 1089 2329 differentia
1107 2290 1188 2319 inter
1277 2286 1331 2325 (ς)
1354 2288 1387 2317 P.
1405 2294 1434 2314 1.
1451 2292 1518 2326 cap.
1540 2284 1572 2316 8.
1585 2294 1671 2316 nnm.
1692 2294 1720 2315 1.

451 2340 599 2380 rescripta
624 2339 749 2369 Gratiae
767 2344 825 2368 etc.
851 2345 936 2366 num.
963 2342 1014 2372 ις.
1277 2331 1330 2369 (6)
1346 2333 1391 2362 De
1407 2331 1451 2360 Re
1468 2329 1569 2372 benef.
1598 2331 1630 2362 in
1649 2337 1790 2373 apparat.
1815 2327 1870 2362 lib.
1892 2337 1921 2361 ι.

496 2384 552 2423 (2)
573 2385 619 2413 De
631 2382 838 2419 litt.1ustitiae
850 2389 933 2412 vers.
944 2378 1112 2411 secundum
1130 2383 1185 2409 est.
1232 2385 1264 2406 n.
1281 2384 1359 2415 117.

497 2429 550 2469 (3)
573 2428 674 2458 flecis.
701 2426 778 2466 658.
800 2434 885 2457 num.
907 2433 934 2454 1.
952 2430 1038 2466 part.
1066 2423 1119 2454 ιε.
1139 2429 1190 2453 ,νε-
1280 2422 1333 2460 (7)
1354 2422 1402 2451 De
1412 2418 1484 2451 stilo
1515 2420 1664 2452 Datariae
1682 2418 1736 2453 tib.
1753 2427 1781 2451 ι.
1797 2426 1865 2461 cap.
1883 2425 1915 2457 5.

458 2480 534 2505 sent.
548 2479 623 2502 tom.
641 2479 672 2502 2.
1245 2474 1277 2495 n.
1288 2473 1344 2504 41.

500 2516 553 2555 (4)
577 2518 611 2545 In
638 2515 697 2555 leg.
714 2523 741 2544 x.
769 2513 800 2555 §.
821 2512 981 2548 Interdum
1001 2514 1077 2554 Dig.
1093 2510 1193 2553 aqui·
1285 2508 1340 2548 (8)
1362 2510 1434 2539 Lae.
1452 2509 1502 2540 cit.
1511 2519 1595 2541 num.
1608 2517 1662 2551 35.

458 2561 513 2597 bus
533 2558 647 2602 appell.
663 2558 807 2592 nonlicet
827 2578 840 2590 .
1287 2552 1343 2593 (9)
1367 2553 1463 2585 Num.
1478 2562 1532 2585 21.
