1952 3167
379 296 426 328 92
709 286 771 320 DE
798 286 910 327 JURE
939 285 1224 322 SIGNATURAE
1248 289 1457 329 JUSTITIAE

378 332 493 368 sertim
510 332 664 368 Clericos
697 336 796 369 etiam
814 336 990 370 retinentes
1017 336 1134 375 domi,
1161 346 1216 371 aut
1233 349 1329 371 extra
1364 339 1524 372 Mulieres
1565 346 1733 383 suspectas
1758 340 1854 379 juxta

374 382 609 426 praescriptum
626 384 716 419 Sacri
735 383 889 419 Concilii
906 396 982 419 sess.
1001 396 1056 431 ²4·
1076 386 1113 419 de
1127 386 1234 429 Refer.
1252 387 1402 421 Matrim.
1421 394 1492 433 cap.
1524 387 1556 421 8.
1576 394 1605 420 et
1624 398 1699 421 sess.
1733 398 1787 431 25.
1813 393 1852 426 de

367 433 513 474 Reform.
529 440 600 479 cap.
623 443 676 477 14.

467 481 550 515 Item
568 482 727 516 adversus
742 482 965 526 privationem
996 481 1170 525 Privilegii
1187 482 1265 514 Pori
1280 506 1290 520 ,
1323 490 1357 516 et
1375 481 1453 516 alias
1484 482 1698 517 Provisiones
1731 495 1849 522 contra

369 527 527 563 Clericos
556 541 620 564 non
641 532 831 564 incedentes
864 531 893 563 in
913 529 1026 564 lubitu
1047 554 1056 567 ,
1084 538 1117 562 et
1131 538 1290 567 tonsura,
1331 539 1362 565 et
1381 529 1413 563 in
1444 529 1516 564 aliis
1542 530 1672 564 casibus
1699 543 1716 564 a
1745 534 1847 575 Sacro

372 576 536 612 Concilio
564 578 769 632 praescriptis
785 589 861 611 sess.
881 589 934 624 ¹4-
956 578 993 610 de
1010 576 1151 618 Reform.
1177 584 1247 623 cap.
1267 580 1299 610 6.
1315 586 1346 611 et
1369 589 1445 611 sess.
1462 588 1519 622 23.
1546 579 1702 613 εἰνηὶἰιῑεν
1732 588 1801 627 cap.
1818 585 1852 618 6.

367 623 473 659 Prout
489 626 587 661 etiam
604 629 643 660 ab
661 626 838 665 examine,
867 625 1136 669 approbatione,
1166 626 1219 659 vel
1237 626 1475 670 reprobatione
1504 626 1703 661 Patrimonii
1720 628 1811 664 Sacri
1840 654 1851 670 ,

367 674 537 716 pensionis
555 673 822 714 Ecclesiasticae,
849 682 907 708 aut
927 673 1085 708 Beneficii
1101 674 1211 719 quoad
1230 674 1386 709 Clericos
1405 675 1657 719 promovendos
1672 676 1712 710 ad
1731 677 1850 712 Sacros

334 741 340 746 ·
365 721 513 757 Ordines
528 725 622 762 juxta
637 722 888 767 dispositionem
907 724 1056 762 ejusdem
1073 723 1226 758 Concilii
1239 734 1315 757 sess.
1336 734 1392 758 21.
1407 726 1445 757 de
1462 723 1608 766 Reform.
1628 732 1700 771 cap.
1719 735 1751 759 2.

465 771 549 806 Item
583 773 739 807 adversus
774 770 1052 807 convocationem
1087 771 1264 817 Capituli,
1292 784 1390 818 quam
1418 772 1514 807 faciat
1533 773 1719 818 Episcopus
1735 775 1775 809 ad
1795 774 1856 810 ali-

363 818 446 864 quid
474 819 727 856 deliberandum
741 845 751 861 ‚
787 830 819 855 et
832 821 925 859 juxta
939 829 1019 854 vota
1051 820 1200 865 ipsorum
1242 819 1493 867 Capitularium
1544 820 1812 858 concludendum
1842 848 1853 864 ,

361 867 495 912 quoties
523 871 565 904 de
584 881 617 903 re
632 871 671 903 ad
687 882 783 904 suum
801 894 811 909 ,
845 868 897 903 vel
912 880 1048 904 suorum
1077 871 1295 905 commodum
1324 876 1496 915 spectante
1520 881 1584 904 non
1617 879 1735 916 agatur
1758 873 1852 912 iuxta

362 915 549 951 Decretum
588 917 677 951 Sacri
702 918 941 953 Conciliisesx.
958 927 1014 959 25.
1033 919 1072 952 de
1087 918 1161 963 Ref.
1176 926 1247 965 cap.
1263 923 1297 954 6.

459 966 543 1000 Item
559 978 575 999 a
591 965 754 1000 Mandatis
771 989 781 1005 ,
810 978 869 1001 seu
889 966 1045 1000 Decretis
1060 977 1167 1012 super
1182 968 1405 1003 conversione
1433 968 1537 1003 tertia:
1552 968 1655 1014 partis
1672 969 1849 1004 fructuum

359 1019 392 1046 et
409 1023 702 1059 quorumcumque
720 1024 969 1060 proventuum,
998 1023 1030 1049 et
1043 1015 1288 1051 obventionum
1305 1026 1370 1058 tam
1395 1017 1609 1073 Dignitatum
1628 1041 1638 1057 ,
1666 1029 1765 1064 quam
1781 1018 1851 1052 Ca-

357 1062 575 1098 nonicatuum
593 1086 603 1103 ‚
634 1064 879 1100 personatuum
894 1084 904 1103 ,
937 1065 1125 1109 portionum
1142 1089 1151 1105 ,
1181 1074 1214 1099 et
1232 1066 1423 1101 officiorum
1449 1068 1479 1100 in
1495 1066 1749 1102 distributiones
1765 1078 1851 1112 quo·

361 1109 502 1146 tidianas
519 1136 528 1152 ‚
559 1124 742 1158 earumque
774 1112 940 1148 divisione
957 1115 1039 1147 inter
1055 1113 1246 1159 Dignitates
1261 1114 1449 1149 obtinentes
1462 1138 1472 1155 ,
1500 1125 1534 1150 et
1551 1123 1689 1150 caeteros
1714 1114 1849 1151 Divinis

358 1158 594 1196 interessentes
609 1185 619 1201 ,
649 1161 679 1196 in
695 1161 851 1197 Ecclesiis
877 1171 941 1197 tam
965 1161 1224 1198 Cathedralibus
1241 1187 1251 1203 ‚
1281 1175 1380 1208 quam
1413 1162 1614 1209 Collegiatis
1629 1188 1639 1203 ,
1678 1164 1708 1198 in
1726 1163 1849 1209 quibus

359 1207 459 1243 nullae
475 1219 553 1244 sunt
570 1210 826 1246 distributiones
842 1210 1037 1249 hujusmodi
1052 1211 1281 1257 quotidianae,
1309 1211 1423 1246 velita
1436 1220 1584 1252 tenues,
1600 1222 1637 1247 ut
1653 1211 1844 1247 verisimili-

357 1265 409 1291 ter
435 1258 677 1304 negligantur,
702 1260 798 1298 juxta
830 1260 1126 1294 Constitutionem
1153 1261 1302 1299 ejusdem
1329 1259 1479 1295 Concilii
1505 1262 1716 1295 5e55.21.de
1734 1260 1846 1303 Refor-

356 1313 436 1341 mat.
454 1315 567 1354 cap.3.
587 1312 630 1345 ά·
643 1320 781 1343 5e55.22.
797 1309 951 1343 similiter
966 1310 1002 1342 de
1018 1307 1197 1350 Reformat.
1215 1316 1287 1355 cap.
1307 1319 1339 1352 3.

456 1357 541 1391 Item
561 1359 720 1393 adversus
737 1356 933 1392 exercitium
954 1357 1148 1392 facultatum
1169 1357 1342 1402 Episcopis
1363 1359 1632 1402 competentium
1649 1369 1752 1403 super
1768 1369 1844 1392 exe-

355 1404 491 1439 cutione
504 1407 654 1441 omnium
672 1408 803 1451 piarum
820 1405 1077 1451 dispositionum
1101 1415 1167 1441 tam
1186 1406 1216 1440 in
1234 1406 1352 1441 ultima
1378 1405 1561 1445 voluntate,
1577 1418 1674 1451 quam
1695 1407 1780 1440 inter
1793 1405 1841 1439 vi-

357 1462 418 1486 vos
436 1453 466 1486 in
484 1453 614 1488 casibus
643 1467 660 1488 a
679 1455 759 1495 Jure
775 1454 940 1489 concessis
957 1477 966 1493 ,
979 1455 1072 1493 iuxta
1090 1454 1344 1498 dispositionem
1363 1455 1437 1489 Sac.
1453 1454 1602 1488 Concilii
1627 1464 1702 1489 sess.
1727 1466 1785 1489 22.
1805 1455 1844 1489 de

355 1499 535 1543 Reformat.
565 1509 634 1548 cap.
641 1503 672 1538 8-

453 1550 536 1583 Item
555 1551 570 1584 a
588 1550 787 1586 Visitatione
806 1552 914 1596 Hosp'
919 1552 1034 1588 talium
1051 1577 1061 1593 ‚
1089 1552 1326 1598 Collegiorum
1358 1563 1655 1597 quorumcumque
1670 1575 1681 1591 ‚
1697 1559 1731 1586 et
1744 1551 1842 1585 Con-

356 1596 601 1632 fraternitatum
624 1599 829 1640 Laicorum,
857 1601 1180 1646 Eleemosynarum,
1210 1601 1377 1636 Montium
1410 1599 1572 1639 Pietatis,
1600 1600 1672 1636 sive
1689 1598 1844 1635 Charita-

355 1644 392 1680 tis
420 1659 429 1686 ;
459 1654 491 1680 et
523 1647 674 1683 omnium
695 1649 833 1683 Piorum
851 1649 1017 1684 Locorum
1051 1650 1375 1694 quomodocumque
1397 1656 1666 1693 nuncupatorum
1684 1673 1693 1688 ,
1711 1646 1844 1683 etiamsi

356 1705 475 1730 eorum
508 1706 587 1730 cura
603 1697 642 1731 ad
658 1696 775 1732 Laicos
789 1697 978 1743 pertineat,
1007 1704 1062 1732 aut
1081 1698 1305 1743 exemptionis
1323 1696 1509 1742 Privilegio
1535 1696 1602 1731 sint
1618 1697 1770 1733 munita·
1790 1697 1843 1730 Ac

356 1744 525 1789 denique
517 1757 535 1779 a
551 1745 747 1791 cognitione
760 1770 770 1786 ,
799 1756 831 1781 et
856 1745 1085 1791 exequutione
1100 1758 1217 1781 eorum
1251 1745 1402 1781 omnium
1417 1769 1427 1786 ‚
1463 1757 1536 1790 quae
1548 1748 1588 1781 ad
1606 1746 1670 1781 Dei
1685 1746 1816 1781 cultum
1831 1766 1844 1784 ,

355 1801 410 1827 aut
427 1793 632 1828 Animarum
648 1794 786 1830 salutem
803 1819 814 1835 ,
840 1807 897 1830 seu
927 1796 1094 1839 Pauperes
1122 1797 1354 1830 sustentandos
1387 1794 1538 1829 instituta
1565 1804 1642 1831 sunt
1675 1797 1770 1836 juxta
1795 1792 1845 1828 di-

355 1850 449 1877 ctum
468 1842 656 1878 Decretum
674 1845 765 1881 Sacri
784 1842 936 1879 Concilii
969 1855 1044 1878 sess.
1062 1856 1119 1878 22.
1135 1846 1172 1878 de
1191 1843 1260 1886 Ref.
1276 1851 1349 1891 cap.
1365 1844 1398 1878 8.

452 1891 537 1927 Item
553 1893 570 1926 a
588 1892 743 1929 Decretis
760 1918 770 1934 ‚
803 1894 861 1928 seu
888 1892 1053 1927 Mandatis
1085 1892 1285 1939 cogentibus
1300 1893 1600 1928 Administratores
1636 1894 1702 1929 tarn
1726 1891 1841 1928 Eccle-

357 1939 534 1980 siasticos,
563 1943 663 1986 quam
694 1943 839 1982 Laicos,
870 1942 969 1976 etiarn
1004 1951 1180 1987 exemptos
1197 1941 1342 1976 Fabricae
1368 1942 1517 1980 cuiusvis
1534 1943 1716 1982 Ecclesiae,
1741 1941 1841 1976 etiam

355 1987 569 2024 Cathedralis
585 2014 595 2029 ‚
625 1990 837 2036 Hospitalis,
861 1990 1154 2026 Confraternitatis
1168 2014 1178 2030 ‚
1205 1990 1438 2037 Eleemosynae
1451 2014 1461 2029 ‚
1484 1991 1609 2026 Montis
1624 1989 1760 2025 Pietatis
1775 2011 1787 2028 ‚
1806 1993 1841 2020 et
1859 2014 1861 2016 -

352 2047 647 2092 quorumcumque
667 2039 806 2075 Piorum
835 2040 1004 2075 Locorum
1025 2041 1064 2074 ad
1093 2041 1295 2074 reddendam
1324 2039 1464 2084 singulis
1493 2038 1661 2094 annisipsi
1695 2034 1840 2072 Ordina-

354 2096 404 2118 rto
425 2086 588 2122 rationem
604 2100 671 2124 suae
686 2088 1009 2128 administrationis,
1036 2087 1098 2122 nisi
1123 2088 1213 2123 aliud
1241 2087 1473 2125 institutione,
1508 2097 1540 2121 et
1566 2085 1774 2120 ordinatione
1788 2091 1836 2117 ta-

350 2132 389 2166 lis
406 2134 575 2174 Ecclesiae‚
591 2139 650 2172 seu
667 2138 812 2172 Fabricae
826 2137 981 2180 expresse
995 2145 1129 2170 cautum
1143 2135 1257 2173 fuerit,
1277 2136 1371 2172 juxta
1388 2135 1572 2168 Decretum
1594 2134 1665 2167 Sac.
1682 2129 1834 2166 Concilii

347 2191 463 2225 sess-7.
480 2183 517 2214 de
534 2184 681 2225 Reform.
698 2192 770 2230 cap.
793 2195 804 2216 1
817 2193 851 2224 ς.
868 2188 911 2219 ά»
925 2193 1001 2215 sess.
1018 2193 1073 2214 22.
1090 2189 1200 2228 cap.9.
1216 2186 1259 2218 ‹zir-
1275 2192 1373 2214 sess-2
1385 2190 1415 2221 5.
1431 2183 1544 2227 cap.S.

446 2230 529 2264 Item
561 2231 577 2264 a
596 2231 748 2265 Decretis
766 2228 1047 2275 compellentibus
1061 2229 1222 2264 Notarios
1239 2229 1339 2263 etiam
1357 2229 1760 2274 Apostolica‚1mperiali‚
1778 2234 1837 2264 aut

349 2277 458 2321 Regia
473 2279 673 2313 auctoritate
689 2288 816 2314 creatos
839 2303 848 2318 ,
884 2288 918 2322 et
946 2277 1135 2311 Scribentes
1167 2277 1197 2310 in
1215 2276 1336 2310 Causis
1353 2276 1594 2313 ecclesiasticis
1611 2303 1620 2318 ‚
1648 2278 1700 2311 vel
1731 2276 1836 2321 Spiri-

347 2325 494 2360 tualibus
509 2329 548 2360 ad
565 2339 598 2362 se
613 2327 862 2362 subiiciendum
895 2325 1040 2361 examini
1060 2339 1067 2358 :
1098 2325 1294 2370 Eorumque
1320 2325 1534 2366 remotione,
1563 2326 1615 2360 vel
1647 2325 1836 2369 suspensio-

350 2386 390 2408 ne
417 2375 447 2409 in
482 2388 561 2410 casu
591 2376 730 2416 delicti,
757 2375 811 2410 vel
840 2373 1023 2421 imperitiae.
1043 2375 1137 2414 juxta
1164 2374 1399 2420 praescriptum
1430 2374 1519 2408 Sacri
1537 2375 1687 2410 Concilii
1716 2375 1747 2409 d.
1759 2384 1834 2408 sess.

346 2433 403 2458 22.
422 2432 493 2470 cap.
513 2436 563 2458 10.

447 2474 528 2507 Item
553 2474 592 2508 ab
623 2473 792 2510 erectione
821 2473 997 2508 Seminarii
1015 2496 1026 2512 ,
1052 2481 1084 2507 et
1111 2473 1281 2507 taxatione
1311 2482 1608 2517 quorumcumque
1623 2472 1833 2515 Dignitatum

347 2520 587 2557 personatuum
604 2547 617 2564 ‚
648 2523 856 2560 Officiorum
882 2547 892 2562 ‚
937 2523 1192 2558 Praebendarutn
1209 2545 1220 2562 ,
1257 2521 1456 2557 Portionum
1475 2546 1485 2561 ,
1531 2523 1836 2602 Abbatiarumppet

1769 2577 1835 2601 rto-
