1993 3195
311 325 695 383 OPERIS
746 328 1286 388 PARTITJO

606 480 910 527 CAPUT
961 487 992 527 1.

68 600 134 644 De
168 599 333 657 Origine
365 600 601 644 Tribunalis
638 599 874 657 Signaturae
908 603 1081 652 Justitiae
1112 637 1124 656 ‚
1161 605 1331 664 einsque
1372 608 1533 659 forma,

127 675 170 703 ac
202 661 441 717 competenti
471 659 790 712 jurisdictione,
823 678 985 707 necnon
1018 664 1066 706 de
1088 665 1411 716 Referendariis,
1454 669 1536 708 Vo-

128 718 342 770 tantibus,
372 734 599 774 eorumque
633 721 884 779 privilegiis3
923 724 1077 768 accedit
1097 724 1395 771 Praefectorurn
1423 724 1533 780 ejus-

132 778 224 822 dem
245 777 485 836 Signaturae
509 778 719 823 Elenchus
735 809 748 823 .

589 897 887 942 CAPUT
938 902 1003 945 11.

71 1015 133 1058 De
164 1013 276 1057 Actis
312 1007 572 1072 praeambulis
604 1016 657 1056 ad
686 1016 871 1061 effectum
909 1022 1091 1065 adeundi
1136 1023 1299 1080 plenam
1336 1023 1533 1083 Signatu-

124 1085 242 1121 ram,
273 1084 311 1112 et
345 1073 394 1111 de
431 1074 674 1111 auctoritate
706 1076 922 1115 Auditoris
951 1079 1214 1133 Signaturae.

577 1185 862 1231 CAPUT
913 1191 1007 1233 111.

65 1308 128 1351 De
158 1304 529 1351 Commissionibus
561 1305 681 1366 juxta
709 1307 908 1353 diversam
940 1312 1200 1370 negotiorum
1222 1329 1415 1360 naturam
1431 1329 1529 1375 pro-

124 1368 330 1425 ponendis
350 1395 362 1408 .

591 1450 993 1532 CAPUTlv

68 1605 134 1650 De
162 1606 318 1650 Ordine
350 1604 654 1649 Informationis
687 1637 701 1657 ,
747 1619 786 1650 et
813 1607 1037 1666 Scripturae
1088 1624 1181 1656 ante
1216 1612 1535 1674 propositionem

132 1666 289 1711 Causae
308 1695 320 1708 .

595 1722 634 1767 C
655 1724 695 1767 A
722 1727 751 1768 P
784 1725 827 1767 U
843 1725 880 1768 T
937 1726 994 1770 V.

72 1842 135 1885 De
169 1841 334 1886 diversis
364 1842 610 1896 Rescriptis,
643 1856 870 1899 eorumque
887 1843 959 1894 vi,
986 1859 1024 1889 et
1055 1845 1203 1892 effectu
1222 1878 1234 1888 .

586 1954 1012 2000 APPENDIX.

70 2075 372 2122 pontificiarum
393 2070 755 2115 Constitutionum
776 2102 790 2122 ‚
809 2074 1054 2118 Edictorum
1070 2107 1084 2128 ‚
1112 2092 1159 2122 ac
1179 2081 1447 2128 Decretorum
1480 2085 1536 2129 ad

129 2132 312 2190 ejusdem
327 2133 565 2190 Signaturae
583 2130 792 2177 Tribunal
822 2135 1095 2193 spectantium
1108 2168 1123 2191 ,
1157 2143 1439 2207 amplissimam
1457 2145 1536 2190 col·

130 2193 340 2241 lectionem
372 2193 586 2238 continens
604 2221 615 2233 .
