2075 3167
448 288 508 328 80
741 279 817 320 DE
843 276 976 326 JURF,
1005 271 1347 317 SIGNATURAE
1378 269 1628 322 JUSTITIAE

454 355 585 388 tatum
606 340 684 383 suit
702 370 714 390 ,
746 352 792 381 ut
810 336 1124 383 controversiae,
1144 348 1248 387 quae
1264 333 1491 375 excitantur
1511 330 1651 387 quoad
1668 326 1917 382 judiciorum

457 401 676 445 incidentia
715 428 729 447 ,
760 409 962 454 occupent
995 393 1244 436 audientiam
1289 390 1411 443 liujus
1443 391 1618 447 supremi
1648 387 1914 438 Tribunalis‚

456 473 562 518 quae
588 460 657 504 vix
673 459 764 501 satis
791 471 846 498 est
864 453 1029 496 caeteris
1056 452 1336 495 controversiis
1353 481 1366 499 ‚
1397 464 1497 505 quae
1535 446 1637 490 inibi
1664 447 1916 489 definiendae

459 531 751 577 proponuntur
794 513 935 570 quoad
978 511 1263 569 appellationes
1289 541 1300 559 ,
1339 507 1544 565 negotium
1593 506 1809 562 principale
1857 520 1916 547 re-

458 595 475 622 s
506 578 666 620 icientes
687 593 700 627 3
733 575 904 629 ideoque
925 569 1156 626 juremerito
1192 570 1346 610 illarum
1367 566 1544 624 cognitio
1573 565 1815 606 demandata
1837 564 1917 607 fuit

461 593 655 681 Ruditori
676 667 684 676 .
1941 668 1944 672 Α

584 699 634 739 Et
652 692 834 751 quamvis
862 689 1211 732 Eminentissimus
1228 687 1424 730 Salviatus
1445 701 1520 728 suo
1533 684 1674 726 Edicto
1708 683 1747 724 id
1787 681 1921 739 ipsum

466 753 755 813 praescripserit
777 782 788 799 ,
823 763 994 793 attamen
1012 748 1235 790 Auditores
1250 762 1287 789 se
1307 762 1327 788 a
1347 745 1502 799 judicio
1519 744 1684 786 ferendo
1713 743 1754 783 in
1775 739 1921 792 hujus-

467 814 580 856 modi
631 811 829 854 instantiis
864 809 1084 850 eximentes
1121 835 1134 853 ,
1180 818 1244 848 eas
1281 805 1474 847 remittere
1519 815 1733 859 coeperunt
1767 799 1921 854 judicio

466 873 605 931 plenae
635 871 870 927 Signaturae
889 884 902 917 τ,
933 868 1026 908 hinc
1046 865 1212 922 provide
1231 864 1400 906 sancivit
1418 862 1645 919 Collegium
1677 859 1922 903 Votantium

467 931 703 986 Signaturae
722 959 735 977 ,
770 943 818 968 ne
840 927 920 968 ullo
954 938 1141 979 unquam
1161 936 1280 979 pacto
1311 922 1465 964 licitum
1503 934 1600 963 esset
1629 920 1776 961 eisdem
1800 917 1928 958 Audi-

468 988 623 1029 toribus
655 986 868 1026 instantias
887 1015 899 1032 ‚
923 996 959 1024 et
976 996 1117 1023 causas
1137 981 1362 1036 praedictas
1393 981 1443 1020 ad
1477 980 1636 1034 plenam
1666 978 1927 1032 Signaturam

469 1044 695 1092 remittere·‚
716 1042 818 1083 itaut
835 1055 907 1096 pro
923 1053 1065 1080 eorum
1094 1037 1246 1093 judicio
1263 1037 1432 1078 omnino
1451 1037 1653 1077 decretum
1671 1035 1846 1092 proferre
1869 1045 1928 1075 te-

470 1116 668 1149 neantur,
687 1100 752 1142 cui
774 1112 907 1141 tamen
926 1097 957 1138 si
977 1111 1067 1154 pars
1094 1095 1228 1149 aliqua
1247 1096 1495 1149 acquiescere
1509 1094 1609 1135 nolit
1625 1125 1638 1142 ,
1673 1109 1721 1134 ne
1740 1096 1790 1135 ab
1806 1092 1928 1133 unius

473 1160 626 1217 judicio
650 1158 828 1199 definitio
848 1154 1021 1214 pendeat
1039 1181 1051 1201 ‚
1084 1164 1211 1210 potest
1228 1152 1336 1193 adire
1354 1152 1566 1208 ipsummet
1585 1151 1929 1193 Eminetissimum

473 1216 825 1271 Praefectum,.qui
838 1212 1052 1270 simplicem
1073 1211 1191 1253 etiarn
1208 1209 1479 1252 remissionem
1497 1209 1787 1252 instantiarum
1806 1207 1930 1262 huju-

471 1276 601 1320 smodi
619 1276 671 1317 ad
697 1275 954 1330 Signatnram
988 1270 1147 1327 plenam
1161 1269 1289 1310 facere
1311 1269 1454 1321 nequit
1469 1299 1482 1317 ,
1509 1269 1576 1310 sed
1595 1268 1697 1323 quid
1716 1268 1795 1323 ipse
1829 1267 1928 1323 juris

474 1348 630 1378 censeat
652 1362 665 1381 ,
701 1333 913 1375 deliberare
945 1330 1060 1370 debet
1076 1341 1128 1368 ex
1146 1328 1358 1369 assertione
1383 1326 1526 1368 actoris
1542 1359 1554 1376 ‚
1580 1340 1617 1368 et
1643 1325 1930 1368 contradictio-

474 1409 526 1435 ne
547 1391 792 1440 adversarii,
820 1390 898 1433 sive
917 1388 998 1443 (ut
1018 1386 1163 1428 clarius
1184 1386 1330 1440 agendi
1357 1385 1594 1428 methodum
1624 1398 1875 1441 exponamus
1903 1384 1927 1439 )

477 1453 681 1494 decretum
715 1449 888 1507 proferre
920 1459 1078 1489 tenetur
1113 1474 1125 1491 ‚
1157 1459 1241 1500 quo
1273 1444 1334 1488 vel
1373 1444 1609 1487 instantiam
1632 1443 1792 1486 reiiciat
1822 1475 1836 1494 ,
1869 1442 1932 1487 vel

477 1511 688 1554 admittat.
833 1512 836 1513 ⁷

596 1570 653 1612 Ut
671 1580 805 1610 autem
829 1567 997 1624 legitima
1030 1568 1081 1608 sit
1099 1563 1235 1608 citatio
1252 1597 1265 1615 ‚
1288 1579 1401 1622 quae
1422 1581 1451 1607 *a
1483 1577 1591 1624 parte
1619 1566 1856 1609 reclamante
1887 1562 1932 1605 fit

485 1643 622 1675 coram
654 1629 760 1670 dicto
787 1625 1106 1668 Eminentissimo
1140 1624 1341 1667 Praefecto
1376 1657 1389 1676 ,
1416 1640 1499 1666 non
1529 1626 1649 1666 modo
1685 1623 1936 1679 requiritur,
1962 1644 1965 1647 ⁴

486 1688 601 1747 quod
620 1686 872 1743 praecesserit
891 1714 904 1733 ,
943 1698 988 1727 ut
1006 1698 1127 1740 supra
1148 1683 1324 1725 diximus
1342 1716 1355 1733 ,
1390 1684 1577 1727 instantia
1598 1699 1732 1727 coram
1757 1681 1937 1723 Audito-

481 1764 524 1792 re
539 1779 553 1797 ,
578 1760 719 1790 verum
743 1745 911 1786 omnino
928 1758 1080 1785 necesse
1101 1756 1156 1784 est
1171 1774 1184 1792 ,
1216 1743 1330 1798 quod
1349 1743 1582 1800 hujusmodi
1602 1743 1739 1785 citatio
1758 1770 1770 1788 ‚
1804 1739 1939 1795 prius-

480 1820 605 1864 quam
639 1818 708 1860 per
742 1802 938 1844 Cursores
968 1802 1073 1842 Parti
1102 1802 1288 1844 adversae
1318 1803 1637 1849 transmittatur,
1671 1801 1720 1841 sit
1754 1795 1931 1841 subscri-

484 1879 550 1923 pta
580 1864 631 1904 ab
652 1861 792 1903 eodem
824 1861 1022 1902 Praefecto
1044 1886 1057 1905 ,
1081 1858 1160 1900 sive
1193 1856 1280 1910 ejus
1316 1857 1532 1900 domestico
1557 1858 1788 1907 Auditorc,
1818 1868 1941 1913 prout

482 1939 583 1965 anno
605 1935 729 1974 1722.
754 1917 1100 1960 Eminentissimus
1117 1916 1241 1958 Scotti
1257 1915 1374 1956 etiam
1390 1917 1530 1956 statuit
1547 1946 1560 1963 ,
1582 1928 1767 1956 ¹caeteras
1787 1914 1939 1956 citatio-

483 1996 553 2023 nes
586 1993 670 2020 non
689 1976 930 2034 subscriptas
947 1977 1074 2017 nullas
1092 1989 1136 2016 ac
1154 1975 1279 2016 irritas
1313 1972 1554 2014 declara-ndo
1571 2003 1586 2021 ,
1614 1985 1651 2013 et
1671 1971 1850 2014 Notariis
1869 1971 1937 2013 in-

485 2038 665 2081 hibendo
681 2068 695 2086 ,
725 2051 774 2078 ne
788 2036 975 2078 *audeant
999 2035 1080 2076 illas
1093 2034 1214 2089 legere
1230 2063 1242 2080 ‚
1280 2031 1342 2072 vel
1359 2031 1528 2086 recipere
1547 2062 1560 2080 ,
1591 2031 1764 2087 exceptis
1783 2030 1937 2073 citatio-

488 2099 608 2139 nibus
640 2096 680 2137 in
700 2096 853 2152 quibus
881 2105 1105 2136 carceratus
1125 2090 1294 2138 existat-3
1327 2103 1363 2131 et
1384 2090 1481 2144 quia
1500 2090 1554 2132 ibi
1580 2105 1618 2132 se
1641 2089 1937 2133 subscribendo

487 2157 654 2198 adnotat
680 2155 776 2196 haec
794 2151 1007 2210 praecipua
1024 2149 1146 2191 verba
1163 2179 1175 2196 ‚
1197 2146 1337 2203 poterit
1365 2147 1469 2204 legi,
1505 2149 1695 2191 usuvenit
1728 2161 1937 2206 propterea

492 2213 829 2269 subscriptionem
845 2209 949 2251 illam
960 2207 1104 2266 poterit
1121 2205 1197 2264 legi
1214 2206 1412 2263 appellari;
1422 2222 1583 2249 monere
1600 2208 1718 2250 etiam
1738 2208 1944 2257 debemus,

490 2273 605 2326 quod
620 2271 652 2313 si
673 2271 806 2313 citatio
827 2268 948 2310 modo
966 2265 1183 2324 praemisso
1198 2265 1418 2321 subscripta
1439 2281 1524 2307 non
1542 2267 1663 2309 fuerit
1679 2297 1692 2315 ,
1710 2266 1859 2308 nullius
1875 2280 1938 2307 ro-

486 2332 597 2374 boris
622 2327 726 2377 erit,
757 2341 796 2370 et
811 2328 974 2384 impune
996 2354 1010 2373 ,
1044 2326 1144 2366 idest
1159 2324 1244 2365 sine
1281 2336 1563 2367 attentatorum
1595 2325 1762 2368 incursu
1805 2323 1937 2383 sperni

489 2388 664 2447 poterit3
691 2385 962 2444 proutrvidere
980 2396 1036 2425 est
1068 2383 1111 2424 in
1147 2383 1275 2440 capit.
1314 2382 1363 2423 16
1395 2384 1525 2426 Edicti
1555 2385 1730 2444 superius
1758 2382 1906 2426 laudati
1923 2411 1938 2426 .

516 2460 519 2461 ’
608 2444 907 2488 Adnotandum
935 2442 1035 2487 vero
1056 2442 1118 2484 hic
1136 2455 1193 2484 est
1209 2473 1222 2491 ‚
1256 2442 1481 2484 necessitate
1503 2444 1633 2500 aliqua
1656 2459 1742 2486 non
1762 2442 1939 2485 obstrin-

484 2505 523 2564 gi
546 2505 802 2548 reclamantes
827 2518 851 2546 a
881 2504 1040 2545 decreto
1057 2501 1271 2543 Auditoris
1291 2501 1528 2558 Signaturae
1559 2502 1715 2547 citandi
1732 2502 1941 2546 Adversa-

1869 2559 1950 2602 rios
