1993 3195
643 358 681 400 C
718 359 755 401 A
788 361 817 401 P
851 359 889 402 U
923 361 961 404 T
1025 362 1075 405 11.
1488 383 1502 409 1

110 419 293 465 ficatione
310 418 504 461 Ecclesiae
524 447 537 467 ,
556 418 743 473 quamvis
759 434 804 462 ea
827 420 1020 463 instructa
1052 434 1151 463 esset
1177 421 1218 461 in
1239 379 1567 481 congregatioir{

85 506 88 509 »
113 476 286 519 Concilii
309 510 322 528 ‚
353 493 374 519 a
393 478 607 533 Signatura
644 478 800 520 remissa
835 479 913 521 fuit
944 480 996 521 ad
1029 481 1079 521 A.
1098 481 1141 522 C.
1158 495 1286 522 mense
1301 481 1408 538 junii
1445 500 1567 541 1779·

110 536 252 578 Itidem
286 537 328 578 in
360 537 554 579 Asculana
587 537 767 594 Obsequii
798 538 900 580 inter
940 539 1186 596 Episcopum
1204 570 1216 588 ‚
1258 553 1295 580 et
1328 541 1570 587 Canonicos

111 595 252 652 quoad
269 595 332 652 jus
349 596 553 637 deferendi
571 595 754 652 Cappas‚
775 598 825 640 ab
845 598 1171 641 Eminentissimo
1185 599 1388 647 Praefecto
1413 603 1572 645 remissa

113 655 192 697 fuit
208 655 389 711 cognitio
409 654 570 696 Causae
587 655 640 696 ad
656 655 711 696 A.
733 656 788 698 C.
819 672 903 712 quo
937 673 1032 702 vero
1062 659 1114 700 ad
1149 659 1451 703 associationem
1473 662 1569 718 Epi·

113 714 252 771 scopi,
288 715 340 755 ad
361 716 523 757 Sacram
548 713 920 773 Congregationem
936 717 1092 759 Rittium
1113 748 1123 758 .
1155 717 1331 775 Ejusque
1368 720 1571 765 decretum

114 774 367 817 confirmavit
393 775 509 831 plena
526 772 741 829 Signatura
772 775 833 817 die
855 787 922 830 15.
939 777 1159 834 septembris
1193 779 1320 833 1785.

190 834 458 892 Congregatio
473 834 675 889 Aquarum
709 835 1107 893 caretjurisdictione
1134 837 1238 880 inter
1268 839 1445 883 Privatas
1478 856 1569 897 per-

111 907 233 936 sonas
251 925 264 943 ‚
291 894 378 936 licet
411 896 458 934 de
483 893 647 934 materia
668 893 887 952 Aquarum
904 911 1069 954 agatur,
1102 899 1175 941 nisi
1195 912 1326 940 tamen
1357 915 1416 941 res
1444 901 1491 942 sit
1519 901 1568 942 de

115 953 228 995 bono
248 984 260 1002 ,
289 953 351 996 vel
379 953 529 995 damno
559 953 724 1008 publico
765 971 777 1006 ;
813 957 865 999 ita
906 957 1048 1014 legitur
1079 958 1121 998 in
1155 958 1248 1000 libro
1280 959 1568 1001 Resolutionum

112 1010 350 1068 Signaturae
379 1014 476 1056 anni
498 1028 618 1070 1757.
657 1015 753 1057 etin
772 1017 980 1073 Spoletana
1017 1018 1088 1058 28.
1115 1018 1201 1059 iulii
1217 1017 1395 1071 ejusdem
1434 1020 1567 1060 anni.

112 1069 235 1113 Tunc
269 1073 376 1114 enim
409 1089 494 1114 non
524 1073 617 1116 levis
657 1074 826 1117 excitata
863 1076 942 1117 fuit
976 1076 1249 1119 controversia
1284 1077 1387 1118 inter
1420 1079 1576 1119 Promo·

112 1140 234 1172 torem
267 1132 454 1173 Fiscalem
492 1131 618 1173 dictae
647 1133 1016 1191 congregationis,
1053 1149 1091 1176 et
1111 1135 1331 1192 Pacificum
1363 1136 1410 1177 de
1431 1135 1572 1193 Pacifi-

111 1187 166 1230 cis
184 1217 193 1226 .
229 1189 519 1230 Contendebat
536 1188 744 1230 Promoror
776 1194 1364 1248 praedictus,jurisdictionem
1383 1195 1574 1249 Congre-

113 1245 286 1304 gationis
323 1248 422 1289 adeo
442 1260 707 1306 praestantem
724 1264 802 1290 esse
819 1278 831 1296 ‚
863 1263 910 1291 ut
923 1249 1139 1306 Signatura
1172 1250 1212 1290 in
1247 1249 1334 1302 ejus
1356 1251 1505 1293 Causis
1531 1267 1571 1294 se

116 1306 296 1362 ingerere
316 1321 502 1363 nequeat.
518 1308 576 1348 At
596 1308 774 1349 decisum
792 1307 871 1350 fuit
889 1311 940 1351 ab
959 1310 1099 1350 eadem
1116 1309 1329 1364 Signatura
1350 1310 1412 1351 die
1427 1311 1575 1365 5.m‹1ii

116 1365 216 1407 anni
235 1367 420 1421 superius
439 1367 620 1409 recensiti
640 1398 652 1415 ‚
670 1368 914 1423 praedictam
933 1367 1252 1420 jurisdictionem
1272 1370 1418 1411 habere
1441 1371 1574 1412 locum

115 1423 158 1465 in
177 1423 226 1465 iis
243 1425 415 1472 Causis,
436 1425 476 1465 in
495 1428 645 1481 quibus
667 1426 1022 1483 Congregati0‚vel
1037 1425 1123 1478 ejus
1136 1429 1328 1484 Deputati
1346 1429 1574 1484 procedunt

115 1497 165 1526 ex
185 1483 317 1524 officio
337 1513 349 1531 ,
375 1484 437 1527 vel
455 1499 527 1540 pro
543 1486 767 1527 coercendo
792 1500 997 1541 aquarum
1022 1501 1142 1528 cursu
1160 1517 1172 1534 ,
1195 1501 1242 1527 ne
1262 1486 1460 1528 damnum
1478 1502 1576 1545 pro-

117 1543 235 1585 ximis
261 1543 432 1599 praediis
445 1543 641 1602 irrogetur
656 1574 668 1591 ‚
689 1544 750 1587 vel
766 1559 840 1602 pro
860 1545 1078 1587 remotione
1099 1549 1385 1602 repagulorum
1403 1576 1416 1595 ‚
1436 1562 1482 1588 ac
1500 1562 1575 1604 pro

118 1601 332 1644 refectione
346 1603 433 1651 ‚vel
450 1605 721 1647 aestimatione
741 1603 895 1653 damni,
915 1606 966 1646 ab
983 1604 1182 1647 alluvione
1201 1605 1293 1647 illati
1309 1621 1322 1656 3
1347 1621 1460 1648 secus
1479 1620 1575 1649 vero

118 1661 289 1717 quando
317 1675 460 1718 agatur
488 1663 536 1704 de
554 1664 834 1708 controversiis
862 1663 965 1706 inter
983 1665 1156 1721 privatas
1183 1679 1402 1722 personas,
1429 1680 1581 1720 quam-

116 1721 178 1764 vis
204 1720 331 1762 obiter
362 1721 646 1765 inundationis
674 1723 859 1764 materiae
891 1723 1191 1772 discutiantur,
1224 1738 1262 1766 et
1275 1723 1413 1765 similia
1431 1753 1443 1771 ‚
1472 1738 1575 1780 quae

117 1779 317 1836 pertinent
338 1780 570 1833 adjudices
597 1781 839 1825 Ordinarios
858 1812 868 1822 .
899 1783 949 1824 Et
967 1781 1216 1840 reproposita
1242 1783 1387 1825 deinde
1414 1784 1579 1840 ipsamet

120 1837 259 1880 Causa
296 1838 358 1878 die
379 1839 450 1878 28.
471 1840 553 1880 iulii
572 1842 804 1895 rescriptum
830 1839 909 1882 fuit
926 1858 937 1882 ε
969 1841 1010 1881 in
1026 1842 1160 1884 decisis
1179 1871 1191 1888 ,
1208 1852 1245 1882 et
1259 1843 1427 1898 amplius
1446 1873 1456 1882 .

245 1896 504 1955 Congregatio
530 1897 634 1937 Boni
659 1896 877 1954 Regimirzis
904 1899 1020 1954 pollet
1045 1896 1321 1951 jurisdictione
1340 1899 1458 1952 juxta
1479 1900 1582 1943 Con-

123 1955 354 1998 stitutionem
384 1955 589 1998 Benedicti
621 1969 705 1999 xlv.
732 1955 774 1996 in
805 1956 896 2006 his,
929 1972 1034 2013 quae
1064 1972 1294 2014 sequuntur
1332 1959 1511 2009 Causis,
1545 1971 1584 2003 et

122 2028 208 2055 non
240 2013 352 2054 aliis.
386 2014 416 2052 1.
444 2013 485 2053 Si
519 2014 833 2062 communitas,
865 2016 925 2060 vel
951 2016 1215 2060 Affictuarius
1246 2032 1336 2076 agat
1371 2033 1444 2077 pro
1478 2018 1583 2061 solu-

121 2072 275 2114 lutione
293 2072 557 2122 introituum,
587 2086 624 2115 et
640 2073 875 2116 reddituum
893 2075 1212 2118 Communitatis
1232 2107 1245 2125 ,
1262 2079 1304 2119 in
1321 2078 1485 2122 Tabella
1514 2078 1584 2119 de-

123 2132 382 2189 scriptorum,
403 2145 541 2173 contra
561 2132 760 2174 debitores
781 2161 791 2170 .
813 2134 861 2172 ΙΙ.
881 2135 1002 2175 Secus
1030 2136 1171 2187 quoad
1188 2135 1344 2180 Tertios
1361 2132 1445 2179 tion
1478 2137 1584 2178 obli-

119 2203 229 2250 gatos
247 2223 259 2240 ‚
278 2191 339 2235 vel
355 2190 536 2232 mulieres
552 2190 760 2247 allegantes
773 2190 1038 2233 inhibitiones
1057 2193 1210 2236 dotales
1227 2226 1236 2236 .
1254 2198 1319 2239 111.
1336 2197 1417 2240 Ubi
1437 2197 1485 2238 de
1507 2211 1583 2238 na·-

121 2261 212 2292 tura
229 2250 401 2292 onerum
421 2281 433 2298 ,
460 2264 513 2290 an
548 2250 797 2299 Cameralia,
822 2250 884 2292 vel
902 2249 1253 2298 Communitativa
1281 2256 1361 2298 sint
1381 2286 1393 2305 ,
1407 2266 1549 2313 agatur
1570 2287 1579 2297 .

125 2307 196 2349 lv.
211 2311 336 2367 Super
354 2308 620 2352 electionibus
637 2307 1266 2366 Depositaribrum,Exactorum
1284 2347 1297 2365 ,
1310 2316 1584 2357 Administra-

124 2377 258 2409 torum
276 2368 604 2417 Comnrunitatis,
623 2381 846 2422 eorumque
867 2369 1147 2412 redditionum
1166 2374 1333 2417 rationis
1351 2405 1360 2414 .
1382 2376 1434 2414 V.
1456 2375 1582 2429 Super

125 2425 392 2471 locationibus
426 2433 630 2471 bonorum
646 2456 657 2474 ,
692 2439 809 2482 atque
830 2441 1108 2482 proventuum
1130 2461 1143 2478 ‚
1158 2430 1199 2470 in
1217 2431 1380 2472 Tabella
1410 2431 1583 2489 descrip-

125 2496 260 2527 torum
280 2519 291 2536 ‚
309 2488 408 2528 inter
427 2487 776 2529 Communitatern
795 2517 807 2534 ,
826 2486 1111 2529 Conductores
1128 2519 1140 2536 ‚
1169 2503 1236 2530 seu
1261 2490 1362 2532 inter
1390 2491 1482 2532 istos
1501 2523 1513 2540 ‚
1545 2505 1584 2534 et

128 2544 259 2602 plures
279 2546 508 2596 oblatores,
528 2561 565 2590 et
584 2559 703 2604 super
733 2545 934 2588 solutione
952 2547 1032 2590 sive
1052 2549 1310 2604 responsione
1329 2551 1556 2593 Affictuum
1574 2581 1586 2592 .

1031 2605 1069 2646 T
1428 2610 1588 2666 Quoad
