1993 3195
605 328 643 369 C
676 327 713 366 A
745 328 774 366 P
806 325 848 364 U
878 322 917 363 T
977 321 1036 360 Η.
1203 369 1213 376 ,
1457 331 1534 372 ¹73

112 401 222 429 anno
252 382 361 441 1761.
393 384 581 442 deputata
621 382 900 439 Congregatio
935 375 1184 435 particularis
1217 401 1230 420 ‚
1282 386 1386 427 quae
1420 376 1539 416 rebus

111 444 297 487 omnibus
315 471 328 491 ‚
361 441 456 485 hinc
485 443 577 484 inde
597 443 777 485 deductis
795 471 806 489 ,
841 441 893 482 ad
917 450 1086 481 examen
1108 431 1316 479 revocatis,
1333 430 1512 474 definivit
1531 462 1541 480 ‚

107 501 351 544 referendam
382 518 459 545 esse
487 503 669 545 Pontifici
702 497 1058 555 incompetentiam
1083 494 1200 536 dictae
1218 488 1509 545 jurisdictionis
1527 521 1535 530 .

107 560 214 602 Hinc
251 560 355 602 idem
387 561 569 604 Pontifex
603 562 844 604 inhaerendo
881 552 1115 600 resolutioni
1150 553 1268 594 dictae
1301 549 1540 604 Congrega-

106 617 227 660 tionis
243 651 256 669 ,
281 635 356 663 suo
384 623 500 665 Motu
529 622 689 678 proprio
702 622 771 663 sub
791 620 856 663 die.
879 632 949 673 27.
971 611 1204 671 Septembris
1243 607 1370 665 1761.
1387 638 1400 657 ,
1428 607 1543 662 quod.

106 676 241 720 videre
254 691 309 720 est
327 679 369 720 in
387 681 421 722 Α
429 682 622 738 ppendice
636 683 656 737 (
665 681 722 733 π),
740 670 912 721 decrevit
927 691 1028 718 :non
1039 682 1253 730 competere
1273 665 1542 715 Gubernatori,-

105 735 178 778 [ηις
203 737 457 794 ΡεηιεὶιεῘιις
474 740 675 784 exercendi
704 737 953 797 Signaturam
973 751 985 784 τ,
1008 733 1230 788 eodemque
1257 740 1431 786 tempore
1466 725 1542 767 eis-

106 795 197 861 flem
233 798 471 854 prohibetur
506 799 687 858 cognitio
720 812 933 841 causarum
967 790 1244 851 appellationis
1275 802 1355 831 tarn
1399 784 1538 841 quoad

103 854 283 907 judicata
316 858 541 903 Curiarum
573 856 967 905 Ecclesiasticarum,
1000 867 1124 911 quarn-
1138 849 1278 908 quoad
1296 846 1360 889 illa
1386 843 1537 887 Curia·

103 926 196 957 rum
211 917 433 960 Laicalium
451 950 462 960 .

154 1032 163 1041 ·
224 977 262 1017 A
275 978 423 1019 Poenae
430 980 678 1035 pecuniariae
696 979 1049 1026 condemnatione,
1067 974 1097 1016 si
1120 967 1539 1030 appellat-icontingat,

105 1044 234 1075 oritur
251 1034 470 1090 aliquando
496 1040 718 1095 disputatio
731 1070 744 1088 ‚
772 1053 823 1079 an
841 1036 1047 1092 appellatio
1065 1029 1222 1074 admitti
1242 1028 1385 1069 debeat
1408 1026 1451 1066 in
1466 1036 1538 1064 su-

104 1092 294 1149 spensivo
310 1124 325 1143 ‚
339 1094 399 1138 vel
416 1095 458 1137 in
477 1097 730 1141 devolutivo.
763 1096 873 1137 Nam
890 1095 1022 1148 Julius
1038 1106 1087 1134 Η.
1113 1091 1176 1132 16.
1189 1084 1298 1144 junii
1320 1083 1444 1126 1616.
1463 1094 1537 1124 sua

104 1152 375 1194 consitutIOne
391 1155 466 1208 (2)
501 1155 644 1198 statuit
672 1171 761 1198 eam
778 1170 855 1196 esse
873 1154 1047 1195 omnino
1080 1146 1360 1202 denegandam
1378 1174 1387 1184 .
1422 1143 1541 1183 Atta-

102 1221 198 1249 men
218 1209 257 1248 S.
283 1209 376 1250 Pius
393 1227 433 1254 v.
463 1227 539 1253 suo
569 1225 682 1254 motu
699 1212 862 1269 proprio
894 1211 964 1265 (3)
992 1203 1228 1259 hujusmodi
1250 1202 1343 1256 legis
1369 1200 1539 1255 rigorem

101 1267 336 1322 ‘empesal'lit
361 1269 618 1313 decernendo
634 1301 646 1318 ‚
680 1284 727 1314 ut
748 1270 928 1324 sequitur
955 1283 969 1310 τ
1006 1267 1090 1308 Nos
1121 1262 1246 1321 igitur
1266 1274 1369 1301 more
1389 1256 1449 1314 pii
1461 1271 1540 1313 pa-

102 1326 218 1391 storis
232 1327 458 1382 praemissis
490 1329 668 1372 omnibus
691 1329 843 1372 obviare
872 1328 1038 1369 volentes
1055 1339 1104 1365 ne
1119 1317 1388 1379 appellationis
1414 1328 1540 1356 reme-

102 1385 208 1451 dffflm
229 1415 242 1433 2
276 1384 430 1443 ejusque
454 1389 696 1446 pros-equatio
716 1388 947 1443 pauperibus
972 1383 1055 1429 tolli
1080 1382 1285 1426 videntum
1314 1384 1418 1417 motu
1437 1372 1540 1415 simi-

101 1442 156 1492 lz,
190 1454 227 1485 et
244 1457 296 1484 esc
318 1457 419 1488 certa
439 1462 566 1489 nostra
599 1448 758 1489 scientia
791 1446 915 1487 dictas
945 1446 1074 1486 literas
1105 1439 1325 1494 mitigantes
1352 1444 1389 1473 et
1414 1432 1540 1485 refor-

101 1515 253 1555 mantes
269 1512 398 1553 tenore
412 1505 668 1563 praesentiam
697 1504 906 1547 statuimus
925 1532 937 1550 ,
962 1518 1008 1546 ac
1029 1508 1212 1558 perpetuo
1227 1490 1422 1537 observari
1437 1505 1542 1558 mast.

102 1563 240 1604 damus
257 1591 274 1609 ι
301 1567 401 1619 quod
420 1566 458 1607 in
477 1564 663 1608 similibus
680 1563 808 1608 causis
823 1562 1044 1619 fiscalibus,
1063 1573 1099 1600 et
1121 1555 1209 1599 aliis
1224 1586 1236 1603 2
1263 1554 1308 1593 de
1325 1550 1462 1607 quib&
1496 1564 1537 1591 m

100 1620 239 1664 litteris
257 1652 270 1669 ,
303 1633 342 1664 et
354 1639 458 1667 mota
474 1624 627 1682 proprio
649 1622 868 1681 hujusmodi
889 1621 943 1678 fit
960 1618 1102 1663 mentio
1117 1648 1128 1665 ‚
1158 1628 1291 1657 omnes
1306 1620 1344 1652 et
1360 1608 1539 1667 singulae

101 1681 376 1737 appellationes
394 1717 407 1733 ,
442 1700 492 1727 ac
506 1699 770 1742 qaaecumque
803 1683 963 1738 desuper
982 1695 1052 1737 pro
1070 1688 1238 1730 tempore
1250 1678 1535 1729 praesentatae,

100 1752 149 1780 αι·
173 1746 484 1796 praesentandae
516 1743 805 1793 commissiones
832 1757 904 1797 per
921 1740 1071 1782 dictum
1098 1733 1365 1777 Alexandrum
1391 1727 1539 1767 moder-

104 1812 196 1838 num
211 1831 225 1848 ³
252 1815 290 1842 et
302 1817 375 1856 pro
390 1814 560 1859 tempore
576 1802 816 1851 existentem,
830 1801 861 1843 C
862 1799 970 1842 uriae
989 1800 1204 1842 Causarum
1226 1791 1408 1832 camerae
1425 1785 1539 1842 Apo-

102 1856 255 1898 stolicae
272 1859 496 1900 Auclitorem
513 1891 526 1907 ‚
544 1872 735 1912 tamquam
749 1859 922 1912 judicem
947 1858 1083 1898 taliam
1105 1849 1400 1908 appellationum
1424 1873 1437 1892 ,
1452 1857 1539 1885 nec·

102 1929 180 1955 non
200 1931 272 1971 per
297 1932 573 1973 quemcumque
600 1917 722 1958 alium
749 1915 922 1967 iudicem
944 1945 957 1963 ,
991 1908 1212 1968 hujusmodi
1230 1903 1537 1963 jurisdictz‘onem

99 1973 296 2014 habentem
311 2004 323 2021 ‚
354 1977 566 2017 admittant
586 2005 600 2023 ‚
626 1990 674 2016 ac
702 1975 896 2026 recipiant
911 2005 923 2023 ‚
951 1983 991 2014 et
1003 1968 1161 2013 admitti
1174 1999 1187 2017 ‚
1222 1980 1268 2007 ac
1283 1962 1400 2019 recipi
1414 1961 1539 2010 libere,

99 2030 137 2073 et'
153 2030 254 2072 licite
266 2033 414 2088 possint
428 2066 438 2081 ,
458 2035 613 2076 valeant
626 2063 638 2080 ‚
671 2049 718 2075 ac
735 2035 899 2075 debeant
917 2064 928 2081 ‚
943 2032 1170 2084 illarumque
1190 2024 1323 2082 vigore
1336 2033 1539 2078 quascum-

102 2105 172 2148 que
197 2090 457 2136 inhibitiones,
479 2092 681 2136 citationes
696 2109 782 2142 ,seu
801 2091 1002 2134 monitoria
1028 2091 1268 2131 decernentes
1283 2112 1295 2132 ,
1327 2091 1364 2123 et
1380 2079 1459 2122 alia
1467 2077 1539 2131 fa-

101 2148 241 2192 cientes
275 2151 315 2193 in
328 2152 552 2207 praemissis
568 2151 778 2194 necessaria
797 2180 808 2197 ‚
849 2149 988 2190 eisdem
1009 2143 1189 2188 Auditori
1220 2145 1362 2190 nostro,
1381 2150 1419 2181 et
1427 2136 1539 2186 Iudi-

101 2209 208 2254 cibus
236 2210 424 2270 praefinis
442 2244 454 2261 ‚
483 2213 536 2252 ad
566 2211 606 2253 id
624 2206 946 2265 jurisdictionem
985 2202 1240 2250 habentibus,
1272 2198 1538 2242 auctoritatem

106 2271 274 2322 damus,
306 2285 353 2315 ac
380 2270 572 2312 licentiam
611 2267 855 2325 impartimur
892 2298 905 2315 ,
934 2262 1121 2322 praestita
1144 2271 1286 2303 ‚tamen
1302 2258 1415 2316 prius
1452 2270 1541 2298 cau·

110 2330 217 2372 tione
243 2332 377 2373 idonea
404 2345 475 2387 per
501 2330 654 2370 Partem
679 2357 691 2374 ,
723 2342 789 2368 seu
824 2326 961 2380 Partes
988 2323 1226 2379 appellantes
1255 2346 1269 2366 ,
1296 2331 1374 2359 non
1407 2326 1537 2358 tamen

107 2386 297 2443 confessos
316 2389 408 2438 ,in
437 2388 564 2445 forma
600 2384 765 2444 depositi
797 2414 810 2433 ,
841 2398 913 2440 pro
939 2397 1064 2440 poena
1097 2376 1537 2438 itt-equacondemnata

1429 2439 1536 2472 exti-

1059 2505 1369 2523 μ-

741 2514 896 2529 ἐ

116 2518 582 2535 ffl—

160 2576 214 2621 (ι)
237 2581 385 2620 Pag.135.
400 2576 442 2608 ad
459 2577 533 2620 136.
558 2576 610 2618 (2)
627 2575 744 2610 Bullar.
760 2572 926 2608 cherubini
938 2581 969 2613 7.
993 2570 1047 2612 (3)
1071 2562 1381 2608 Bullar.Coquelines
1400 2568 1453 2604 35⁴
1471 2557 1538 2604 §12-
