1993 3195
217 335 702 409 *AUCTOR
767 338 1291 451 LECTORI·
1319 345 1402 417 S.

551 670 737 709 navant
766 694 783 721 ,
821 654 1018 709 alteram
1051 659 1237 728 hujusce
1271 661 1435 727 Operis
1464 651 1555 711 edi-

129 775 155 842 s.
224 750 236 833 ,¹1
260 796 286 835 ς,
340 754 349 757 μ
390 765 488 825 x
552 762 722 812 tionem
763 763 1041 830 exoptabant
1057 803 1069 815 .
1097 764 1365 818 Distraetis
1399 764 1556 828 'enimj

393 844 489 931 “⁴3
548 885 598 916 ac
645 863 906 915 divenditis
958 867 1169 918 omnibus
1216 866 1550 938 exemplaribus

314 940 484 985 ’ῙΨΗἯἩἭΜ
541 963 710 1037 prioris
744 968 958 1021 editionis
989 1008 1005 1034 ,
1064 990 1203 1038 quam
1239 971 1423 1039 quidem
1467 970 1548 1023 ad-

87 1069 272 1122 modum
307 1068 597 1127 adolescens,
618 1064 730 1112 dum
759 1068 828 1113 ad
841 1071 1259 1131 Jurisprudentiae
1287 1074 1446 1124 studia
1465 1069 1547 1125 ‘in-

85 1172 336 1226 cumberem
358 1211 375 1238 ,
405 1185 488 1241 pro
512 1167 697 1219 viribus
722 1168 1073 1236 conscripseram
1096 1209 1113 1235 ,
1150 1170 1289 1223 multi
1309 1209 1326 1235 ,
1363 1175 1444 1240 qui
1474 1194 1546 1226 ca-

93 1294 188 1329 rere
213 1298 260 1330 eo
286 1275 460 1330 nollent
479 1315 497 1342 ‚
525 1287 606 1324 aut
635 1291 726 1323 non
732 1285 976 1341 poterant,
995 1293 1086 1326 non
1122 1275 1352 1328 habebant
1376 1315 1392 1342 ,
1424 1277 1547 1330 unde

90 1380 191 1448 ejus
216 1379 513 1452 comparandi
546 1377 636 1429 sibi
665 1377 790 1446 copia
810 1378 942 1446 fieret
959 1419 971 1431 .
992 1379 1157 1447 Hinc,
1186 1381 1309 1446 etsi,
1334 1396 1400 1432 tot
1429 1379 1549 1434 litte-

93 1485 233 1538 rariis
265 1486 524 1550 laboribus,
541 1483 757 1536 hactenus
783 1480 920 1535 editis
936 1500 1100 1551 ‚atque
1128 1484 1320 1537 ineditis
1335 1524 1352 1551 ‚
1380 1486 1550 1538 disten-

90 1603 197 1656 tus,
217 1590 271 1644 de
297 1591 444 1652 altera
474 1588 669 1642 editione
699 1585 899 1656 amplius
925 1608 1017 1640 non
1038 1590 1283 1660 cogitarem
1304 1628 1320 1655 ‚
1346 1605 1551 1659 totusque

86 1694 192 1761 jam
222 1715 361 1748 essem
394 1697 445 1746 in
465 1694 601 1763 Juris
630 1688 808 1762 publici
833 1731 849 1757 ‚
879 1708 922 1744 et
955 1694 1174 1745 scientiae
1202 1691 1551 1762 Diplomaticae

91 1798 290 1862 studiis,
331 1816 383 1850 ut
408 1797 635 1864 quoddam
659 1795 755 1862 fere
791 1797 1022 1848 viaticum
1057 1798 1125 1848 ad
1155 1812 1430 1848 senectutem
1468 1797 1551 1848 mi-

90 1898 139 1950 bi
164 1910 379 1964 pararem
408 1935 424 1963 ,
465 1898 517 1947 in
551 1896 673 1962 quod
708 1917 765 1946 ne
806 1899 906 1962 ipsa
938 1899 1118 1962 quidem
1150 1900 1362 1949 Fortuna
1398 1897 1548 1951 ullum

84 2002 166 2068 jus
198 2000 378 2053 baberet
406 2040 418 2053 .
462 1997 631 2051 Verum
669 1999 791 2050 enim
835 2019 943 2051 vero
973 2002 1195 2068 propositi
1235 2005 1547 2055 constantiam

90 2104 211 2157 vicit
239 2104 509 2174 quotidiana
551 2102 649 2170 fere
670 2103 949 2156 Amicorum
982 2104 1214 2156 instantia
1233 2142 1249 2169 ,
1291 2121 1334 2158 et
1365 2108 1550 2175 potissi-

93 2227 218 2260 mum
243 2210 433 2261 comitas
468 2204 552 2259 illa
585 2208 908 2274 spectatissimi
937 2207 1175 2260 Praesulis
1211 2209 1394 2260 CAROLI
1429 2213 1546 2264 ΑΝ-

95 2328 251 2360 DREAE
284 2310 605 2376 PELAGALLJJ,
634 2309 912 2381 Signaturae
939 2312 1192 2365 Auditoris
1214 2352 1232 2379 ‚
1260 2332 1350 2381 qua
1378 2315 1447 2365 ita
1479 2334 1549 2366 me

94 2415 185 2468 sibi
223 2414 439 2469 devinxit
461 2453 478 2481 ‚
514 2429 566 2465 ut
607 2415 707 2481 ejus
741 2413 985 2467 voluntati
1035 2417 1218 2484 obsequi
1252 2418 1435 2469 omnino
1476 2417 1548 2469 de-

93 2518 300 2584 buerim3
337 2520 460 2586 eique
485 2531 718 2587 propterea
736 2556 753 2584 ‚
796 2535 1022 2588 quantum
1059 2521 1175 2574 ratio
1217 2541 1415 2576 meorum
1455 2537 1548 2574 stu-
