1993 3195
608 310 645 351 C
683 311 721 352 Α
752 314 779 352 Ρ
812 311 849 352 U
884 312 920 352 T
983 314 1012 351 l.
1494 317 1549 368 ὧι)

95 389 165 415 nes
197 371 427 425 delegantur
446 401 458 419 ,
483 382 639 418 offertos,
673 384 717 411 ac
747 369 930 426 proprios
965 370 1160 411 Notarios
1193 385 1277 410 non
1313 372 1548 424 habebant3

96 440 300 487 eapropter
320 428 360 468 in
379 427 527 470 Causis
551 427 628 470 sibi
658 429 874 470 commissis
896 457 907 475 ‚
946 442 1067 481 quem
1100 429 1335 470 maluissent
1353 461 1365 478 ,
1399 433 1450 471 ad
1462 435 1550 475 seri÷

96 487 273 531 bendum
297 515 309 534 ‚
344 501 380 529 et
400 487 650 529 actitandum
669 502 864 529 assumere
883 500 1069 544 poterant
1087 517 1095 526 .
1127 487 1273 529 Erecto
1293 491 1551 544 postmodum

95 561 117 587 a
137 544 242 594 Julio
265 546 370 602 Papa
395 548 442 586 ll.
463 545 646 603 Collegio
666 553 856 601 centurn,
889 558 927 586 et
947 545 1070 587 unius
1090 543 1288 587 Virorum
1307 578 1320 595 ,
1351 548 1420 600 qui
1449 549 1554 590 Scri-

93 615 225 662 ptores
246 602 428 648 Archivii
443 607 649 647 Romanae
669 605 885 654 Curiae‚ut
904 604 995 646 alibi
1016 604 1168 647 dictum
1186 619 1257 652 est,
1277 606 1554 663 appellatifue·

94 675 215 704 erunt
230 693 246 711 ,.
262 663 448 706 idemmet
466 664 654 706 Pontifex
672 664 783 706 iussit
800 695 812 713 ,
832 663 925 706 dicti
946 663 1115 721 Collegii
1135 663 1352 721 Scriptores
1371 665 1412 706 in
1432 680 1555 722 poste-

93 736 184 763 rum
201 721 397 765 Notarios
414 723 598 766 omniurn
629 723 821 776 Judicum
857 723 1240 765 commissariorum
1273 740 1351 766 esse
1388 726 1555 773 debere,

94 782 268 839 exceptis
287 782 333 825 iis
347 812 359 831 ,
375 784 445 839 qui
463 783 685 840 peculiares
701 781 937 825 habuissent
950 781 1142 824 Notarios
1154 812 1167 831 ,
1183 796 1221 825 et
1238 783 1529 827 Cardinalibus
1545 814 1554 825 .

92 840 134 882 S.
153 841 248 883 Pius
267 856 308 883 v.
344 842 489 884 deinde
511 856 576 897 15.
590 842 750 884 Kalend.
769 841 930 900 augusti
942 857 1044 884 anno
1060 854 1102 895 4.
1123 842 1356 885 facultatem
1376 844 1483 885 dedit
1501 844 1559 883 ei-

95 898 185 941 dem
198 900 382 960 Collegio
403 902 648 959 Scriptorum
679 901 852 958 eligendi
888 902 1078 944 Notarios
1096 901 1312 944 Actuarios
1329 933 1342 951 ‚
1364 915 1402 943 et
1429 917 1557 943 recen-

94 957 215 1000 situm
248 959 312 1014 jus
341 961 543 1019 ampliavit
581 962 633 1004 ad
658 960 817 1004 Causas
833 961 953 1004 etiam
985 960 1278 1003 Cardinalibus
1307 961 1557 1010 commissas,

95 1017 257 1074 conlato
282 1019 395 1062 dictis
413 1021 590 1063 Notariis
608 1020 806 1076 privativo
828 1019 914 1072 jure
944 1019 1144 1062 scribendi
1176 1020 1218 1060 in
1237 1019 1386 1062 Causis
1403 1020 1556 1076 praedi-

96 1076 195 1126 ctis,
214 1091 336 1132 prout
354 1079 617 1121 eruditissime
636 1108 649 1127 ,
668 1091 715 1120 ut
742 1079 880 1121 assolet
894 1109 907 1127 ,
934 1078 1174 1121 Benedictus
1191 1091 1282 1120 x1v.
1321 1078 1363 1118 in
1390 1077 1560 1120 Consti-

96 1135 256 1176 tutione
276 1165 290 1182 ,
315 1136 420 1174 edita
447 1151 551 1174 anno
577 1137 705 1187 1746.
725 1163 738 1179 ,
768 1137 969 1177 ostendit.
1111 1134 1114 1137 ¹

212 1189 436 1234 citationes
465 1190 563 1233 vero
583 1190 624 1231 in
652 1190 801 1232 Causis
824 1190 1126 1233 Co-mrnissarii's
1154 1193 1299 1248 exequi
1323 1195 1469 1235 debent
1490 1209 1559 1251 per

96 1248 298 1293 Cursores
327 1250 378 1292 A.
416 1250 471 1293 C.
493 1282 506 1300 ,
531 1264 653 1308 prout
685 1248 805 1292 etiam
836 1251 880 1293 fit
911 1250 942 1292 si
969 1248 1109 1292 Causa
1147 1251 1284 1305 aliqua
1319 1251 1455 1293 itidem
1490 1266 1561 1310 per

97 1307 456 1353 Commisssionem
485 1310 526 1350 in
546 1311 649 1352 Foro
667 1308 905 1366 Capitolino
919 1323 1233 1367 promoveatur;
1257 1310 1298 1351 in
1320 1325 1365 1351 ea
1385 1325 1561 1366 namque

97 1381 121 1410 a
151 1366 404 1412 ,Cursoribus
433 1369 515 1427 jam
546 1369 661 1411 dictis
679 1398 692 1417 ,
720 1382 805 1409 non
827 1383 964 1412 autem
986 1384 1007 1410 a
1026 1369 1301 1411 Mandatariis
1317 1400 1330 1418 ,
1347 1369 1419 1424 qui
1439 1371 1564 1419 Nun-

98 1425 180 1476 cii‚
214 1442 253 1471 et
283 1429 567 1484 Exequutores
599 1441 696 1470 sunt
721 1425 903 1478 ejusdem
935 1427 1012 1469 fori
1030 1459 1042 1477 ,
1062 1428 1145 1469 fieri
1165 1428 1312 1470 debent
1332 1457 1346 1477 ,
1375 1440 1421 1470 ut
1440 1427 1564 1468 adno-

98 1498 158 1529 tat
173 1486 299 1530 Lucas
317 1488 447 1531 Paetus
470 1487 509 1529 ia
524 1486 648 1545 praxi
665 1486 758 1529 Fori
773 1486 978 1544 Capitolini
993 1487 1066 1544 (1)
1079 1517 1089 1528 .

217 1547 305 1604 Qui
325 1546 524 1590 Cursores
539 1579 553 1598 ‚
583 1547 630 1590 ut
645 1577 659 1597 ,
688 1559 725 1588 et
740 1544 1016 1596 Mandatarii,
1044 1546 1224 1590 officium
1240 1545 1391 1590 citandi
1408 1561 1565 1589 summa

97 1606 174 1649 fide
206 1619 245 1649 et
267 1606 488 1665 integritate
522 1620 700 1650 exercere
730 1605 906 1656 debent,
933 1621 1104 1648 necnons
1134 1618 1323 1649 tenentur
1346 1607 1471 1663 legere
1489 1637 1502 1656 ,
1528 1619 1567 1649 et

97 1666 267 1708 scribere
283 1666 410 1709 latine
425 1698 438 1716 ‚
459 1680 578 1723 atque
596 1665 834 1709 citationum
853 1666 987 1724 copias
1014 1680 1176 1708 exarare
1208 1667 1318 1708 bono
1333 1699 1346 1716 ‚
1379 1679 1497 1720 atque
1515 1667 1565 1706 ab

97 1726 288 1768 omnibus
321 1725 554 1784 intelligibili
571 1727 821 1775 charactere,
849 1727 926 1768 sub
944 1725 1086 1781 poenis
1112 1726 1309 1766 contentis
1334 1726 1377 1773 in
1397 1722 1567 1765 Consti-

97 1784 253 1830 tutione
287 1784 491 1828 Benedicti
522 1798 622 1828 x111.
650 1784 724 1841 (2)
746 1785 817 1833 ;in
848 1799 926 1841 qua
963 1784 1163 1826 nonnulla
1198 1783 1272 1826 alia
1321 1782 1457 1839 quoad
1501 1796 1567 1822 eos

98 1841 218 1883 etia'rn
236 1844 473 1898 praescripta
504 1844 727 1896 leguntur,
755 1856 794 1884 et
811 1843 1042 1897 praesertim
1070 1856 1116 1883 ut
1148 1842 1370 1897 praedictas
1404 1839 1535 1897 copias
1553 1870 1564 1884 2

98 1899 220 1955 vulgo
243 1899 403 1954 copiette
423 1900 523 1941 bene
543 1898 803 1940 introducant
820 1899 867 1938 in
883 1899 1052 1954 capsulis
1068 1899 1147 1942 sive
1168 1899 1320 1941 buxolis
1339 1928 1352 1948 ,
1386 1899 1569 1940 adiacen-

99 1956 207 1998 tibus
238 1955 374 2009 januis
405 1957 622 1996 domorum
642 1984 655 2002 ‚
688 1971 745 1996 nee
770 1957 1035 1998 extremitates
1063 1970 1285 2013 appareant
1312 1970 1422 1999 extra
1458 1957 1567 1998 fora-

99 2028 191 2056 men
207 2013 455 2056 Buxularum
472 2045 485 2063 ,
503 2027 541 2055 et
556 2012 671 2054 facile
691 2013 739 2055 sit
757 2013 876 2054 alicui
896 2029 961 2055 eas
979 2016 1183 2056 extrahere
1201 2044 1213 2063 ‚
1231 2027 1352 2069 atque
1381 2015 1534 2057 auferre
1554 2031 1566 2065 ;

100 2087 186 2115 non
205 2073 472 2115 existentibus
502 2070 830 2128 vero-praedictis
847 2072 1011 2115 Buxulis
1030 2073 1184 2128 possint
1217 2074 1381 2130 quidem
1407 2074 1488 2115 illas
1506 2087 1569 2116 ta-

99 2132 186 2176 liter
211 2132 470 2176 intromittere
489 2132 530 2173 in
561 2131 715 2173 rimulis
733 2128 969 2184 januarum,
988 2144 1032 2173 ut
1047 2147 1077 2173 a
1092 2133 1395 2176 transeuntibus
1412 2133 1568 2181 extrahi

103 2189 311 2248 nequeant
327 2223 336 2233 .

223 2255 349 2294 Nunc
370 2250 661 2294 descendam-us
693 2258 853 2307 oportet
888 2250 940 2292 ad
956 2266 1003 2293 ea
1017 2280 1029 2299 ,
1059 2265 1165 2304 quae
1185 2253 1366 2309 gerenda·
1388 2267 1571 2298 sunt-ca-

106 2323 189 2351 rarn
205 2311 422 2364 Judicibus
441 2310 739 2352 Commissariis
757 2342 769 2359 ‚
803 2311 901 2350 dum
929 2311 1119 2352 instantia
1142 2326 1429 2367 promovetur;
1464 2327 1500 2354 et
1517 2328 1566 2354 ex

108 2382 158 2409 eo
176 2371 270 2424 quia
302 2369 703 2427 illorumjurisdictio
721 2370 877 2410 firmata
906 2384 990 2410 non
1025 2370 1200 2419 dicitur,
1234 2371 1309 2410 nisi
1327 2369 1570 2412 Commissio

108 2427 342 2471 exhibeatur
377 2430 494 2472 citata
527 2441 677 2486 pa-rte3
715 2427 863 2469 idcirco
891 2428 994 2470 facta
1033 2427 1138 2468 illius
1176 2427 1491 2485 praesentatione
1528 2430 1570 2471 in

1472 2490 1572 2532 Bro—

109 2557 264 2571 —n
1555 2561 1576 2577 g

430 2557 627 2572 ..ιι-μ
635 2558 789 2570 -ι-ι-υ-

156 2617 211 2659 (ι)
233 2613 303 2647 Lib.
326 2625 353 2646 1.
369 2624 436 2658 cap.
457 2625 487 2655 ς,
665 2615 717 2657 (2)
742 2615 887 2658 Append.
909 2624 980 2660 pag.
998 2618 1052 2656 65.
1069 2616 1111 2648 ad
1127 2619 1193 2657 67..
