1993 3195
71 338 148 373 albo
174 350 190 373 a
215 338 337 379 Judice
363 336 561 382 subscriptis
589 362 599 378 ,
630 339 687 372 sed
716 339 863 372 debeant
893 337 948 370 illa
980 338 1092 377 judici
1126 336 1256 373 deferre
1284 337 1324 371 ad
1351 300 1558 372 subscr-‘iberi-

72 388 177 426 dum,
211 395 388 432 postquam
409 395 546 421 extensa
560 387 707 425 fuerint,
737 387 798 420 sub
833 397 928 428 poena
958 384 1277 420 contrafacientibus
1306 393 1477 430 perpetuat
1494 386 1558 428 pri-

72 434 216 470 vationis
239 459 250 475 ‚
291 446 325 471 et
364 435 637 470 inhabilitationis
680 436 721 470 ad
754 446 875 469 munus
908 432 1339 468 Substituti'exercenduffi
1367 457 1377 473 ,
1420 432 1557 479 aliisque

73 483 237 518 arbitrio.

169 533 349 579 Nequeant
385 534 521 578 insuper
558 535 634 568 dare
672 534 825 568 mandata
856 532 975 579 vigore
1014 531 1187 572 termini,
1229 532 1261 566 in
1290 542 1405 566 eorum
1440 530 1559 566 officiis

73 583 219 626 suscepti
238 607 247 622 ‚
276 584 411 630 quando
439 585 504 623 jam
535 584 727 617 mandatum
763 594 778 616 a
796 581 918 622 Judice
945 593 1053 616 causae
1085 581 1116 616 in
1145 581 1210 617 alio
1239 580 1413 615 ‘I'ribnnali
1440 589 1489 614 est
1510 591 1562 614 re-

74 630 244 667 laxatum·
271 643 312 666 eo
329 642 409 667 vero
439 631 584 666 nondum
616 631 791 685 relaxat03
821 630 852 664 in
871 630 1009 666 arbitrio
1028 630 1094 672 sit,
1121 640 1154 666 et
1181 638 1348 676 potestate
1377 628 1560 664 creditoris

75 680 158 716 illud
189 680 300 716 utrobi
333 680 481 715 voluerit
510 679 682 726 accipere3
716 678 792 725 cogi
820 688 926 714 tamen
955 682 994 714 ad
1024 679 1056 714 id
1088 692 1151 714 non
1183 680 1314 724 possit.

173 731 287 774 Atque
318 729 350 763 in
382 730 515 775 praefata
544 729 677 764 termini
708 729 923 773 susceptione
967 740 1032 762 non
1061 730 1236 764 admittant
1274 753 1283 769 ‚
1323 736 1379 763 aut
1415 728 1564 764 scribant

76 779 220 824 aliquam
255 777 482 813 conditionem
512 802 521 817 ‚
551 777 814 813 reservationem
839 801 849 813 ‚
889 785 946 811 aut
976 778 1252 820 protestationem
1299 779 1479 814 terminum
1512 788 1566 821 pe-

76 828 201 867 tentis,
228 826 298 862 sive
323 828 535 873 suscipientis
561 852 572 868 ,
614 828 670 861 sed
698 835 825 860 tantum
855 825 1046 868 simplicem
1079 826 1183 861 debiti
1213 827 1455 862 confessionem
1489 851 1498 865 ,
1533 832 1568 860 et

31 916 40 927 ι
75 876 321 921 obligationem
348 877 389 911 de
417 875 580 912 solvendo
606 888 771 910 sumniam
803 875 1024 909 eonfessatam
1065 874 1098 909 in
1128 877 1193 911 fine
1222 875 1357 910 termini
1388 901 1399 917 ‚
1435 884 1469 910 et
1501 886 1567 909 non

76 926 200 960 aliter.

175 974 330 1010 Caveant
360 976 539 1011 Substituti
569 987 864 1023 quorumcumque
893 976 1144 1016 Notariorum,
1176 987 1215 1010 ne
1243 984 1319 1031 post
1347 983 1485 1010 extensa
1515 974 1570 1007 de·

75 1032 167 1058 creta
199 1024 230 1058 in
262 1023 478 1060 citationibus
509 1026 541 1060 in
572 1026 741 1060 audientia
775 1025 869 1060 lectis
903 1050 913 1065 ‚
944 1026 1087 1059 audeant
1124 1024 1179 1060 illa
1217 1025 1388 1070 corrigere
1409 1048 1419 1063 ‚
1455 1022 1568 1058 delere

78 1072 110 1107 in
150 1082 266 1116 parte.
293 1071 370 1107 vel
364 1085 395 1108 in
419 1083 527 1109 totum
545 1099 555 1115 ,
583 1074 821 1114 interlineare,
857 1084 912 1109 aut
929 1073 994 1108 alio
1014 1075 1116 1108 modo
1140 1074 1287 1111 vitiare,
1311 1076 1374 1107 sub
1397 1081 1568 1117 praetextu

77 1121 226 1161 erroris,
260 1120 314 1155 vel
335 1121 515 1158 oblivionis
533 1147 543 1163 ,
574 1132 631 1158 aut
657 1123 748 1158 malae
775 1135 891 1158 eorum
910 1121 1139 1167 intelligentiae
1171 1122 1201 1155 in
1231 1121 1447 1165 percipienda
1478 1131 1573 1155 rnen-

78 1178 111 1203 te
138 1170 267 1210 judicis
286 1194 295 1209 ,
332 1182 391 1205 nec
410 1171 545 1216 quidem
577 1174 616 1206 ad
647 1171 833 1205 instantiam
855 1195 864 1211 ,
891 1181 924 1205 et
954 1171 994 1204 de
1009 1182 1173 1205 consensu
1204 1170 1347 1214 partium
1365 1194 1374 1209 ‚
1406 1181 1463 1203 seu
1492 1169 1572 1201 Pro-

78 1228 270 1253 curatorum
302 1219 334 1253 in
364 1231 462 1254 causa
495 1219 762 1265 comparentium
788 1232 797 1259 ;
831 1220 888 1254 sed
915 1219 1049 1265 quoties
1097 1217 1216 1264 aliquis
1255 1229 1350 1252 error
1380 1216 1570 1264 contigerit

80 1267 113 1301 in
136 1268 331 1302 extensione
363 1270 575 1303 decretorum
596 1294 606 1308 ,
636 1278 813 1303 teneantur
843 1272 882 1303 ad
910 1269 1067 1308 judicem
1095 1268 1229 1307 redire,
1259 1277 1290 1301 et
1311 1278 1435 1301 novum
1455 1267 1572 1300 decre—

79 1325 149 1350 tum
184 1319 246 1350 sub
269 1328 355 1351 nova
369 1317 527 1352 citatione
560 1317 709 1363 legitime
737 1325 878 1352 executa
893 1325 1091 1361 reportare,
1119 1324 1152 1350 et
1183 1317 1387 1355 extendere,
1421 1317 1482 1351 sub
1500 1326 1573 1360 poe-

28 1397 30 1402 ,
80 1376 120 1400 na
149 1373 322 1398 scutorum
349 1366 472 1404 ⁴decem
505 1391 515 1406 ‚
558 1380 575 1400 a
607 1366 938 1401 contravenientibus
968 1365 1166 1400 incurrenda
1199 1377 1262 1409 pro
1284 1364 1436 1409 qualibet
1463 1363 1564 1404 vice,

79 1421 112 1447 et
141 1412 359 1447 nihilominus
387 1414 459 1457 ipsa
472 1415 631 1453 decreta,
662 1423 702 1448 ut
715 1426 815 1457 supra
832 1439 841 1454 ,
869 1414 986 1448 vitiata
1003 1413 1126 1447 nullius
1150 1413 1359 1447 sintroboris
1376 1436 1386 1452 ,
1423 1412 1477 1448 vel
1497 1424 1566 1446 mo-

79 1461 180 1497 menti
196 1485 206 1501 ,
232 1470 264 1495 et
279 1462 464 1495 habeantur
489 1474 525 1496 ac
541 1462 568 1497 si
596 1463 793 1508 interposita
827 1474 891 1496 non
907 1462 1047 1495 fuissent
1063 1485 1072 1494 .

176 1510 339 1544 Praeterea
364 1511 540 1545 Substituti
572 1523 688 1546 omnes
717 1520 883 1556 nequeant
901 1509 1050 1554 partibus
1072 1510 1204 1544 tradere
1231 1509 1320 1545 listas
1342 1535 1351 1550 ‚
1381 1523 1441 1546 seu
1467 1518 1571 1544 notu-

82 1560 128 1594 las
161 1559 472 1593 emolumentorum
502 1560 617 1596 Officii
647 1586 657 1598 ,
690 1560 752 1595 nisi
778 1559 870 1606 prius
894 1558 1024 1594 fuerint
1051 1559 1152 1598 visae,
1180 1559 1362 1605 recognitae
1394 1583 1404 1597 ,
1434 1567 1466 1592 et
1499 1559 1577 1593 sub-

83 1611 218 1653 scriptae
247 1620 265 1641 a
292 1607 436 1642 Notario
451 1608 652 1653 principali3
682 1618 716 1644 et
739 1608 765 1643 si
781 1621 875 1644 secus
891 1608 1131 1642 attentaverint
1161 1608 1334 1643 incurrant
1349 1619 1479 1653 poenam
1499 1619 1574 1642 scu-

86 1666 199 1692 torum
230 1658 344 1691 decem
370 1655 520 1702 qualibet
545 1657 621 1693 vice
639 1683 649 1698 ‚
677 1657 823 1702 aliasque
852 1656 991 1692 arbitrio
1008 1681 1017 1690 .

178 1706 313 1740 Notarii
346 1717 461 1740 omnes
492 1714 558 1740 tam
578 1707 736 1746 Civiles‚
768 1718 866 1752 quarn
897 1705 1102 1739 Criminales
1129 1707 1261 1741 tradere
1295 1714 1473 1740 teneantur
1496 1717 1576 1760 pau»

81 1754 217 1800 peribus
246 1754 347 1799 gratis
381 1763 550 1789 extractus
583 1780 593 1795 ‚
620 1756 763 1802 registra
794 1779 804 1794 ‚
845 1755 1073 1789 Instrumensa
1101 1755 1200 1788 etiam
1243 1754 1405 1800 publica,
1434 1755 1576 1811 copias?

82 1812 115 1837 et
149 1803 227 1837 alias
242 1815 469 1848 quascumque
489 1804 740 1848 expeditiones,
774 1813 809 1838 et
835 1804 1018 1847 scripturas
1048 1815 1114 1837 tam
1147 1803 1263 1837 civiles
1288 1828 1297 1843 ,
1327 1815 1427 1849 quam
1457 1803 1579 1838 crimi-

82 1852 196 1891 nales,
226 1861 258 1886 et
289 1852 466 1886 ostendere
508 1862 683 1888 teneantur
712 1852 810 1887 etiam
841 1851 944 1897 gratis
972 1850 1149 1897 originalia
1179 1851 1364 1887 Advocato
1391 1877 1401 1892 ,
1430 1861 1464 1887 et
1498 1854 1581 1887 Pro-

82 1901 230 1936 curatori
263 1901 429 1936 dictorum
448 1913 661 1946 pauperum,
697 1903 738 1936 de
764 1912 910 1946 quorum
943 1909 1145 1946 paupertate
1175 1909 1283 1936 stetur
1313 1901 1456 1936 arbitrio
1483 1902 1583 1943 Judi-

83 1949 130 1983 cis
146 1974 155 1988 ‚
188 1958 219 1984 et
246 1951 272 1984 si
306 1950 480 1996 contingat
495 1952 638 1997 desuper
655 1953 771 1986 Testes
792 1950 998 1990 examinari,
1028 1951 1091 1984 hoc
1109 1962 1245 1985 examen
1271 1951 1372 1995 gratis
1394 1974 1404 1990 ‚
1436 1959 1468 1984 et
1486 1963 1578 1986 surn-

84 1997 190 2032 marie
218 2000 300 2039 fiat,
327 2009 360 2033 et
387 2002 426 2034 ad
455 2000 597 2035 formam
625 2003 841 2036 decretorum
873 1999 904 2034 in
933 1998 1025 2034 calce
1057 1998 1210 2033 Concilii
1229 1999 1330 2035 nostri
1354 2001 1529 2035 Romani.

188 2047 226 2081 In
255 2048 362 2082 causis
387 2048 418 2082 in
449 2049 570 2094 quibus
612 2057 873 2095 comparuerunt
905 2049 1146 2083 Procuratores
1185 2046 1341 2094 legitime
1370 2049 1582 2089 constituti,

89 2095 142 2130 vel
172 2095 203 2130 in
231 2096 351 2142 quibus
384 2097 446 2140 ipsi
488 2097 690 2141 principales
719 2098 872 2132 fecerunt
902 2097 936 2131 in
964 2099 1046 2132 actis
1072 2096 1250 2140 specialem
1287 2099 1491 2133 electionem
1525 2100 1586 2132 do-

90 2143 230 2185 micilii,
260 2146 291 2180 in
325 2157 394 2191 quo
424 2145 517 2179 citari
536 2145 623 2180 velle
655 2145 932 2185 declaraverint,
976 2157 1041 2179 non
1073 2146 1283 2189 recipiantur
1308 2148 1488 2183 citationes
1519 2159 1584 2181 non

93 2202 240 2229 executae
269 2204 387 2230 contra
414 2195 656 2230 Procuratores
687 2197 745 2241 qui
780 2202 1047 2240 comparuerunt
1074 2218 1085 2234 ‚
1114 2193 1167 2229 vel
1192 2194 1222 2228 in
1252 2195 1430 2232 domicilio
1460 2196 1585 2234 electo,

94 2244 326 2286 quamtumvis
355 2251 507 2278 executae
535 2243 659 2278 fuerint
674 2253 788 2278 contra
811 2245 899 2288 ipsos
924 2243 1158 2288 principales,
1191 2244 1276 2278 vel
1269 2257 1299 2279 in
1317 2258 1436 2282 eorum
1471 2248 1585 2284 domo,

92 2299 148 2326 aut
164 2289 195 2324 in
213 2293 365 2328 manibus
391 2291 687 2327 'domesticorum-
679 2318 689 2333 ,
717 2292 868 2326 volentes
886 2291 1063 2327 citationes
1092 2293 1287 2331 huiusmodi
1303 2320 1313 2334 ‚
1341 2307 1373 2330 er
1388 2296 1519 2330 decreta
1533 2305 1587 2328 su-

93 2350 154 2385 per
168 2340 214 2373 eis
229 2350 362 2377 extensa
391 2353 456 2376 non
473 2342 603 2376 afficere
618 2366 627 2380 ‚
657 2350 688 2375 et
706 2341 847 2386 proinde
868 2341 983 2375 haberi
1008 2353 1044 2376 ac
1064 2342 1089 2374 si
1105 2353 1168 2375 non
1186 2352 1394 2378 emanassent
1411 2345 1494 2378 itaut
1510 2355 1588 2388 pos-

93 2388 307 2434 sintimpune
334 2390 465 2436 sperni3
493 2390 601 2435 etipsi
620 2390 797 2425 Substituti
829 2389 980 2425 notitiam
1008 2390 1164 2425 habentes
1181 2391 1221 2425 de
1246 2391 1473 2428 procuratore
1507 2404 1586 2427 con-

93 2438 212 2472 stituto
231 2461 241 2476 ‚
269 2449 306 2472 ac
323 2439 364 2473 de
377 2439 552 2475 domicilio
580 2440 689 2474 electo
709 2464 720 2480 ,
751 2448 915 2485 quatenus
939 2440 1211 2474 contravenerint
1238 2441 1349 2485 puniri
1385 2441 1515 2476 valeant
1530 2441 1589 2482 Ju-

94 2486 176 2522 dicis
192 2487 355 2525 arbitrio,
386 2497 419 2521 et
437 2488 548 2523 omnia
562 2491 679 2524 damna
704 2490 823 2524 exinde
853 2499 988 2524 causata
1014 2490 1152 2525 reficere
1165 2499 1340 2524 teneantur
1356 2515 1364 2525 .

193 2535 309 2582 Qum
326 2535 511 2581 irrepsisset
539 2550 555 2572 a
574 2538 739 2576 nonnullis
770 2537 858 2574 annis
887 2538 1108 2576 intolerabilis
1139 2540 1287 2579 abusus,
1315 2548 1354 2574 ut
1366 2540 1546 2576 Substituti
1575 2567 1587 2582 ‚

1069 2590 1089 2623 h
1521 2590 1591 2625 alii-
