1993 3195
634 355 954 405 CAPUT
1016 356 1111 399 111.·
1504 370 1595 412 213>

236 417 479 463 Commissio
500 415 777 475 appellationis
796 431 816 458 a
837 415 1039 457 Mandato
1057 417 1104 457 de
1122 411 1366 456 evacuando
1383 439 1402 454 .,
1587 408 1595 414 ”

745 479 926 520 Romana
942 506 951 516 .

650 536 877 579 Beatissime
901 535 1019 577 Pater
1039 565 1049 574 ..

235 600 342 644 Licet
359 602 413 642 N.
436 600 491 642 N.
512 597 776 640 Adversarius
793 597 895 638 alias
913 596 961 637 de
978 611 1083 640 anno
1101 597 1157 639 N.
1177 591 1355 639 locaverit
1365 609 1440 652 pro
1462 595 1586 639 tribus

117 661 230 704 annis
244 660 398 714 futuris
417 661 473 701 N.
493 660 548 701 N.
570 660 708 700 devoto
726 659 769 700 S.
795 658 844 701 V.
865 655 1024 698 Oratori
1040 660 1200 700 domum
1218 655 1335 699 sitam
1358 656 1398 697 in
1415 654 1589 713 Regione

119 722 174 763 N.
191 722 311 781 juxta
331 722 427 761 bona
445 720 499 760 N.
525 720 579 760 N.
600 747 612 766 ‚
637 729 673 760 et
694 716 792 760 alios
808 749 820 766 ‚
855 715 970 772 siqui
997 732 1096 760 suntv
1115 717 1279 760 veriores
1283 716 1390 774 fines
1406 746 1418 763 ‚
1448 714 1587 758 nibilo-

118 780 248 823 minus
274 778 380 821 idem
413 778 669 820 Adversarius
687 777 948 834 praetendens
964 776 1109 820 dictum
1140 779 1343 820 Oratorem
1372 776 1499 818 dictae
1529 775 1588 817 lo·-

118 839 266 883 cationi
282 872 294 889 ‚
319 837 466 894 acJ'uri
491 837 756 896 lnquilinatus
775 835 1025 880 renunciasse
1040 869 1053 887 ,
1083 837 1163 896 egit
1181 847 1313 880 contra
1331 836 1509 878 eumdem
1524 849 1585 877 co-

117 914 200 942 ram
220 898 322 943 AC.
338 901 393 941 N.
408 901 463 941 ad
479 900 749 942 evacuandam
767 897 916 940 dictam
935 897 1161 947 domum‚et
1179 897 1268 938 licet
1279 896 1489 953 positiones
1503 909 1592 951 pro<

118 959 328 1002 nunciatae
340 958 652 1016 proconfessatis
671 974 748 999 non
778 959 1037 1000 attendantur
1053 957 1094 999 in
1125 973 1168 998 eo
1188 955 1416 1004 Tribunali,
1452 968 1490 995 et
1523 955 1592 995 Te-

120 1030 199 1061 stes
224 1033 278 1060 ex
298 1020 459 1060 adverso
485 1017 706 1061 examinati
729 1017 826 1059 nihil
841 1017 1015 1058 relevans
1045 1017 1279 1059 concludant
1300 1042 1311 1060 ‚
1344 1011 1604 1055 nihilominus·

119 1077 525 1121 dictusAdvers-arius
546 1080 745 1119 decretum
773 1086 965 1119 assertum
984 1106 995 1123 ,
1030 1087 1069 1118 et
1079 1075 1181 1116 illius
1196 1073 1332 1132 vigore
1358 1072 1588 1114 mandatum

120 1140 171 1180 de
209 1139 438 1179 evacuando
462 1148 595 1180 contra
624 1138 824 1178 Oratorem
851 1135 1011 1178 nulliter
1029 1166 1042 1182 ‚
1074 1146 1112 1177 et
1127 1133 1271 1189 injuste
1298 1129 1487 1181 extorsit;
1505 1145 1596 1187 supa

113 1195 238 1256 plicat
254 1195 381 1252 igitur
409 1196 603 1236 humiliter
625 1197 669 1235 S.
695 1197 743 1237 V.
779 1194 920 1235 Orator
949 1195 1173 1236 antedictus
1190 1222 1203 1240 ‚
1227 1202 1273 1232 ut
1298 1191 1496 1249 dignetur
1519 1200 1597 1233 etc.

122 1256 337 1298 adduntur
353 1285 366 1304 ,
382 1268 488 1309 quae
509 1255 549 1294 in
575 1253 735 1295 caeteris
752 1253 1101 1294 commissionibus
1120 1262 1351 1307 sequuntur
1374 1279 1385 1288 .
1466 1249 1469 1252 ’

245 1313 497 1355 Mandatum
533 1313 580 1353 de
623 1312 864 1354 evacuando
909 1312 1070 1355 videtur
1105 1324 1240 1366 sapere
1290 1307 1598 1364 quodammodo

124 1372 450 1415 manutentionis
475 1371 680 1413 materiam
697 1402 710 1420 ,
741 1384 779 1412 et
796 1371 838 1411 in
864 1386 912 1412 eo
930 1370 1156 1413 obtinendo
1172 1367 1391 1410 summarie
1411 1365 1602 1423 procedi—

125 1445 193 1475 tur
223 1447 236 1481 ;
263 1431 412 1472 idcirco
451 1446 540 1486 post
573 1430 892 1472 manutentionis
909 1429 1248 1473 Commissionem
1281 1424 1501 1480 adjecimus
1531 1424 1601 1468 hic

125 1489 363 1549 hujusmodi
382 1489 523 1546 judieii
548 1487 871 1530 commissionem
891 1519 913 1531 .-

247 1548 495 1593 commissio
517 1547 794 1606 appellationis
814 1547 855 1589 in
875 1546 1029 1601 judicio
1049 1546 1355 1606 reintegrandae
1377 1574 1386 1585 ο

722 1607 985 1664 Neapolitana
1007 1639 1017 1649 ..

672 1667 895 1712 Beatissime
912 1670 1024 1711 Pater
1042 1699 1052 1710 .

247 1730 438 1785 Quamvis
454 1733 509 1774 N.
531 1731 586 1772 N.
606 1731 766 1772 devotus
785 1731 825 1770 S.
853 1730 902 1773 V.
934 1729 1077 1771 Orator
1090 1725 1269 1786 pluribus
1300 1726 1349 1767 ab
1372 1724 1462 1766 hinc
1485 1721 1600 1766 annis

127 1789 228 1833 iusto
252 1790 458 1846 emptionis
475 1791 587 1833 titulo
605 1787 849 1846 acquisiverit
866 1789 1020 1831 vineam
1036 1787 1152 1831 sitam
1172 1800 1286 1829 extra
1304 1794 1459 1841 poe-tam
1479 1783 1522 1823 N
1527 1783 1600 1825 .N..

128 1849 169 1891 in
187 1851 270 1892 loco
287 1859 509 1905 nuncupato
534 1850 591 1889 N.
601 1848 723 1902 juxta
743 1850 838 1888 bona
862 1849 917 1889 N.
933 1849 990 1888 N.
1009 1876 1023 1894 ,
1044 1859 1081 1889 et
1095 1846 1152 1888 N.
1167 1848 1224 1888 N.
1243 1877 1257 1895 ‚
1287 1844 1387 1886 uiam
1406 1873 1418 1891 ,
1450 1850 1488 1882 et
1505 1855 1598 1884 suos

118 1908 254 1966 fines,
288 1919 332 1950 ut
347 1918 498 1951 constat
530 1921 583 1948 esc
592 1905 745 1962 publico
788 1904 1046 1947 instrumento
1077 1914 1214 1961 rogato
1245 1919 1316 1960 per
1345 1903 1443 1944 Acta
1465 1901 1521 1941 N.
1541 1902 1600 1943 N.

130 1969 200 2008 sub
215 1968 277 2008 die
297 1982 362 2008 10.
379 1965 519 2008 mensis
533 1966 589 2007 N.
623 1963 717 2005 anni
735 1963 789 2004 N.
809 1991 822 2010 ,
856 1963 1038 2020 illamque
1054 1978 1203 2019 semper
1240 1961 1375 2004 deinde
1409 1959 1598 2016 legitime,

130 2025 253 2083 quiete
270 2056 292 2074 ,γ
310 2041 359 2067 ac
372 2024 531 2082 pacifice
543 2022 757 2081 possederit
777 2054 789 2071 ,
819 2023 1066 2066 nihilominus
1085 2024 1140 2064 N.
1156 2023 1213 2064 N.
1233 2017 1489 2062 Adversarius
1516 2033 1603 2060 sen-

133 2083 292 2127 tenu'am
319 2083 575 2139 favorabilem
610 2092 741 2123 contra
764 2082 963 2124 Oratorem
997 2097 1109 2139 super
1134 2091 1278 2123 asserta
1310 2077 1606 2135 reintegratione

135 2144 189 2185 ad
201 2144 476 2201 possessionem
498 2142 662 2197 ejusdem
691 2141 828 2181 vineae
846 2169 860 2186 ,
888 2155 938 2182 ac
953 2139 1190 2182 restitutione
1203 2141 1408 2195 fructuum
1439 2151 1517 2178 non
1535 2135 1608 2179 mi-

138 2218 212 2246 nus
228 2203 411 2252 nulliter,
442 2216 558 2260 quam
577 2198 723 2254 injuste
751 2199 799 2239 ab
833 2198 887 2239 A.
909 2198 952 2240 C.
978 2199 1034 2239 N.
1059 2199 1221 2240 extorsit
1238 2229 1250 2247 ,
1272 2213 1314 2258 ft
1345 2196 1489 2238 idcirco
1510 2196 1609 2238 Ordo

140 2271 200 2304 tor
224 2265 276 2307 ad
286 2264 330 2306 S.
356 2265 405 2308 V.
421 2257 658 2322 appellavit3
690 2258 875 2317 dignetur
897 2257 1025 2316 igitur
1055 2258 1098 2298 S.
1122 2256 1172 2302 V.
1190 2258 1356 2300 Causam
1376 2266 1448 2297 etc.

555 2317 798 2361 Commissio
813 2317 815 2319 ’
830 2319 1138 2361 Αῑῐεηῑειῐοωηι
1158 2346 1168 2358 .
1308 2339 1311 2342 -

761 2377 937 2417 Romana
959 2405 979 2415 ,γ

662 2433 890 2478 Beatissime
910 2434 1023 2475 Pater
1041 2463 1052 2474 .

266 2499 436 2541 Devotus
468 2499 512 2540 S.
537 2497 587 2542 V.
609 2496 754 2538 Orator
771 2491 826 2535 N.
846 2492 901 2536 N.
921 2492 1088 2535 obtinuit
1113 2492 1162 2534 ab
1197 2492 1245 2534 R>
1266 2492 1306 2534 P.
1327 2491 1383 2532 N.
1398 2491 1454 2534 N.
1469 2521 1481 2540 ‚
1501 2485 1617 2531 citato

148 2559 196 2602 N
198 2589 202 2596 ·
221 2557 275 2599 N.
291 2557 537 2605 Atlas-ermae,
550 2556 775 2598 mandatum
794 2554 840 2594 de
857 2553 1084 2595 associando
1116 2554 1171 2594 ad
1185 2550 1460 2609 possessionem
1480 2551 1616 2590 domus

150 2619 196 2661 N
199 2620 269 2663 .N·.
286 2622 360 2672 ,de
379 2633 453 2677 qua
468 2614 776 2676 agitur2virtute
794 2611 990 2659 clausulae
1008 2611 1206 2658 constituti
1223 2642 1238 2664 a
1253 2621 1371 2672 prout
1388 2626 1439 2656 ex
1470 2610 1619 2654 instru-

1512 2681 1624 2719 men-3
