1952 3167
368 299 438 335 ³14
754 287 818 321 DE
845 286 954 327 JURE
983 285 1266 322 SIGNATURAE
1290 285 1502 327 JUSTITIAE

368 348 407 372 ro
424 336 604 382 Signaturae
631 334 756 371 Gratiae
771 335 969 381 appellatum
989 360 999 375 ,
1027 335 1057 369 in
1075 347 1144 381 quo
1160 335 1298 370 totidem
1328 335 1454 370 Praelati
1472 335 1632 368 Votantes
1661 333 1845 377 habentur3

368 385 400 420 in
416 388 536 420 horum
552 386 628 420 sane
645 397 786 421 numero
802 387 874 421 Nos
887 385 1011 430 pariter
1024 385 1104 419 olim
1123 407 1132 423 ‚
1159 386 1236 419 dum
1271 385 1302 419 in
1320 384 1506 418 minoribus
1546 394 1692 417 essemus
1706 407 1716 423 ,
1746 384 1848 419 fuisse

365 433 573 480 gloriamur;
613 446 713 480 porro
731 446 897 479 nunquam
922 435 1056 479 utrique
1093 433 1252 467 Votantes
1295 442 1462 476 tamquam
1491 432 1521 465 in
1549 432 1621 464 sive
1646 431 1809 476 Corporis
1836 457 1847 473 ,

365 483 436 518 sive
452 484 638 519 Tribunalis
653 485 799 529 speciem
830 483 1055 520 conveniunt3
1086 492 1121 514 ea
1136 490 1274 525 propter
1302 479 1392 513 nulla
1411 479 1545 522 quidem
1565 479 1623 513 hac
1643 478 1673 512 in
1689 490 1781 524 parte
1795 493 1850 516 ne.

364 531 506 567 cessaria
532 542 581 567 est
613 532 817 577 Apostolicae
843 539 962 564 nostrae
978 528 1200 572 providentiae
1228 528 1310 562 ratio
1329 551 1339 566 ,
1367 527 1424 562 sed
1442 527 1505 561 hoc
1518 526 1700 571 praesertim
1731 530 1846 573 praeci-

366 583 475 625 pimus
491 606 501 622 ‚
529 590 560 617 et
579 583 771 617 mandamus
786 603 796 619 ,
829 577 1156 622 utquotiescumque
1173 585 1237 610 tam
1267 575 1328 620 ipsi
1347 575 1531 621 Signaturae
1561 575 1724 615 Iustitiae,
1749 588 1845 623 quam

367 629 552 675 Signaturae
579 630 707 664 Gratia:
740 629 902 661 Votantes
932 637 991 671 pro
1022 626 1088 660 suis
1129 633 1282 670 respectu
1326 624 1455 670 proprii
1484 623 1675 660 Tribunalis
1704 626 1845 662 seorsim

364 678 555 720 obeundis,
580 675 870 722 adimplendisque
905 675 1098 709 muneribus
1119 674 1263 709 invicem
1296 673 1476 708 convenire
1506 674 1653 714 debent,
1681 673 1768 709 idem
1801 673 1848 708 in·

363 734 414 760 ter
442 727 531 771 ipsos
558 736 630 762 tum
659 726 689 760 in
706 725 850 760 sedendo
868 748 879 764 ,
908 732 978 760 tum
1014 723 1045 758 in
1061 724 1211 763 Votum,
1236 722 1309 757 sive
1337 721 1534 768 suffragium
1563 722 1698 758 ferendo
1726 732 1849 770 praece-

369 775 492 815 dentia:
507 778 593 811 ordo
613 783 792 814 servetur,
819 773 876 819 qui
907 774 946 807 ad
975 773 1057 808 hanc
1076 783 1182 818 usque
1200 772 1290 806 diem
1320 780 1464 806 retentus
1481 795 1492 811 ,
1519 780 1739 818 servatusque
1770 780 1846 807 est.

364 824 538 870 Qoniam
569 834 606 859 ut
633 823 818 870 plurimum
847 822 998 856 accidere
1013 830 1150 866 potest,
1177 830 1213 856 ut
1240 821 1309 855 sive
1340 832 1448 860 unus,
1484 821 1553 854 sive
1569 820 1680 865 plures
1700 833 1742 856 ex
1756 830 1847 856 utro-

367 884 431 917 que
461 873 644 919 Signaturae
672 871 832 909 Iustitiae,
861 880 894 905 et
914 870 1038 905 Gratiae
1054 870 1225 904 Tribunali
1249 867 1410 904 Votan'tes
1440 880 1652 914 quacumque
1673 881 1713 905 ex
1733 882 1842 909 causa,

358 920 431 956 sive
458 921 668 960 Palatino,
694 920 767 954 sive
793 930 1007 964 quocumque
1035 918 1099 953 alio
1114 919 1229 954 habitu
1257 918 1387 959 induti,
1415 916 1696 963 quomodolibet,
1726 927 1759 953 et
1771 919 1845 953 ubi·

359 980 507 1014 cumque
536 969 671 1004 insimul
688 967 825 1013 reperiri
840 967 993 1013 possint;
1021 967 1096 1002 hinc
1115 976 1164 1002 est
1184 991 1194 1008 ,
1220 969 1313 1014 quod
1327 979 1389 1001 nos
1419 975 1510 1001 motu
1538 966 1703 1012 proprio,
1729 979 1767 1003 ac
1798 978 1842 1003 ex

359 1025 452 1052 certa
475 1017 638 1059 scientia,
669 1027 701 1052 et
732 1026 861 1051 matura
891 1015 1132 1052 deliberatione
1161 1016 1307 1056 nostris,
1342 1015 1450 1061 deque
1469 1015 1674 1060 Apostolicae
1698 1025 1844 1062 potesta-

360 1065 401 1100 tis
418 1065 635 1114 plenitudine
652 1065 834 1106 volumus,
862 1075 895 1100 et
924 1067 1149 1106 mandamus,
1172 1074 1209 1101 ut
1235 1065 1266 1100 in
1296 1065 1487 1105 hujusmodi
1507 1074 1677 1100 conventu
1700 1064 1756 1100 ille
1774 1065 1845 1100 Vo-

358 1123 452 1155 tanS,
482 1116 538 1161 qui
568 1116 598 1150 in
629 1127 691 1151 suo
719 1113 892 1150 Tribunali
920 1114 1113 1160 antiquior,
1141 1124 1174 1149 et
1206 1115 1298 1159 prior
1313 1114 1518 1149 constitutus
1534 1113 1659 1155 fuerit,
1683 1115 1748 1150 hoc
1764 1126 1838 1150 mo-

357 1163 402 1198 do
430 1165 620 1207 praecedat,
648 1163 832 1200 videlicet,
865 1172 901 1198 ut
932 1164 1056 1198 Votans
1092 1163 1186 1209 prior
1214 1164 1244 1198 in
1273 1162 1459 1209 Signaturae
1486 1163 1628 1199 Iustitiae
1657 1163 1834 1199 Tribunali

356 1211 506 1247 adlectus
523 1226 621 1259 quan:
640 1213 823 1258 Signaturae
837 1212 962 1248 Gratiae
982 1213 1108 1250 Votans
1125 1212 1155 1247 in
1173 1225 1235 1249 suo
1248 1212 1410 1248 admissus
1436 1212 1538 1247 fuerit
1554 1236 1565 1252 ,
1594 1212 1675 1247 huic
1690 1214 1838 1248 secundo

357 1259 451 1296 dicto
480 1262 666 1308 Signaturae
682 1262 805 1297 Gratiae
822 1261 959 1296 Votanti
985 1263 1150 1307 praecedat
1181 1262 1235 1297 ille
1258 1261 1442 1307 Signaturae
1465 1261 1605 1295 Iustitiae
1620 1262 1768 1302 Votans,
1796 1261 1842 1296 ita

355 1309 482 1352 pariter
500 1311 578 1347 huic
597 1313 782 1357 Signaturae
797 1310 938 1346 Iustitiae
956 1310 1091 1346 Votanti
1119 1312 1307 1356 praecedere
1329 1311 1449 1345 debeat
1477 1310 1534 1344 ille
1550 1309 1735 1355 Signaturae
1753 1310 1839 1345 Gra-

354 1357 410 1392 tiae
427 1359 550 1395 Votans
567 1384 575 1400 ,
591 1361 647 1406 qui
664 1369 838 1406 antequam
864 1359 1048 1405 Signatum
1077 1360 1213 1396 lustitia:
1230 1360 1261 1395 in
1277 1371 1374 1395 suum
1394 1357 1552 1394 Tribunal
1577 1359 1815 1394 admitteretur
1827 1381 1838 1398 ‚

353 1406 471 1445 jamin
499 1409 672 1453 proprium
702 1410 820 1443 itidem
852 1409 1010 1446 Tribunal
1028 1418 1184 1456 receptus
1216 1410 1346 1450 fuerit;
1373 1408 1477 1454 Qod
1493 1408 1518 1442 si
1536 1408 1741 1453 contigerit,
1767 1420 1839 1442 am-

352 1456 415 1490 bos
448 1455 582 1491 alterius
627 1458 818 1502 Signaturaer
842 1458 1005 1491 Votantes
1039 1458 1155 1491 eodem
1190 1459 1244 1492 die
1275 1457 1400 1503 cuique
1433 1455 1606 1490 Tribunali
1638 1456 1838 1491 constitutos

350 1503 455 1538 fuisse
470 1528 479 1543 ‚
512 1513 592 1540 tunc
612 1504 832 1550 praecedentia
850 1503 1014 1539 illidetur
1028 1528 1038 1544 ‚
1070 1504 1127 1550 qui
1158 1505 1187 1540 in
1205 1505 1384 1541 Praelatura
1400 1516 1613 1549 quacumque
1640 1505 1812 1549 antiquior
1826 1528 1838 1544 ,

352 1560 386 1585 et
414 1552 511 1597 prior
538 1553 728 1598 reperitur3
759 1553 1092 1598 traditam,itaque,
1122 1563 1349 1598 statutamque
1384 1551 1534 1595 regulam
1573 1551 1605 1585 in
1634 1551 1839 1596 praemissis,

352 1601 538 1638 dummodo
570 1600 678 1638 nullus
709 1599 793 1636 alius
818 1601 1049 1646 praecedentiae
1071 1602 1191 1637 titulus
1206 1601 1414 1638 intercedat,
1444 1598 1581 1635 omnino
1614 1602 1807 1636 servandam
1826 1625 1837 1640 ‚

351 1649 678 1697 custodiendamque
697 1661 768 1686 esse
798 1649 979 1691 volumus,
1010 1658 1042 1684 et
1075 1651 1438 1691 mandamus39verum
1465 1661 1543 1684 cum
1571 1649 1690 1696 aliquis
1708 1651 1834 1686 Votans

351 1697 489 1734 alterius
526 1699 716 1735 Tribunalis
758 1699 951 1740 hujusmodi
985 1699 1058 1735 sive
1085 1699 1276 1746 Episcopali
1303 1701 1494 1734 charactere
1525 1698 1703 1745 insignitus
1724 1723 1734 1739 ‚
1761 1699 1834 1734 sive

350 1747 583 1784 Protonotarii
600 1748 788 1794 Apostolici
806 1749 969 1795 dignitate
996 1756 1135 1783 ornatus
1149 1772 1159 1788 ,
1185 1748 1256 1786 sive
1283 1759 1501 1795 quocumque
1516 1745 1582 1783 alio
1597 1748 1747 1787 ejusdem
1766 1749 1836 1783 Ro-

349 1798 586 1837 manaeCuriae
601 1810 738 1833 munere
753 1822 762 1838 ,
793 1798 846 1833 vel
872 1797 987 1832 officio
1016 1799 1191 1835 decoratus
1212 1797 1425 1843 reperiatur,
1455 1796 1666 1842 praecipimus
1685 1797 1835 1842 insuper,

351 1855 382 1880 et
399 1847 591 1882 mandamus
608 1872 626 1888 ,.
648 1856 684 1883 ut
710 1846 799 1883 nulla
818 1846 930 1882 habita
960 1847 1144 1892 Signaturae
1175 1846 1338 1886 Iustitiae,
1367 1855 1424 1881 aut
1453 1846 1576 1881 Gratiae
1603 1846 1762 1881 Votantis
1789 1857 1837 1881 ra-

347 1894 463 1936 tione,
491 1897 550 1931 sed
576 1909 613 1932 ea
638 1896 812 1932 dumtaxat
844 1895 1065 1940 praecedentia
1091 1895 1190 1931 illaesa
1219 1906 1388 1931 remaneat
1410 1919 1421 1936 ‚
1448 1906 1521 1941 quae
1543 1896 1696 1931 Votantis
1726 1906 1838 1941 respe-

347 1952 428 1984 ctu,
461 1944 531 1980 sive
550 1946 749 1981 characteris
777 1943 984 1990 Episcopalis
1003 1967 1014 1984 ,
1041 1944 1113 1980 sive
1151 1945 1324 1992 dignitatis
1353 1944 1583 1980 Protonotarii
1617 1943 1832 1992 Apostolici,

345 1991 417 2027 sive
450 1994 596 2033 cujusvis
614 1994 750 2030 alterius
769 1993 915 2029 muneris
939 1994 1198 2039 praecedentiam
1217 1994 1324 2030 bacin
1351 2006 1387 2030 re
1417 1994 1616 2041 requirentis
1640 1991 1829 2038 competit,

343 2050 376 2075 et
392 2042 536 2078 debetur
554 2056 573 2084 3,
591 2043 736 2090 denique
768 2043 944 2079 statuimus
960 2068 970 2085 ‚
997 2052 1030 2078 et
1059 2044 1270 2081 decernimus
1285 2068 1297 2085 ,
1325 2044 1522 2086 hujusmodi
1547 2041 1799 2089 praecedentiam
1817 2063 1828 2079 ,

343 2100 418 2125 curn
453 2092 564 2136 quivis
582 2094 710 2128 Votans
735 2093 765 2128 in
798 2101 945 2139 utroque
966 2092 1151 2138 Signaturae
1167 2094 1337 2134 Iustitiae‚
1365 2093 1536 2127 etGratiae
1567 2087 1741 2125 Tribunali
1772 2088 1828 2122 ad-

341 2139 487 2181 scriptus
523 2141 653 2180 fuerit,
682 2154 706 2178 a,
727 2141 886 2186 primaeva
917 2140 1021 2184 ipsius
1047 2142 1202 2174 Votantis
1229 2142 1260 2173 in
1287 2141 1396 2173 altero
1429 2139 1608 2183 utriusque
1641 2139 1824 2183 Signaturae

340 2185 513 2220 Tribunali
528 2188 724 2231 receptione
739 2212 758 2227 „
776 2187 1038 2221 etffadmissione
1052 2210 1062 2226 ,
1098 2195 1131 2221 et
1146 2198 1210 2221 non
1225 2186 1324 2222 aliter
1351 2198 1421 2222 esse
1446 2188 1687 2230 repetendam,
1722 2194 1754 2221 et
1772 2186 1827 2220 de·

339 2234 514 2271 finiendam
530 2260 547 2276 ,.
570 2235 786 2269 decernentes
815 2235 901 2279 ipsas
916 2242 1095 2278 praesentes
1124 2234 1250 2269 litteras
1277 2246 1410 2279 semper
1435 2235 1547 2270 firmas
1563 2259 1574 2276 ‚
1602 2235 1729 2271 validas
1750 2259 1761 2274 ,
1794 2242 1829 2270 et

340 2283 488 2317 efficaces
508 2284 654 2319 existere
669 2306 679 2322 ,
710 2291 742 2317 et
767 2283 838 2316 fore
855 2305 866 2320 ,
892 2293 1036 2327 suosque
1053 2282 1220 2327 plenarios
1238 2306 1249 2322 ‚
1275 2291 1309 2317 et
1330 2282 1481 2330 integros
1497 2284 1633 2320 effectus
1649 2283 1778 2324 sortiri,
1793 2291 1828 2319 et

338 2330 489 2366 obtinere
507 2356 518 2372 ‚
546 2343 582 2366 ac
611 2330 703 2372 illis,
730 2331 771 2365 ad
800 2341 892 2376 quos.
914 2338 1077 2376 spectat,
1107 2341 1140 2367 et
1166 2343 1229 2377 pro
1263 2339 1417 2380 tempore
1440 2335 1727 2379 quandocumque
1752 2345 1826 2378 spe-

337 2380 440 2415 ctabit
456 2404 466 2419 ,
500 2379 695 2424 plenissime
712 2378 912 2427 suffragari,
942 2388 975 2415 et
1001 2381 1041 2415 ab
1062 2380 1108 2415 eis
1135 2381 1329 2427 respective·
1351 2381 1592 2417 inviolabiliter
1620 2382 1822 2423 observari3

335 2430 448 2474 sicque
483 2429 512 2464 in
542 2430 720 2475 praemissis
749 2441 808 2474 per
834 2441 1072 2475 quoscumque
1101 2430 1237 2466 Iudices
1254 2455 1266 2471 ‚
1293 2431 1520 2471 Ordinarios,
1551 2441 1584 2467 et
1611 2431 1820 2477 Delegatos,

333 2477 431 2511 etiam
455 2490 629 2514 causarum
646 2478 765 2514 Palatii
783 2478 975 2524 Apostolici
997 2478 1182 2515 Auditores
1210 2479 1350 2520 judicari
1365 2503 1376 2519 ,
1401 2489 1435 2516 et
1459 2480 1593 2517 definiri
1604 2482 1755 2521 debere,
1784 2489 1821 2513 ac

329 2524 462 2561 irritum
478 2551 487 2567 ,
502 2537 534 2562 et
555 2529 648 2563 inane
665 2553 676 2570 ,
692 2529 719 2564 si
735 2540 831 2564 secus
858 2539 962 2575 super
988 2528 1040 2564 his
1067 2541 1086 2565 a
1114 2540 1286 2577 quoquam
1309 2530 1428 2577 quavis
1443 2530 1642 2568 auctoritate
1656 2530 1822 2610 scienter,l

1762 2587 1808 2611 -νε
