1952 3167
315 295 380 323 110
676 285 738 319 DE
765 284 875 326 JURE
904 283 1184 320 SIGNATURAE
1209 285 1422 327 JUSTITIAE

309 336 466 370 interesse
486 334 606 369 habere
621 335 749 379 possint
768 359 779 374 ,
811 343 880 368 tum
909 335 1008 368 etiam
1042 345 1101 379 pro
1133 334 1206 369 aliis
1235 334 1455 369 ulterioribus
1485 334 1705 374 Substitutis,
1732 341 1789 369 aut

308 384 465 419 interesse
495 383 691 418 habentibus
709 408 719 423 ,
756 383 812 429 qui
831 383 978 422 fuerint,
1006 392 1040 418 ut
1058 395 1158 428 supra
1184 397 1201 418 a
1234 384 1327 418 Statu
1348 383 1579 418 Ecclesiastico
1608 386 1783 418 absentes:

306 433 344 468 In
362 433 566 468 Curatorem
584 434 673 467 vero
698 432 892 471 hujusmodi
913 432 1015 475 deput
1023 433 1068 466 tri
1084 433 1224 466 omnino
1240 431 1399 466 volumus
1416 444 1480 466 non
1496 432 1641 485 aliquem
1657 434 1696 467 de
1714 432 1786 467 vul-

308 493 376 528 go,
402 492 434 516 et
453 482 522 516 sine
537 482 608 517 ullo
634 492 770 525 prorsus
803 479 933 515 delectu
950 503 960 519 ‚
997 488 1034 513 ut
1059 482 1218 513 hactenus
1243 479 1314 512 fieri
1344 479 1518 513 consuevit
1537 503 1546 518 ‚
1578 479 1732 519 Petenti,
1757 487 1794 516 ut

307 529 502 574 plurimum
511 530 709 566 addictum:
738 530 795 564 sed
814 540 914 563 unum
946 540 988 561 ex
1016 527 1136 572 viginti
1162 535 1306 572 quatuor
1332 526 1612 562 procuratoribus
1637 529 1679 562 de
1707 529 1791 564 Col-

304 578 408 625 legio,
425 592 525 624 quem
552 583 750 623 deputatum
769 589 829 620 pro
846 587 901 610 sua
917 576 1121 610 conscientia
1147 574 1315 610 censuerit
1349 574 1452 622 magis
1470 576 1626 611 idoneum
1652 601 1661 616 ,
1692 589 1728 611 ac
1744 576 1793 611 di-

306 627 491 673 ligentem:
516 628 708 682 Nullusque
736 626 841 660 Iudex
870 626 907 658 ad
927 623 1065 668 petitam
1095 624 1296 659 deletionem
1313 647 1322 664 ‚
1349 637 1406 660 seu
1426 625 1644 660 cassationem
1678 637 1797 672 proce-

306 677 386 711 dere
413 678 542 722 possit,
571 675 631 710 nisi
651 675 741 722 prius
771 674 939 708 Curatore
965 673 1131 711 eiusmodi
1149 672 1391 719 personaliter,
1419 685 1451 709 et
1465 672 1641 720 legitime
1635 687 1665 709 in
1682 675 1795 721 singu·

306 724 344 759 lis
372 725 503 760 actibus
519 726 645 760 citato.

395 774 509 809 ⁴Sicuti
537 783 646 809 autem
676 773 716 807 ad
754 772 841 806 hunc
871 771 1052 814 pertinebit
1081 783 1142 815 pro
1173 771 1288 806 debito
1319 771 1466 817 suscepti
1508 772 1637 810 Offici.
1665 774 1788 808 nedum

303 834 524 868 comparere,
560 831 592 857 et
621 832 791 866 opponere
816 820 981 866 quidquid
1010 823 1049 855 de
1079 821 1151 859 iure
1185 821 1427 865 opponendum
1466 820 1528 854 erit
1555 845 1566 860 ,
1597 822 1656 855 sed
1685 833 1788 857 ettam

304 871 472 916 appellare
487 896 497 912 ,
530 880 562 905 et
579 870 837 915 appellationem
858 870 1003 904 viriliter
1021 870 1178 915 prosequi
1197 882 1302 915 usque
1317 872 1356 904 ad
1378 869 1564 905 secundum
1597 870 1786 908 judicatum

304 920 493 959 inclusive,
520 920 548 954 si
565 922 661 959 juxta
687 918 925 953 conscientiam
951 931 1043 953 suam
1070 919 1230 959 duxerit,
1262 931 1318 953 eos
1335 942 1343 958 ,
1376 930 1437 963 pro
1465 918 1590 963 quibus
1606 920 1785 963 deputatus

300 968 393 1008 fuit,
418 980 434 1002 a
460 967 577 1002 Iudice
607 967 722 1011 primae
751 966 915 1002 Instantiae
932 966 1034 1001 fuisse
1052 977 1232 1013 gravatos:
1263 968 1310 1001 lta
1338 977 1582 1013 consequenter
1603 992 1613 1007 ‚
1641 980 1681 1002 ne
1696 967 1785 1002 idem

302 1018 456 1051 Curator
481 1015 591 1050 debita
620 1018 773 1051 mercede
807 1017 975 1051 fraudatus
1003 1025 1196 1056 remaneat,
1229 1016 1415 1056 volumus,
1442 1025 1476 1051 et
1504 1019 1718 1056 mandamus,
1748 1025 1785 1052 ut

301 1064 364 1109 ipsi
391 1066 432 1100 de
464 1065 646 1105 omnibus,
677 1074 710 1099 et
739 1064 878 1112 singulis
908 1074 974 1099 tarn
1011 1065 1267 1105 functionibus,
1294 1077 1394 1111 quam
1432 1065 1586 1111 expensis
1620 1077 1680 1110 per
1704 1077 1782 1101 eum

297 1114 415 1153 factis,
447 1125 623 1160 postquam
654 1123 771 1150 taxatae
797 1114 922 1149 fuerint
939 1116 978 1149 ab
992 1116 1113 1149 eodem
1139 1115 1263 1170 Capite
1281 1113 1469 1149 Triounalis
1489 1139 1499 1155 ,
1526 1114 1782 1160 quamprimum

299 1171 332 1196 et
362 1163 491 1208 integre
521 1163 656 1198 satisfiat
683 1176 758 1198 cum
791 1163 956 1198 fructibus
981 1163 1116 1198 illorum
1150 1163 1300 1207 ipsorum
1318 1164 1486 1199 Locorum
1524 1165 1721 1203 Montium,
1748 1171 1781 1198 et

297 1211 508 1247 Vacabilium
527 1237 537 1253 ,
565 1224 628 1258 pro
655 1213 776 1257 quibus
801 1211 933 1247 tuendis
964 1211 1091 1247 labores
1119 1225 1197 1247 suos
1221 1212 1450 1257 impenderit,
1484 1225 1560 1247 cum
1595 1212 1780 1258 privilegio

294 1261 525 1305 potioritatis,
557 1270 588 1295 et
625 1261 823 1306 praelationis
853 1262 883 1295 in
915 1272 1083 1296 concursu
1109 1260 1256 1296 aliorum
1285 1273 1583 1307 quorumcumque
1614 1260 1778 1295 Credito-

294 1320 369 1343 rum
390 1334 400 1349 ‚
428 1310 527 1345 etiam
551 1310 635 1344 Fisci
656 1334 666 1349 ,
686 1319 730 1345 -et
750 1311 873 1345 Dotis:
904 1311 942 1345 Et
970 1320 1134 1357 quatenus
1150 1322 1266 1357 agatur
1283 1313 1323 1345 de
1343 1310 1496 1355 pecuniis
1518 1309 1685 1356 depositis
1700 1322 1779 1345 curn

293 1357 403 1402 aliquo
435 1371 475 1394 ex
501 1358 667 1404 praedictis
684 1359 824 1395 vinculis
841 1383 850 1398 ‚
882 1371 956 1405 quae
981 1359 1098 1396 nullos
1105 1361 1238 1404 pariunt
1254 1361 1403 1394 fructus·
1436 1359 1606 1394 Volumus
1622 1383 1632 1398 ,
1661 1367 1700 1393 ut
1716 1370 1778 1402 pro

293 1405 462 1441 solutione
492 1409 654 1442 dictarum
687 1408 897 1443 functionum
930 1419 962 1443 et
989 1420 1232 1454 expensarum,
1260 1410 1316 1443 fiat
1349 1408 1531 1452 exequutio
1555 1420 1654 1442 manu
1685 1405 1777 1452 regia

293 1464 410 1490 contra
447 1468 549 1495 eum,
573 1455 627 1489 vel
658 1468 739 1494 eos,
768 1458 824 1500 qui
844 1468 913 1500 pro
929 1457 1097 1490 deletione
1117 1457 1331 1491 vinculorum
1360 1455 1574 1495 insteterint‚
1600 1454 1780 1500 expedien-

291 1503 333 1537 da
362 1505 402 1537 ab
429 1505 549 1538 eodem
579 1503 703 1548 Capite
732 1503 921 1539 Tribunalis
940 1528 949 1543 ‚
980 1504 1104 1550 absque
1138 1516 1178 1539 eo
1194 1507 1286 1550 quod
1317 1502 1499 1549 appellatio
1527 1503 1616 1544 ulla,
1650 1511 1707 1537 aut
1725 1513 1777 1537 re·

291 1563 407 1586 cursus
440 1563 501 1594 pro
519 1551 575 1585 illa
599 1553 793 1585 retardanda
823 1552 910 1585 adm
916 1552 956 1585 tti
985 1552 1095 1597 possit
1117 1577 1126 1587 .

390 1599 557 1634 Praeterea
575 1622 585 1638 ‚
610 1607 647 1632 ut
675 1599 706 1632 in
727 1598 955 1643 exequutione
983 1600 1216 1644 praedictarum
1253 1599 1466 1634 Citationum
1494 1598 1603 1633 nullus
1619 1598 1775 1634 collusio-

284 1647 325 1682 >ni
355 1648 448 1683 locus
470 1646 685 1692 ¹relinquatur
705 1671 714 1687 ,
735 1659 839 1692 neque
866 1647 1010 1692 amplius
1038 1649 1100 1682 sub
1117 1647 1187 1682 sola
1202 1648 1265 1682 fide
1280 1673 1290 1688 ‚
1307 1656 1338 1682 et
1355 1648 1541 1683 assertione
1567 1648 1654 1684 illius
1673 1672 1684 1688 ,
1712 1659 1770 1693 qut

292 1708 354 1742 pro
382 1695 552 1731 deletione
578 1694 791 1731 vinculorum
814 1695 943 1736 instat,
969 1696 1094 1730 citetur
1123 1695 1245 1743 aliquis
1269 1697 1495 1742 praecedenter
1522 1698 1562 1733 ab
1583 1709 1624 1732 eo
1654 1697 1775 1732 subor-

289 1754 385 1780 natus
402 1769 412 1785 ,
441 1745 517 1780 loco
537 1745 661 1784 iliius,
681 1744 747 1791 squi
765 1745 853 1780 'vere
884 1744 1037 1780 citandus
1066 1754 1178 1780 esset:
1209 1744 1241 1780 Si
1270 1747 1426 1786 Cursor,
1457 1754 1514 1781 aut
1541 1745 1772 1801 Mandatariuns

288 1795 374 1829 bene
402 1793 603 1840 cognoverit
629 1794 836 1834 Personam,
863 1805 937 1839 quae
970 1802 1112 1839 propter
1136 1806 1234 1830 suum
1270 1794 1431 1830 interesse
1450 1819 1460 1835 ,
1488 1804 1528 1830 ut
1558 1807 1684 1840 supra,
1726 1793 1774 1829 ci<

287 1844 387 1877 tanda
413 1853 484 1885 est3
517 1843 687 1878 Volumus
719 1855 795 1878 eum
830 1845 862 1877 in
892 1843 1056 1878 relatione
1083 1843 1321 1889 exequutionis
1350 1846 1590 1890 exprimere:
1617 1844 1774 1891 Reciper-

286 1892 442 1926 sonaliter
471 1900 583 1928 contra
613 1892 927 1937 N.'1x(.mzh1bene
952 1893 1172 1939 cognitum:
1200 1893 1233 1927 Si
1261 1892 1349 1927 vero
1380 1894 1405 1928 is
1423 1918 1433 1932 ,
1461 1893 1518 1940 qui
1539 1892 1634 1928 citari
1655 1895 1770 1933 debet,

287 1940 456 1980 Cursori,
486 1949 542 1976 aut
572 1941 782 1976 Mandatario
812 1944 895 1979 bene
923 1942 1079 1988 cognitus
1109 1953 1176 1976 non
1202 1941 1294 1977 erit.
1322 1950 1400 1977 tunc
1428 1942 1614 1982 volumus,
1643 1941 1675 1978 in
1692 1953 1771 1977 exe-

289 1989 452 2033 quutione
486 1989 670 2025 Citationis
698 1990 836 2026 omnino
866 1990 1017 2026 adhiberi
1044 2003 1145 2026 unum
1182 1992 1298 2027 saltem
1328 1992 1462 2027 Testem
1495 1992 1536 2026 de
1552 1990 1676 2027 vicinia
1690 2001 1768 2036 pro·

285 2038 390 2078 bum,
418 2047 518 2084 atque
547 2041 726 2075 honestum
747 2064 757 2080 ,
784 2039 954 2081 Cursori,
984 2049 1017 2075 et
1045 2041 1253 2076 Mandatario
1292 2040 1494 2097 cognitum,
1522 2040 1648 2087 quique
1681 2037 1764 2073 bene

284 2096 465 2140 cognoscat
495 2089 676 2123 Personam
708 2091 804 2130 ejus,
847 2090 904 2136 qui
935 2090 1089 2124 citandus
1116 2098 1166 2124 est
1184 2114 1193 2128 ,
1226 2099 1260 2124 et
1289 2090 1410 2124 deinde
1439 2091 1469 2123 in
1497 2089 1659 2122 relatione
1687 2096 1764 2121 exe-

288 2135 459 2178 quutionis
483 2137 689 2181 exprimi:
718 2139 791 2172 Feci
819 2138 1038 2184 personaliter
1066 2145 1179 2170 contra
1205 2137 1251 2170 N.
1270 2138 1326 2178 N.
1353 2137 1586 2180 cogm'tum'N.
1602 2137 1657 2179 N.
1679 2135 1764 2168 Testi

229 2206 237 2217 .
287 2183 325 2216 de
352 2184 479 2217 vicinia
505 2186 656 2229 praesenti
686 2192 829 2228 rogato,
857 2192 887 2217 et
915 2185 999 2217 mihi
1020 2183 1099 2216 bene
1131 2185 1290 2228 cognito.
1320 2183 1428 2218 Iudex
1459 2193 1571 2218 autern
1604 2194 1670 2217 non
1695 2194 1764 2217 mo-

287 2232 332 2265 do
359 2230 539 2265 abstinebit
565 2243 583 2265 a
610 2230 804 2271 deletione,
833 2240 864 2266 et
890 2230 1075 2265 cassatione
1101 2231 1343 2271 vinculorum,
1366 2232 1427 2265 nisi
1443 2232 1536 2277 prius
1558 2231 1698 2276 ipsemet
1712 2230 1759 2265 vi

288 2279 377 2314 derit
408 2280 582 2323 proedictas
613 2279 800 2313 Citationes
830 2278 1069 2332 personaliter,
1098 2287 1131 2312 et
1151 2278 1206 2314 Ιει-ἲ
1186 2278 1329 2325 itime,
1357 2282 1496 2320 etjuxta
1520 2281 1660 2327 formam
1685 2291 1762 2325 pro-

285 2327 377 2362 xime
408 2327 560 2362 traditam
591 2336 800 2373 exequutas3
831 2328 892 2361 Sed
924 2327 1058 2372 insuper
1086 2327 1127 2361 de
1157 2329 1218 2362 hac
1241 2340 1298 2363 sua
1315 2340 1427 2364 visura
1443 2340 1631 2375 incorpore
1659 2328 1762 2373 ipsius

282 2376 432 2410 Mandati
461 2377 562 2411 fidem
595 2376 722 2412 faciet.
751 2375 842 2411 Alias
873 2377 1097 2418 Mandatum,
1119 2378 1215 2422 quod
1243 2379 1282 2413 ab
1298 2389 1339 2413 eo
1354 2377 1584 2418 relaxabitur,
1614 2378 1656 2413 sit
1684 2379 1757 2423 ipso

280 2426 353 2465 jure
372 2425 500 2460 nullum
518 2449 529 2466 ,
561 2434 660 2471 atque
677 2425 831 2465 irritum,
862 2424 946 2460 itaut
974 2437 1080 2471 neque
1103 2438 1120 2460 a
1138 2426 1362 2462 Thesaurario
1390 2427 1574 2468 Generali,
1596 2440 1702 2474 neque
1717 2428 1758 2462 ab

282 2473 518 2515 officialibus,
546 2484 601 2510 aut
627 2475 856 2521 Depositariis
881 2474 987 2521 paule>
1011 2486 1114 2521 supra
1139 2476 1332 2512 memoratis
1348 2485 1371 2516 ,·
1394 2475 1463 2512 ullo
1487 2486 1586 2523 pacto
1614 2488 1762 2535 exequu-

281 2522 363 2559 tioni
390 2524 537 2561 mandari
562 2525 699 2560 debeat.
1688 2571 1720 2606 C

1722 2583 1752 2606 a.
