1952 3167
328 319 397 346 112
699 305 758 340 DE
785 303 896 346 JURE
924 302 1202 340 SIGNATURAE
1228 301 1442 345 JUSTITIAE

332 370 405 394 mus
435 361 473 392 ut
488 366 548 400 pro
565 354 745 389 necessaria
772 353 908 389 Decreti
939 352 1193 398 interpositione
1220 354 1259 387 ad
1278 352 1486 397 Episcopum
1501 375 1511 392 ‚
1541 351 1594 386 vel
1612 351 1714 387 alium
1732 353 1820 392 eius·

333 409 408 442 dem
437 404 518 440 Loci
536 429 546 445 ‚
573 416 629 438 seu
644 402 772 448 Oppidi
800 401 1022 437 Ordinarium
1070 401 1337 437 Ecclesiasticum
1355 425 1365 440 ,
1396 401 1464 435 sive
1482 402 1520 435 ad
1537 399 1625 434 illius
1643 401 1819 436 Vicarium

335 456 533 490 Generalem
549 461 742 488 recurratur
768 476 778 491 ‚
823 451 954 486 etiamsi
981 460 1097 495 agatur
1127 451 1168 483 de
1194 450 1293 484 Bonis
1323 447 1518 488 laicalibus,
1548 456 1580 482 et
1609 447 1694 482 inter
1725 449 1817 484 mere

335 505 436 540 laicos
453 527 462 536 .

436 552 473 586 In
490 551 578 585 Urbe
602 551 684 585 vero
713 548 862 583 nonnulli
895 547 1032 592 posthac
1072 545 1169 579 liceat
1194 556 1408 590 quacumque
1435 544 1661 584 auctoritate,
1702 553 1736 579 et
1748 546 1819 591 qui-

338 604 550 645 buscumque
572 597 760 643 Privilegiis
781 621 791 636 ,
821 605 852 630 et
872 593 1013 629 indultis
1029 594 1127 628 ctiam
1143 592 1279 628 Nostris
1297 618 1307 634 ‚
1323 603 1355 628 et
1373 594 1600 628 Romanorum
1613 594 1821 631 ,Pontificum

339 651 628 685 Praedecessorum
657 646 859 679 Nostrorum
877 645 938 678 sub
955 653 1170 688 quacumque
1195 643 1301 677 forma
1317 643 1480 678 concessis
1496 641 1632 676 suffulto
1653 666 1663 682 ,
1692 643 1822 677 Decre-

339 708 374 733 ta
399 697 595 733 voluntariae
619 692 870 735 jurisdictionis
886 692 916 726 in
935 691 1176 726 Contractibus
1194 692 1412 735 impuberum
1429 716 1438 731 ,
1468 690 1640 726 Minorum
1656 715 1666 732 ,
1697 701 1731 725 et
1747 692 1822 726 Mu-

341 748 460 782 lierum
488 747 724 789 interponere,
751 751 969 787 praeterquam
991 740 1164 776 Iudicibus
1186 740 1375 775 Ordinariis
1393 748 1537 786 quatuor
1562 742 1736 775 dumtaxat
1755 741 1825 774 Ma-

340 792 726 837 iort1mTribunalium3
755 791 942 826 dummodo
973 799 1082 825 tamen
1110 790 1254 823 Decreta
1294 789 1458 829 ejusmodi
1489 800 1547 834 per
1569 790 1694 833 seipsos
1727 789 1826 824 inter-

343 853 494 890 ponant3
521 840 682 877 videlicet
710 840 882 875 Cardinali
898 851 960 884 pro
974 848 1125 882 tempore
1147 838 1244 872 Urbis
1267 839 1402 873 Vicario
1418 862 1428 878 ‚
1455 839 1595 883 ejusque
1610 838 1827 884 Vicesgeren-

345 894 369 928 ti
389 917 399 933 ‚
427 902 458 927 et
473 888 728 926 Locumtenenti
746 889 778 922 in
799 888 998 922 Civilibus:
1029 887 1252 922 Gubernatori
1284 888 1440 922 similiter
1467 886 1566 921 Urbis
1582 911 1592 925 ‚
1623 889 1744 926 eteius
1762 888 1824 921 Lo·

345 940 550 977 cumtenenti
580 939 610 970 in
630 935 827 972 Civilibus:
859 936 1017 970 Auditori
1033 936 1189 970 Generali
1206 936 1394 971 Causarum
1416 937 1571 970 Camerae
1585 936 1719 970 Nostrae
1734 937 1828 981 Apo-

347 989 473 1024 stolicae
493 1011 502 1026 ,
531 995 562 1020 et
578 986 712 1019 duobus
739 987 886 1024 eiusdem
904 986 1224 1020 Locumtenentibus
1251 985 1280 1019 in
1298 985 1498 1020 Civilibus:
1539 997 1576 1019 ac
1596 983 1741 1030 denique
1770 985 1827 1018 Se·

347 1038 454 1074 natori
475 1035 574 1070 Urbis
589 1059 599 1074 ‚
626 1045 663 1069 ac
680 1036 812 1068 duobus
830 1034 900 1072 eius
921 1033 1207 1069 Collateralibus:
1239 1034 1321 1079 Quo
1339 1035 1423 1069 vero
1441 1036 1480 1068 ad
1497 1035 1688 1079 pauperum
1706 1035 1828 1068 Advo-

347 1082 528 1123 catum'ex
548 1082 706 1129 Collegio
749 1085 1003 1118 Advocatorum
1039 1082 1337 1118 Consistorialium
1369 1082 1490 1118 assumi
1522 1082 1687 1123 solitum,
1724 1083 1830 1118 volu-

347 1148 421 1173 mus
441 1160 451 1175 ‚
486 1143 526 1168 vet
547 1132 655 1178 ipsum
686 1144 822 1177 quoque
843 1132 988 1166 Decreta
1018 1132 1207 1171 ejusmodi,
1239 1131 1339 1167 sicuti
1371 1135 1533 1167 hactenus
1561 1131 1733 1167 observari
1751 1144 1830 1167 con-

345 1184 458 1221 suevit
473 1208 482 1224 ,
512 1183 723 1229 interponere
755 1193 876 1227 posse,
907 1181 963 1216 sed
980 1193 1088 1216 tamen
1110 1192 1171 1225 pro
1190 1182 1271 1215 solis
1300 1181 1507 1225 Pauperibus
1524 1206 1534 1221 ‚
1567 1190 1600 1215 et
1620 1180 1725 1216 Domi
1760 1191 1827 1216 suae

347 1244 488 1273 tantum,
506 1231 559 1267 vel
579 1232 608 1266 in
628 1232 814 1266 carceribus
830 1255 839 1271 ,
869 1230 893 1264 si
912 1230 993 1264 inibi
1022 1239 1231 1265 contractum
1248 1229 1405 1264 celebrari
1436 1230 1606 1276 contingat
1625 1255 1635 1271 ‚
1665 1239 1699 1264 et
1715 1230 1829 1264 omni-

347 1295 390 1319 no
420 1281 542 1328 gratis‚
572 1281 656 1316 itaut
681 1292 740 1315 nec
754 1281 852 1314 etiam
883 1280 1035 1324 asponte
1074 1279 1230 1314 dantibus
1260 1277 1384 1323 aliquid
1412 1281 1575 1324 exigere,
1603 1287 1660 1313 aut
1676 1279 1829 1323 recipere.

338 1333 452 1378 *possit
472 1355 481 1365 .
510 1331 581 1365 Nos
598 1331 687 1365 enirn
705 1341 766 1375 pro
782 1328 902 1364 effectu
930 1329 1181 1373 praemissorum
1210 1339 1441 1373 quascumque
1468 1327 1702 1363 concessiones
1733 1328 1831 1362 favo-

346 1392 381 1416 re
398 1380 539 1414 aliorum
574 1381 698 1419 factas,
729 1387 760 1413 et
775 1390 998 1424 quaecumque
1042 1377 1198 1418 Indulta,
1225 1376 1455 1422 etPrivilegia
1486 1377 1582 1411 etiam
1616 1378 1764 1415 Nostra,
1796 1383 1829 1410 et

340 1430 553 1464 *Nostrorum
583 1430 867 1462 Praedecessorum
886 1453 895 1467 ‚
925 1426 1055 1463 etiamsi
1083 1426 1250 1470 speciali,
1279 1434 1312 1459 et
1331 1425 1506 1459 individua
1539 1426 1710 1459 mentione
1743 1423 1830 1457 indi-

344 1486 466 1524 gerent
483 1501 492 1516 ‚
525 1484 685 1520 totusque
712 1487 828 1509 eorum
856 1484 952 1509 tenor
981 1486 1040 1518 pro
1056 1474 1228 1508 sufficienti
1260 1473 1480 1518 derogatione
1505 1473 1724 1516 praesentibus
1740 1471 1830 1507 inse-

343 1528 468 1560 ⁴rendus
496 1534 580 1559 esset
595 1549 606 1564 ,
636 1536 832 1558 revocamus
852 1548 861 1562 ,
892 1535 923 1558 et
943 1523 1148 1558 annullamus
1166 1547 1176 1560 ‚
1207 1535 1242 1558 ac
1258 1533 1320 1568 pro
1336 1520 1433 1556 nullis
1451 1544 1461 1560 ,
1489 1531 1521 1555 et
1537 1521 1639 1554 irritis
1656 1544 1666 1559 ‚
1696 1529 1730 1555 et
1746 1531 1830 1555 nun-

349 1585 448 1620 quam
465 1573 630 1606 concessis
647 1572 756 1606 haberi
776 1572 945 1609 volumus,
971 1580 1002 1605 et
1019 1575 1212 1607 mandamus
1227 1597 1236 1606 .

350 1623 353 1626 '
436 1622 489 1655 >Ut
502 1629 615 1656 autem
642 1619 863 1655 tami-11²Urbe
882 1645 891 1659 ,
917 1632 1015 1665 quam
1035 1620 1065 1653 in
1084 1621 1216 1664 reliquo
1235 1621 1328 1653 Statu
1360 1617 1598 1653 Ecclesiastico
1619 1642 1629 1658 ‚
1660 1618 1720 1654 ubi
1739 1630 1830 1654 nem-

340 1684 415 1718 pe,
456 1678 577 1715 praeter
591 1669 669 1710 alias
683 1668 909 1703 solemnitates
926 1693 936 1707 ,
963 1670 1049 1707 iusta
1065 1680 1199 1713 quoque
1227 1679 1323 1702 causa
1341 1678 1417 1705 cum
1435 1667 1586 1702 Decreto
1605 1667 1732 1702 Iudicis
1768 1678 1830 1713 pro

349 1730 440 1756 actus
458 1718 630 1754 validitate
655 1716 863 1763 requiritur,
894 1718 1040 1751 Decreta
1060 1717 1223 1756 ejusmodi
1259 1729 1322 1750 non
1354 1715 1571 1756 inconsulto,
1611 1728 1717 1763 neque
1746 1715 1833 1751 osci-

349 1777 458 1804 tanter
485 1768 741 1814 interponantur
754 1791 764 1806 ,
796 1765 973 1801 statuimus
989 1790 999 1805 ,
1028 1774 1059 1799 et
1079 1768 1271 1801 mandamus
1286 1790 1296 1806 ‚
1315 1775 1350 1799 ut
1365 1765 1500 1800 Iudices
1518 1765 1669 1811 praedicti
1692 1776 1757 1801 tarn
1773 1766 1835 1800 Ec-

339 1816 527 1857 'lesiastici,
554 1818 652 1862 quam
685 1817 858 1850 Seculares
875 1840 884 1855 ‚
914 1815 1034 1861 quibus
1052 1838 1061 1854 ‚
1089 1823 1125 1850 ut
1137 1827 1236 1860 supra
1254 1839 1264 1855 ,
1297 1814 1367 1849 sive
1400 1815 1430 1847 in
1448 1814 1540 1850 Urbe
1561 1840 1571 1855 ,
1599 1814 1669 1849 sive
1685 1823 1776 1849 extra
1790 1814 1835 1849 fa-

348 1867 505 1902 cultatem
534 1867 618 1900 hanc
634 1865 906 1905 reservavimus,
936 1877 972 1899 ac
999 1875 1118 1899 eorum
1149 1863 1315 1903 cuilibet,
1355 1873 1534 1908 antequam
1585 1863 1764 1898 deveniant
1792 1863 1832 1898 ad

349 1914 515 1951 actualem
561 1914 701 1949 Decreti
720 1913 1042 1959 interpositionem,
1077 1913 1110 1947 in
1140 1913 1214 1957 ipso
1243 1923 1382 1958 corpore
1410 1912 1634 1948 Instrumenti
1664 1913 1836 1958 exprime-

349 1975 384 1999 re
402 1964 515 2009 primo
530 1963 606 1998 loco
627 1972 803 1997 teneantur
835 1963 1014 2007 specialem
1038 1986 1049 2002 ,
1089 1970 1283 2007 certamque
1312 1972 1446 1996 causam
1465 1985 1475 2000 ‚
1510 1963 1581 1997 sive
1602 1974 1701 1997 unam
1717 1987 1729 2002 ,
1759 1960 1833 1995 sive

349 2012 487 2058 plures,
515 2021 654 2057 propter
669 2024 749 2056 quas
782 2019 1001 2051 contractus,
1030 2011 1105 2046 sive
1133 2011 1337 2049 distractus,
1366 2019 1422 2044 aut
1453 2011 1597 2056 quilibet
1636 2009 1722 2045 alius
1737 2016 1829 2043 actus

350 2073 418 2107 quo
432 2061 586 2103 Mulier,
615 2060 789 2106 Pupillus,
817 2068 872 2096 aut
888 2060 1001 2095 Minor
1030 2061 1225 2106 obligatur,
1253 2060 1391 2095 videtur
1417 2059 1534 2104 potius
1568 2058 1681 2096 utilis,
1722 2066 1826 2101 quam

349 2112 526 2145 damnosus
543 2134 553 2144 .

446 2159 574 2191 Rursus
594 2182 604 2197 ‚
642 2169 678 2191 ac
694 2160 842 2192 secundo
872 2159 948 2191 loco
963 2180 973 2194 ‚
997 2158 1128 2189 disertis
1155 2157 1274 2190 itidem
1291 2154 1404 2188 verbis
1425 2155 1614 2198 exprimere
1630 2162 1807 2190 teneantur
1821 2176 1832 2194 ,

351 2217 429 2240 cum
448 2205 570 2250 quib-us
592 2204 751 2242 iuribus,
773 2212 815 2237 >et
828 2202 1005 2248 scripturis
1033 2204 1106 2238 sive
1139 2203 1283 2247 publicis
1301 2227 1311 2242 ‚
1347 2203 1418 2236 sive
1459 2203 1598 2246 privatis
1613 2226 1624 2242 ‚
1657 2215 1789 2238 causam
1818 2226 1829 2243 ‚

350 2265 408 2288 seu
435 2264 549 2287 causas
579 2251 744 2290 eiusmodi
771 2251 1020 2286 verificaverint
1041 2274 1052 2289 ,
1085 2251 1267 2289 distincte,
1303 2259 1337 2283 et
1367 2249 1537 2295 sigillatim
1583 2252 1788 2286 enunciando
1819 2273 1830 2291 ,

349 2301 461 2347 quoad
476 2302 551 2340 iura
571 2300 624 2334 vel
643 2299 860 2332 instrumenta
883 2298 1016 2342 publica
1034 2321 1044 2337 ,
1076 2297 1254 2337 cujuslibet
1283 2310 1402 2332 eorum
1431 2299 1521 2334 diem
1537 2323 1547 2339 ‚
1576 2311 1720 2335 mensem
1737 2324 1748 2341 ,
1779 2311 1835 2334 an·

349 2361 428 2385 num
446 2373 457 2389 ,
484 2358 516 2384 et
531 2347 712 2382 Notarium
727 2358 738 2386 3
769 2346 852 2393 Quo
866 2356 946 2381 vero
961 2346 999 2380 ad
1016 2346 1198 2391 scripturas
1220 2347 1366 2392 privatas
1383 2371 1393 2386 ,
1422 2349 1609 2383 mandando
1641 2361 1692 2383 eas
1708 2348 1740 2383 in
1756 2349 1830 2395 ipso

343 2399 574 2437 *instrumento
607 2407 666 2441 per
685 2395 868 2430 Notarium
895 2394 1106 2439 originaliter
1129 2394 1255 2436 inseri,
1282 2407 1382 2441 atque
1404 2395 1530 2441 alligari
1551 2421 1560 2431 .

444 2447 493 2482 Ac
509 2446 610 2481 tertio
639 2445 775 2479 demum
791 2468 802 2485 ‚
830 2456 894 2479 non
911 2442 1019 2478 solum
1033 2444 1107 2482 jura
1121 2468 1131 2484 ‚
1162 2453 1194 2479 et
1209 2445 1393 2491 scripturas
1408 2445 1574 2483 eiusmodi
1599 2455 1662 2482 tam
1678 2447 1824 2492 publicas

345 2507 445 2541 quam
463 2495 603 2539 privatas
632 2503 691 2540 per
705 2505 740 2528 se
763 2492 851 2538 ipsos
881 2494 992 2538 legere
1010 2516 1020 2532 ‚
1048 2504 1292 2540 recognoscere
1309 2518 1320 2533 ,
1354 2505 1391 2527 ac
1413 2504 1449 2528 ea
1466 2494 1587 2532 maiori
1619 2496 1731 2541 quain
1757 2496 1827 2529 Do-

348 2543 440 2579 mino
464 2551 629 2589 poterunt
659 2541 833 2588 diligentia
846 2541 1036 2579 examinare
1050 2566 1061 2584 ,
1083 2551 1118 2578 et
1132 2542 1346 2591 considerare
1363 2550 1552 2584 teneantur,
1567 2544 1687 2583 soluta
1701 2556 1720 2579 a
1734 2543 1826 2581 Con·

1760 2599 1822 2626 tra*
