2075 3167
488 298 550 341 30
789 280 868 323 DE
893 278 1045 329 JURAE
1069 277 1409 323 SIGNATURAE
1435 277 1690 330 JUSTlTIAE

493 339 648 387 tinellus
664 338 736 398 (ι)
772 341 970 383 rationem
997 337 1138 389 affert,
1164 354 1235 382 cur
1269 341 1315 381 de
1334 355 1381 382 eo
1399 339 1779 398 Congregationum
1808 338 1982 381 Secretad

497 401 548 444 rii
575 400 770 456 conqueri
801 415 883 442 non
906 399 1110 450 debeant;
1142 415 1265 449 nam,
1299 400 1352 441 ait
1385 400 1443 442 ine
1463 431 1477 450 ‚
1522 399 1626 456 ipsos
1659 413 1705 441 ut
1739 397 1982 442 secretarios

499 474 588 504 non
604 474 682 502 esse
709 460 908 502 Praelatos
923 491 936 508 ,
974 474 1043 500 nec
1078 458 1376 501 ecclesiasticam
1395 460 1539 502 habere
1561 457 1794 515 dignitatern
1810 487 1824 506 ‚
1859 470 1897 499 et
1924 456 1988 497 Si-

498 532 614 563 xtum
626 520 679 560 V.
716 517 760 560 in
778 517 1047 560 declaratione
1076 533 1171 560 suae
1200 517 1554 565 Constitutionis‚
1586 531 1705 572 super
1728 515 1984 558 institutione

500 578 883 636 Congregationum
915 592 999 618 non
1023 575 1181 633 exigere
1199 607 1211 626 ,
1233 576 1498 620 utSecretarii
1517 575 1709 634 praedicti
1735 575 1814 617 sint
1832 573 1989 616 Praela-

498 638 558 686 ti;
594 638 718 679 immo
736 637 842 679 facto
869 638 1135 692 comprobat,
1183 651 1264 678 non
1293 651 1444 694 semper
1473 637 1591 679 fuisse
1613 635 1836 683 praelatos,
1866 643 1989 690 prout

500 708 665 738 testatur
683 696 730 737 de
748 695 965 738 Secretario
983 694 1319 753 Congregationis
1337 696 1652 753 Episcoporum‚
1669 707 1706 736 et
1726 691 1989 751 Regularium

499 755 781 798 Marchesanus
802 785 810 794 .
841 755 913 811 (2)

618 815 866 856 Revocatam
897 815 939 855 in
966 813 1167 863 dubium,
1200 813 1316 856 refert
1350 816 1470 858 etiam
1502 814 1576 870 (3)
1607 812 1836 854 Fattinellus
1859 840 1872 860 ,
1906 812 1989 851 Vo-

497 871 675 914 tantium
706 872 943 929 Signaturae
962 873 1281 928 praecedentiam
1311 889 1431 932 supra
1448 874 1690 929 Sam-[pantes
1709 886 1807 913 tunc
1825 868 1989 912 Subda-
2018 902 2023 906 -

499 931 647 972 tarium
668 962 680 980 ‚
710 943 844 988 postea
867 932 905 972 S.
927 933 975 972 R.
994 932 1040 971 E.
1061 929 1344 980 Cardinakm,
1363 947 1408 974 ac
1436 945 1627 989 patruum
1656 931 1817 981 alterius
1839 927 1989 969 Cardi-

501 988 601 1028 nalis
626 990 870 1044 Sacripantes
891 1019 903 1036 ‚
943 1004 981 1032 et
1009 991 1220 1030 Ansalclum
1259 990 1460 1032 pontificis
1492 990 1735 1030 Auditorem
1766 1017 1779 1034 ‚
1813 988 1911 1026 dum
1944 985 1986 1026 in

499 1045 669 1088 aedibus
695 1045 926 1088 Cardinalis
952 1046 1162 1087 Pancz‘atici
1193 1046 1415 1087 Prodatarii
1438 1048 1651 1088 haberetur
1682 1042 1957 1100 Congregatio
1975 1071 1991 1092 ‚

498 1105 550 1156 ab
569 1104 708 1146 eodem
726 1104 917 1146 Pontifice
938 1105 1128 1159 deputata
1147 1103 1187 1142 in
1208 1103 1349 1144 Causa
1366 1106 1537 1144 Romana
1554 1103 1814 1143 canonicatus
1839 1104 1882 1141 S.
1897 1103 1990 1144 Μα-

496 1163 568 1204 riae
594 1164 877 1218 Transtyberim
899 1178 910 1212 3
940 1175 979 1203 et
995 1159 1181 1215 quamvis
1200 1160 1252 1201 ad
1268 1161 1466 1203 sedandas
1485 1160 1777 1204 controversias
1792 1159 1986 1216 praemis-

498 1236 541 1262 sa
568 1234 668 1263 tunc
698 1221 776 1262 fuit
801 1223 861 1262 ab
892 1219 1215 1262 Eminentissimo
1234 1219 1467 1261 Prodatario
1482 1219 1713 1278 protestatio
1734 1247 1748 1266 ‚
1781 1219 1896 1273 quod
1913 1233 1989 1275 pro

497 1278 563 1320 illa
595 1279 682 1322 vice
701 1293 748 1320 ex
769 1276 910 1321 ordine
936 1278 1123 1327 sedendi,
1143 1291 1183 1320 et
1199 1278 1368 1322 votandi
1386 1279 1565 1336 nulli-jus
1583 1278 1838 1336 quaesitum,
1869 1291 1987 1334 prae-

498 1336 782 1393 judiciumque
811 1339 1032 1397 irrogatum
1058 1351 1312 1387 censereturt,
1343 1350 1515 1380 attamen
1548 1353 1587 1380 re
1621 1351 1754 1394 postea
1775 1336 1903 1379 delata
1935 1336 1989 1378 ad

501 1395 720 1441 Summum
737 1398 969 1441 Pontificem
989 1430 1001 1448 ,
1048 1399 1099 1440 ab
1118 1412 1165 1438 eo
1185 1397 1370 1440 resolutio
1388 1398 1536 1454 prodiit
1550 1397 1780 1441 favorabilis
1795 1396 1992 1439 Votanti-

501 1456 578 1499 bus
595 1487 606 1506 ‚
640 1457 744 1501 itaut
773 1457 846 1515 ipsi
865 1458 906 1499 in
927 1459 1045 1500 altera
1064 1455 1396 1515 Congregatione
1411 1488 1423 1506 ,
1454 1472 1528 1514 pro
1546 1457 1686 1499 eadem
1710 1455 1852 1498 Causa
1871 1455 1988 1499 habi-

498 1526 539 1556 ta
560 1544 573 1562 ,
598 1516 750 1573 absque
787 1518 866 1559 ulla
884 1517 1154 1560 controversia
1174 1530 1472 1574 praecesserunt
1498 1514 1626 1560 dictos
1643 1515 1889 1557 Auditorem
1905 1543 1919 1562 ,
1950 1524 1992 1557 et

497 1573 821 1627 Subdatarium3
855 1590 978 1634 prout
1007 1576 1125 1618 etiam
1141 1576 1184 1616 in
1211 1575 1283 1617 alia
1305 1573 1628 1633 Congregatione
1662 1575 1703 1615 in
1737 1574 1878 1617 Causa
1897 1574 1989 1616 Cor-

500 1632 637 1674 duben.
651 1635 989 1691 Jtzrispatronauts
1007 1636 1112 1677 idem
1124 1635 1361 1677 fattinellus
1387 1646 1555 1680 'testatur
1569 1667 1582 1686 ,
1598 1649 1636 1678 se
1650 1632 1889 1692 praecesisse
1904 1633 1989 1676 Ca-

504 1704 633 1733 merae
671 1692 1005 1736 Commissarium
1025 1725 1039 1744 ,
1070 1708 1108 1736 et
1130 1693 1184 1735 A.
1208 1694 1262 1736 C.
1287 1696 1649 1742 ⁸Locumtenentem
1668 1726 1678 1737 .

618 1750 753 1792 Altera
771 1754 864 1795 vero
896 1753 944 1793 de
962 1753 1533 1810 praecedentiav-1‹vntroversia
1563 1754 1708 1797 exarsit
1727 1768 1838 1795 anno
1861 1751 1987 1808 1671.

501 1807 605 1849 inter
624 1809 934 1853 Referendarios
952 1842 964 1861 s
1000 1825 1038 1855 et
1055 1812 1267 1853 Generales
1297 1812 1556 1867 ‘Reiigionum
1576 1842 1588 1859 ,
1617 1813 1689 1867 qui
1721 1814 1761 1853 in
1780 1811 2002 1868 processio·¹

493 1880 554 1907 me
573 1867 819 1911 Sanctissimi
851 1869 1028 1927 Corporis
1041 1869 1183 1911 Christi
1201 1899 1214 1918 ,
1247 1869 1341 1911 etin
1362 1869 1447 1911 aliis
1474 1869 1629 1912 actibus
1661 1884 1728 1912 eos
1757 1866 1991 1925 praecedere

502 1926 653 1980 absque
678 1928 761 1968 ulio
794 1929 902 1981 Juris
937 1928 1208 1969 fundamento
1244 1926 1477 1974 instabant,
1512 1939 1551 1967 et
1577 1928 1770 1967 Antonius
1798 1927 1990 1969 Altovz'tus

501 1983 714 2039 utriusque
740 1986 978 2042 Signaturae
1010 1984 1320 2027 Referendarius
1347 1983 1569 2026 doctissime
1600 1999 1645 2025 ea
1676 1985 1727 2025 de
1761 1998 1800 2026 re
1817 1985 1987 2042 scripsit,

502 2041 626 2084 fretus
648 2043 828 2100 primum
858 2045 1103 2101 possessione
1122 2074 1135 2093 ‚
1171 2045 1212 2085 in
1250 2057 1332 2099 qua
1363 2055 1477 2085 erant
1511 2043 1784 2085 Referendarii
1809 2057 1821 2091 ;
1859 2059 1986 2100 quam

502 2101 667 2156 quidem
688 2103 975 2161 possessionem
999 2102 1280 2160 comprobavit
1295 2101 1599 2157 quamplurimis
1622 2101 1856 2145 testimoniis
1875 2105 1986 2146 Prae-

501 2160 675 2200 latorum
699 2164 775 2205 fide
799 2164 1016 2219 dignorum
1031 2176 1049 2211 ';
1086 2162 1229 2202 deinde
1263 2175 1360 2204 vero
1399 2161 1440 2202 in
1474 2161 1650 2203 medium
1682 2162 1774 2204 tulit
1809 2173 1987 2206 commu-

500 2217 746 2262 nicationem
778 2221 1080 2277 privilegiorum
1108 2220 1451 2262 Protonotariatus
1481 2251 1494 2270 ‚
1542 2219 1692 2262 eisdem
1735 2222 1925 2264 tributam
1958 2238 1983 2269 a

503 2274 681 2320 Summis
708 2280 969 2322 Pontificibus
988 2311 1001 2330 ‚
1037 2295 1082 2323 ac
1117 2279 1416 2338 dispositionem
1443 2279 1760 2323 Caeremonialis
1779 2282 1984 2333 Romani,

1939 2356 1982 2383 tn

1913 2411 1980 2427 u

1447 2412 1598 2425 *v

544 2465 599 2504 (ι)
624 2469 695 2509 Cap.
707 2469 738 2498 6.
763 2479 793 2497 n.
809 2477 842 2507 4.
863 2471 914 2501 cit.
934 2471 1048 2512 Operis
1061 2491 1070 2500 .
1305 2469 1360 2510 (3)
1386 2471 1461 2512 Cap,
1476 2472 1507 2501 6.
1522 2481 1553 2502 n.
1570 2480 1623 2502 ιο.
1639 2474 1689 2504 cit.
1703 2480 1787 2515 oper.

544 2511 596 2547 (2)
621 2514 705 2543 Part.
729 2521 756 2542 1.
774 2521 840 2554 cap.
854 2523 885 2544 2.
901 2525 938 2545 n.
959 2523 1029 2545 102.
