1993 3195
160 327 386 364 Canonicatus
413 346 425 363 ‚
452 330 485 358 et
514 324 702 359 Praebendae
725 349 735 364 ‚
766 333 800 358 et
827 324 905 358 alias
933 348 943 363 ‚
976 334 1014 358 ut
1042 327 1243 369 praefertur,
1271 324 1461 372 qualificata
1485 327 1637 368 fuerint.

159 388 197 411 ac
222 372 428 429 personalem
461 372 673 408 residentiam
706 384 747 407 ex
767 380 921 411 statuto,
941 373 1133 407 fundatione
1150 397 1160 412 ,
1186 383 1242 408 aut
1272 373 1514 408 consuetudine
1530 376 1640 418 requi-

159 433 261 463 rant,
278 420 566 457 etiamsiaefruetus
582 445 593 462 ‚
617 421 766 456 redditus
783 445 794 461 ,
823 429 857 455 et
875 430 1061 464 proventus
1091 421 1191 456 unius
1210 421 1450 463 beneficiorum
1468 421 1641 459 huiusmo-

157 473 219 511 di,
252 471 379 506 nonnisi
399 471 429 505 in
459 469 754 505 distributionibus
786 468 992 524 quotidianis
1020 469 1227 507 consistant,
1255 478 1289 504 et
1318 459 1460 504 aliorum
1487 471 1641 505 omnium

158 531 236 555 cum
265 533 302 555 ea
322 519 535 565 integritate,
541 507 790 564 (quotidianis
818 517 1113 553 distributionibus
1133 543 1142 559 ‚
1173 520 1284 564 quoad
1312 517 1374 553 alia
1398 517 1572 559 dumtaxat
1586 530 1643 554 ex-

158 569 295 614 ceptis)
321 580 396 604 cum
426 580 490 614 qua
517 566 592 601 illos
622 568 861 613 perciperent,
889 567 916 602 si
946 567 976 601 in
1010 567 1127 602 iisdem
1157 567 1341 606 Ecclesiis,
1366 566 1436 600 sive
1472 565 1553 600 locis
1568 578 1641 611 per-

158 617 319 652 sonaliter
350 616 557 655 residerent,
584 627 621 650 ac
653 616 793 661 primam
824 615 1038 651 residentiam
1064 615 1246 654 fecissent,
1279 627 1316 650 ac
1345 616 1454 661 quoad
1483 626 1585 650 unurn
1601 627 1646 650 ex

159 666 331 701 beneficiis
345 666 385 700 ad
407 664 621 699 residendum
649 664 779 699 interim
807 664 839 698 in
868 664 993 699 eisdem
1022 664 1179 699 Ecclesiis
1196 689 1206 704 ,
1231 664 1303 699 sive
1331 664 1440 704 locis,
1472 663 1502 697 in
1519 664 1642 708 quibus

160 714 322 750 beneficia
346 713 417 757 ipsa
432 714 556 748 fuerint
571 737 582 752 ,
612 713 751 748 minime
780 722 958 747 teneantur
973 737 983 754 ,
1014 724 1072 747 nec
1089 715 1127 748 ad
1149 713 1180 747 id
1200 726 1216 748 a
1235 725 1406 759 quoquam
1439 711 1535 748 inviti
1551 722 1642 748 coar-

159 763 243 798 ctari
267 763 426 802 valeant,
449 761 624 807 percipere
640 785 650 795 .

257 811 352 846 XlV.
379 813 430 846 Ac
457 811 636 845 residendo
657 834 668 850 ,
698 810 755 845 ubi
781 821 904 856 supra,
931 810 1056 846 eisdem
1083 811 1255 846 beneficiis
1289 810 1532 847 Ecclesiasticis
1563 821 1641 845 cum

159 871 266 900 cura,
297 870 330 894 et
347 859 416 895 sine
446 858 798 900 cura,secularibus,
821 868 855 894 et
883 859 1116 905 regularibus,
1146 871 1218 905 qua:
1248 860 1280 894 in
1307 861 1434 896 eisdem
1457 858 1641 915 Ecclesiis,

157 909 232 944 sive
258 908 340 943 locis
368 909 398 943 in
418 908 556 943 titulum
575 932 585 948 ,
612 909 665 942 vel
685 909 930 943 Commendam
948 933 959 948 ,
987 917 1023 943 ut
1050 909 1226 953 praefertur
1240 931 1250 948 ,
1268 908 1426 943 obtinent
1442 932 1452 948 ,
1481 917 1514 942 et
1532 908 1562 942 in
1583 919 1644 953 po·

156 966 283 993 sterum
309 957 534 997 obtinebunt,
563 968 623 1002 per
647 956 869 1002 Cappellanos
885 981 896 996 ,
924 968 983 991 seu
1011 956 1161 992 vicarios
1177 956 1316 991 idoneos
1332 981 1343 997 ‚
1374 952 1416 990 ad
1444 967 1562 990 eorum
1582 967 1644 990 nu-

157 1014 230 1041 tum
257 1004 481 1045 amovibiles,
517 1006 548 1039 in
581 1004 719 1040 Divinis
745 1004 937 1044 deserviri,
968 1014 1004 1039 et
1032 1006 1218 1040 animarum
1254 1016 1369 1039 curam
1400 1004 1576 1043 exerceri,
1607 1010 1642 1038 et

155 1065 378 1101 quaecumque
406 1052 634 1090 Ecclesiastica
661 1054 874 1089 Sacramenta
900 1052 1078 1088 ministrari
1107 1054 1218 1088 facere
1250 1054 1379 1093 libere,
1412 1062 1446 1087 et
1465 1052 1556 1088 licite
1582 1064 1641 1087 va-

158 1103 248 1139 leant
273 1128 284 1144 ,
310 1102 504 1138 Dioecesani
531 1102 594 1137 loci
626 1125 637 1144 ,
679 1110 712 1139 et
744 1102 892 1143 cuiusvis
923 1102 1058 1138 alterius
1098 1101 1235 1137 licentia
1266 1113 1367 1148 super
1396 1102 1461 1136 hoc
1500 1100 1641 1136 minime

154 1153 341 1197 requisita.

252 1202 330 1237 XV.
355 1203 431 1238 Nec
459 1212 526 1237 non
555 1209 594 1237 ut
617 1202 765 1248 aliquem
796 1201 955 1238 idoneum
982 1202 1233 1248 Praesbyterum
1268 1200 1452 1237 secularem
1474 1224 1485 1240 ,
1510 1199 1565 1235 vel
1583 1210 1639 1233 cu-

160 1249 268 1291 iusvis
284 1250 424 1285 Ordinis
459 1250 691 1296 Regularem,
725 1251 756 1285 in
788 1263 887 1286 suum
905 1252 1032 1296 possint
1061 1252 1184 1297 eligere
1218 1250 1455 1285 Confessorem
1475 1273 1484 1288 ‚
1513 1248 1569 1292 qui
1590 1246 1635 1281 vi

154 1305 189 1333 ta
205 1298 251 1333 eis
272 1299 427 1337 comite,
447 1297 478 1333 in
497 1300 627 1334 casibus
642 1299 719 1333 Sedi
735 1300 899 1344 praedictae
915 1300 1089 1335 reservatis
1107 1307 1117 1344 (
1133 1307 1354 1345 praeterquam
1374 1298 1507 1333 offensae
1525 1296 1642 1331 Eccle-

153 1346 293 1382 siasticae
321 1347 486 1382 libertatis
514 1371 525 1387 ,
551 1347 731 1383 criminum
766 1349 896 1383 haeresis
921 1373 932 1388 ,
971 1348 1162 1383 rebellionis
1189 1371 1200 1388 ,
1228 1357 1284 1382 aut
1313 1346 1571 1390 conspirationis
1606 1343 1638 1376 in

151 1405 354 1440 personam,
383 1394 436 1429 vel
463 1404 583 1430 statum
613 1395 757 1429 Romani
789 1396 961 1431 Pontificis
988 1421 999 1436 ,
1031 1409 1091 1431 seu
1119 1397 1238 1430 Sedem
1268 1395 1492 1449 praedictam,
1520 1391 1641 1427 falsita-

152 1442 194 1478 tis
210 1444 397 1478 litterarum
416 1442 688 1498 Apostolicarum
703 1466 714 1482 ,
729 1442 1039 1488 supplicationum,
1060 1453 1095 1477 et
1116 1441 1396 1478 commissionum
1414 1465 1424 1480 ‚
1444 1439 1640 1479 invasionis,

151 1492 435 1537 depraedationis,
450 1491 708 1536 occupationis,
735 1500 792 1526 aut
820 1492 1055 1527 devastationis
1084 1492 1263 1526 Terrarum
1282 1515 1292 1531 ,
1320 1502 1352 1526 et
1383 1492 1483 1525 Maris
1516 1489 1642 1523 Roma-

149 1551 201 1575 nae
245 1541 402 1576 Ecclesiae
444 1541 587 1576 mediate
613 1565 624 1581 ,
656 1539 707 1577 vel
740 1540 934 1577 immediate
977 1542 1209 1580 subjectorum
1238 1564 1249 1580 ,
1284 1539 1417 1575 offensae
1454 1536 1639 1584 personalis

152 1589 185 1623 in
213 1589 418 1634 Episcopum
438 1614 448 1629 ‚
476 1599 532 1624 aut
559 1589 661 1624 aliurn
691 1589 869 1625 Praelatum
896 1616 908 1631 ,
934 1589 1172 1636 prohibitionis
1204 1588 1431 1623 devolutionis
1464 1596 1639 1622 causarum

150 1639 190 1672 ad
222 1637 408 1673 Romanam
431 1638 597 1678 Curiam,
623 1636 822 1678 delationis,
839 1650 1011 1674 armorum
1038 1662 1049 1678 ,
1083 1647 1116 1673 et
1145 1638 1285 1673 aliorum
1324 1636 1575 1680 prohibitorum
1594 1634 1636 1667 ad

151 1694 262 1731 partes
290 1687 513 1730 Infidelium)
539 1687 643 1723 semel
667 1687 840 1723 dumtaxat
867 1687 897 1721 in
916 1688 1009 1728 vita,
1038 1686 1070 1721 in
1092 1686 1166 1721 aliis
1184 1698 1263 1722 vero
1279 1686 1436 1741 quotiens
1462 1683 1564 1719 fuerit
1582 1694 1641 1728 op·
1674 1729 1678 1734 .

148 1743 335 1780 portunum
354 1759 364 1774 ,
380 1736 647 1771 confessionibus
663 1748 780 1770 eorum
797 1735 976 1792 diligenter
991 1735 1112 1771 auditis
1136 1747 1198 1781 pro
1212 1734 1402 1770 commissis
1427 1733 1472 1767 eis
1489 1731 1639 1766 debitam

150 1782 399 1818 absolutionem
423 1784 664 1828 impendat,et
691 1783 843 1828 injungat
871 1784 1103 1826 poenitentiam
1134 1783 1335 1818 salutarem.
1363 1783 1438 1817 Nec
1466 1793 1531 1816 non
1558 1788 1642 1814 vota.

149 1843 372 1876 quaecumque
387 1831 634 1876 (ultramarino
654 1855 664 1871 ,
689 1831 891 1866 visitationis
908 1832 1059 1866 liminum
1076 1831 1322 1875 Apostolorum
1344 1830 1463 1870 Petri,
1482 1839 1514 1864 et
1533 1827 1641 1867 Pauli,

150 1892 186 1916 ac
204 1880 314 1915 Sancti
330 1880 470 1921 Jacobi'
463 1893 494 1915 in
510 1879 773 1925 Compostella,
798 1891 860 1914 nec
887 1892 951 1914 non
969 1880 1129 1914 castitatis
1143 1903 1153 1919 ,
1180 1889 1213 1914 et
1235 1878 1423 1925 Religionis
1439 1878 1529 1913 votis
1545 1879 1642 1912 dum-

151 1936 243 1962 taxat
271 1929 420 1974 exceptis
445 1936 458 1972 >
488 1930 519 1964 in
550 1928 611 1964 alia
636 1928 768 1974 pietatis
797 1940 898 1974 opera
928 1937 1139 1964 commutare
1167 1928 1219 1963 val
1224 1937 1275 1963 eat
1301 1952 1311 1962 .
1348 1928 1521 1973 Qodque
1549 1926 1641 1959 Con-

149 1976 280 2014 fessor,
307 1990 407 2021 quern
443 1978 601 2013 duxerint
628 1977 820 2023 eligendum
850 2001 860 2016 ‚
891 1979 1042 2012 omnium
1067 1986 1282 2024 peccatorum
1305 1987 1446 2012 suorum
1468 1999 1479 2016 ‚
1509 1976 1550 2009 de
1567 1973 1641 2019 qui-

151 2024 214 2058 bus
240 2027 342 2059 corde
373 2026 512 2060 cdntriti
538 2051 549 2066 ‚
579 2034 612 2062 et
641 2037 701 2060 ore
733 2026 875 2060 confessi
905 2027 1032 2061 fuerint
1056 2051 1068 2081 .'
1098 2025 1199 2061 etiam
1227 2025 1329 2061 semel
1361 2025 1392 2060 in
1421 2024 1493 2060 vita
1512 2048 1523 2064 ,
1552 2031 1585 2057 et
1609 2022 1643 2056 in

153 2072 269 2108 mortis
300 2074 467 2113 articulo,
495 2074 625 2120 plenam
644 2074 876 2108 remissionem
907 2075 953 2109 eis
981 2074 1012 2108 in
1038 2074 1227 2110 sinceritate
1257 2074 1363 2114 fidei,
1389 2075 1516 2109 unitate
1543 2071 1643 2106 dictae

154 2120 316 2158 Romanae
332 2121 511 2163 Ecclesiae,
541 2134 576 2157 ac
592 2121 785 2156 obedientia
813 2131 951 2162 nostra,
981 2130 1013 2156 et
1031 2134 1267 2157 successorum
1298 2132 1491 2158 nostrorum
1519 2121 1643 2154 Roma-

154 2180 274 2206 norum
303 2171 504 2206 Pontificum
534 2170 692 2206 canonice
709 2170 929 2211 intrantium,
960 2170 1212 2215 persistentium
1230 2194 1240 2209 ,
1266 2172 1468 2206 auctoritate
1498 2171 1644 2215 Aposto-

156 2217 219 2251 lica
237 2222 420 2256 concedere
448 2220 575 2264 possit.
607 2219 659 2253 Sic
688 2228 796 2253 tamen
827 2221 917 2264 quod
950 2218 1037 2254 idem
1069 2219 1256 2254 Confessor
1277 2222 1319 2254 de
1350 2219 1427 2259 his,
1450 2219 1491 2253 de
1520 2217 1644 2263 quibus

153 2266 256 2301 fuerit
270 2267 561 2304 alterisatisfactio
580 2266 825 2312 impendenda,
855 2279 926 2302 eam
954 2267 1018 2302 illis
1045 2278 1105 2312 per
1119 2279 1174 2302 eos
1191 2292 1201 2307 ,
1227 2268 1254 2302 si
1281 2268 1555 2320 supervixerint,
1588 2263 1643 2298 vel

154 2325 215 2360 per
235 2313 342 2356 alios,
367 2318 393 2352 si
415 2318 525 2352 forsan
542 2325 621 2351 tunc
639 2315 869 2355 decesserint,
894 2315 1108 2355 faciendam,
1141 2316 1292 2360 injungat
1307 2340 1317 2357 ,
1345 2329 1441 2362 quarn
1464 2315 1525 2359 ipsi
1542 2338 1552 2352 ,
1585 2311 1642 2347 vel

153 2362 210 2398 alii
240 2363 348 2398 facere
374 2374 575 2401 teneantur.

252 2412 555 2460 XV1.Liceatque
584 2413 629 2449 eis
658 2413 781 2448 habere
795 2412 910 2447 Altare
938 2413 1093 2458 portatile
1122 2423 1224 2457 super
1251 2424 1318 2458 quo
1346 2414 1376 2448 in
1409 2412 1489 2448 locis
1512 2411 1550 2445 ad
1577 2411 1642 2447 hoc

157 2459 448 2516 congruentibuS,
475 2472 508 2497 et
531 2463 677 2498 honestis
697 2486 706 2502 ‚
731 2462 800 2497 sine
827 2461 909 2501 iuris
945 2461 1041 2497 alieni
1072 2461 1293 2506 praeiudicio,
1334 2471 1366 2496 et
1393 2473 1471 2496 cum
1502 2460 1642 2507 qualitas

159 2509 381 2557 negociorum
409 2521 472 2556 pro
498 2519 649 2558 tempore
674 2510 904 2558 ingruentium
934 2511 968 2546 id
997 2510 1171 2557 exegerit,
1201 2510 1303 2545 etiam
1322 2520 1500 2558 antequam
1528 2509 1644 2545 illuce-

1229 2561 1252 2594 b
1571 2570 1644 2596 scat
