1952 3167
349 311 417 356 554
711 307 773 341 DE
800 305 913 347 JURF.
941 304 1222 341 SIGNATURAE
1247 303 1463 346 JUSTITIAE

924 381 928 385 ’
968 406 1224 454 N.XLV11.

351 503 509 552 Motus
526 505 723 574 proprius
741 506 810 550 SS.
826 506 886 550 D.
907 503 968 547 N.
1000 504 1070 546 P11
1096 502 1266 545 PP.V1.
1295 499 1394 542 anni
1423 503 1576 555 1776.
1607 512 1695 565 quo
1723 500 1833 553 inter

423 592 576 627 caetera
601 576 798 644 Capitula
811 606 826 626 ,
843 577 886 619 in
901 571 1062 620 eodem
1080 573 1237 618 inserta
1252 604 1266 624 ,
1282 571 1634 617 Constitutiones
1650 574 1769 641 Apo·

537 649 720 701 stolicae,
746 649 1033 693 Bannimenta
1051 677 1065 698 ‚
1096 657 1141 690 et
1158 642 1307 690 Edicta
1330 640 1643 706 confirmantur

651 724 782 768 etiam
798 717 941 787 quoad
958 717 1193 782 Privilegia
1212 713 1508 765 Affidatotum
1521 750 1533 764 .

441 841 579 876 Omano
615 841 774 876 Pontifici
809 841 839 875 in
860 839 951 874 Solio
976 839 1122 880 Justitiae
1150 839 1281 874 Sede-nti
1311 850 1393 874 cura
1420 840 1595 888 dirigenda
1628 848 1677 873 est
1705 836 1837 884 potissi-

470 902 561 924 mum
579 889 667 923 circa
681 901 717 923 ea
730 913 740 929 ,
761 901 833 935 quae
846 913 856 929 ,
875 898 908 923 et
924 888 1044 923 rationi
1061 897 1274 928 consonant,
1291 897 1323 922 et
1336 891 1511 925 securitati
1531 889 1751 923 Personarum
1768 895 1834 921 etc.

467 961 476 971 .
578 961 589 976 ,
690 961 700 971 .
802 963 811 972 .
913 961 922 971 .
1022 962 1031 973 .
1133 962 1143 972 .
1244 962 1254 971 .
1354 962 1364 972 .
1465 965 1475 980 ,
1576 962 1586 971 .
1685 960 1695 970 .

446 985 635 1030 Cupientes
663 986 772 1026 vero,
801 986 892 1033 quod
917 985 1051 1021 Affidati
1079 994 1166 1021 stare
1185 986 1289 1021 libere
1323 988 1478 1031 possint,
1522 998 1555 1022 et
1587 986 1718 1021 valeant
1749 985 1834 1020 intra

347 1036 534 1080 Stangam,
564 1044 594 1069 et
613 1035 811 1070 Provincias
843 1035 1036 1072 Dohanales
1055 1060 1065 1076 ,
1097 1037 1169 1071 sive
1197 1038 1258 1071 sub
1275 1036 1356 1070 Fida
1390 1039 1483 1072 extra
1509 1036 1681 1082 proprium
1713 1045 1833 1069 eorum

343 1083 575 1119 Territorium
594 1108 605 1124 ,
630 1084 826 1119 inhaerentes
861 1084 1086 1130 Dispositioni
1111 1086 1225 1121 Motus
1258 1085 1384 1131 proprii
1414 1086 1536 1120 Urbani
1567 1085 1664 1118 VIII.
1683 1109 1693 1123 ,
1723 1093 1757 1118 et
1775 1085 1834 1118 Re-

346 1133 580 1168 solutionibus
613 1134 717 1178 captis
735 1147 794 1179 per
809 1133 1121 1179 Congregationem
1146 1132 1380 1179 particularem
1397 1159 1407 1175 ‚
1423 1134 1614 1180 approbatis
1647 1144 1708 1176 per
1737 1134 1835 1167 Inno-

345 1182 495 1216 centium
512 1182 590 1216 XII.
621 1183 890 1218 Praedecessores
905 1184 1050 1219 Nostros
1066 1208 1075 1224 ,
1096 1183 1254 1219 volumus
1268 1207 1278 1223 ,
1309 1185 1401 1229 quod
1421 1185 1499 1229 ipsis
1517 1183 1602 1218 ultra
1614 1181 1692 1217 alias
1709 1183 1833 1217 Immu-

340 1229 457 1265 nitates
476 1254 486 1270 ‚
524 1239 557 1265 et
573 1231 811 1277 Exemptiones
841 1241 994 1267 servetur
1021 1234 1162 1268 omnino
1188 1232 1410 1277 Privilegium
1441 1233 1519 1268 Fori
1537 1233 1567 1267 in
1581 1231 1764 1271 omnibus,
1799 1239 1833 1265 et

349 1279 626 1326 quibuscumque
649 1281 772 1316 Causis
803 1282 945 1321 activis,
989 1293 1020 1316 et
1038 1282 1201 1327 passivis,
1232 1281 1430 1322 Civilibus,
1455 1292 1555 1327 atque
1586 1279 1831 1314 Criminalibus

340 1328 518 1374 (exceptis
536 1338 647 1373 tamen
664 1331 786 1365 Causis
811 1330 1041 1366 criminalibus
1072 1332 1105 1366 in
1121 1331 1214 1366 dicto
1237 1331 1332 1365 Motu
1347 1331 1485 1376 proprio
1513 1329 1638 1365 Urbani
1656 1341 1833 1373 praeserva-

339 1375 491 1420 tis)tam
513 1378 690 1414 Personam
721 1380 871 1424 ipsorum
902 1381 1147 1420 Affidatorum,
1180 1391 1366 1425 corumque
1395 1381 1550 1416 Famulos
1580 1378 1749 1424 Gregibus
1778 1376 1828 1412 in-

338 1426 525 1461 servientes
544 1451 554 1467 ,
582 1441 682 1473 quam
697 1430 791 1464 Bona
819 1429 948 1464 affidata
964 1453 974 1468 ‚
1003 1438 1036 1464 et
1057 1430 1129 1465 aliis
1145 1429 1175 1464 in
1194 1429 1316 1464 Causis
1345 1431 1518 1464 materiam
1542 1430 1614 1464 fidae
1629 1436 1829 1461 concernen-

340 1473 431 1509 tibus
447 1499 457 1514 ‚
483 1475 614 1510 etiamsi
631 1487 789 1521 ageretur
816 1479 857 1512 de
873 1477 1004 1511 damnis
1033 1479 1184 1512 studiose
1211 1479 1295 1512 datis
1313 1502 1323 1517 ,
1358 1488 1393 1512 et
1418 1479 1551 1520 patratis
1567 1499 1577 1514 ‚
1594 1487 1631 1509 ac
1647 1473 1744 1508 etiam
1774 1477 1830 1507 de-

338 1521 430 1557 lictis
457 1535 498 1557 ex
513 1525 627 1557 Causa
643 1547 654 1562 ‚
683 1533 717 1559 et
738 1525 952 1563 Occasione,
983 1533 1018 1558 ut
1049 1525 1174 1558 dicitur
1193 1548 1203 1564 ,
1235 1524 1432 1569 spicilegii,
1464 1524 1604 1557 relative
1633 1522 1673 1554 ad
1689 1520 1828 1555 Consti-

337 1569 503 1605 tutionem
530 1569 586 1603 fel.
605 1573 735 1604 record.
762 1572 937 1604 Benedicti
968 1572 1062 1606 XIV.
1097 1572 1355 1607 Praedecessoris
1383 1571 1498 1603 Nostri
1535 1569 1615 1604 Dat.
1634 1569 1708 1604 Kal.
1737 1567 1828 1609 junii

338 1628 445 1663 1751.
470 1629 529 1652 nec
547 1629 613 1652 non
629 1618 729 1653 etiam
747 1620 789 1653 de
803 1617 955 1652 Gabellis
973 1642 983 1658 ,
1012 1622 1160 1664 pedagiis
1179 1643 1188 1657 ‚
1217 1618 1374 1662 passagiis
1403 1641 1414 1657 ‚
1457 1619 1652 1663 caeterisque
1685 1618 1725 1651 de
1751 1617 1826 1653 aliis

338 1667 615 1702 immunitatibus
636 1692 647 1708 ,
674 1666 946 1713 exemptionibus
961 1690 972 1706 ,
1014 1679 1050 1701 ac
1071 1665 1258 1711 privilegiis
1281 1667 1344 1701 sibi
1364 1668 1631 1712 competentibus
1661 1679 1701 1700 ex
1715 1666 1828 1709 dispo-

336 1715 461 1750 sitione
490 1717 642 1761 superius
661 1717 840 1752 relatarum
857 1714 1153 1750 constitutionum
1170 1714 1459 1760 Apostolicarum‚
1477 1726 1508 1751 et
1524 1716 1826 1751 Bannimentorum

335 1765 491 1811 quamvis
512 1777 639 1809 poenae,
672 1766 847 1806 Gabellae,
880 1765 1051 1810 passagia,
1081 1773 1114 1799 et
1132 1764 1271 1811 pedagia
1289 1789 1300 1804 ,
1341 1774 1375 1799 et
1399 1765 1462 1799 alia
1487 1777 1628 1812 quaeque
1656 1764 1824 1808 descripta

332 1814 408 1849 fore
425 1823 592 1849 constaret
622 1814 654 1849 in
673 1814 817 1850 Tabellis
847 1814 1146 1849 communitatum
1166 1838 1178 1854 ,
1210 1813 1478 1849 Universitatum
1495 1839 1505 1853 ,
1533 1815 1722 1849 Civitatum
1741 1837 1750 1853 ,
1791 1821 1826 1848 et

329 1863 500 1899 Locorum
534 1875 830 1911 quorumcumque
856 1862 966 1899 Nobis
981 1887 992 1904 ,
1024 1872 1059 1899 et
1075 1865 1108 1899 S.
1131 1863 1205 1899 Sedi
1223 1863 1392 1904 mediate,
1421 1863 1473 1901 vel
1491 1863 1684 1900 immediate
1712 1862 1829 1897 subie-

333 1921 466 1949 ctorum
486 1939 496 1948 .

368 2010 378 2016 ἱ
431 1964 601 2001 Caeterum
633 1965 664 2001 in
684 1965 833 2001 Accessu
850 1990 862 2006 ,
889 1975 921 2002 et
939 1967 1084 2002 Recessu
1114 1965 1131 2001 ὲ
1161 1963 1330 2006 Dohana,
1362 1964 1521 2007 Pascuis,
1553 1964 1822 2008 Territoriisque

331 2010 448 2047 altenis
463 2036 473 2053 ‚
509 2023 543 2048 et
558 2026 618 2060 per
631 2025 696 2050 tres
712 2015 782 2050 dies
810 2025 985 2062 postquam
1017 2015 1142 2050 reversi
1158 2015 1285 2050 fuerint
1309 2017 1348 2049 ad
1363 2027 1484 2051 eorum
1503 2016 1635 2050 Domos
1652 2039 1661 2053 ‚
1692 2022 1726 2048 et
1740 2014 1821 2046 Prot

332 2060 460 2097 vincias
473 2082 485 2101 ,
499 2064 556 2097 seu
571 2063 756 2099 Territoria
770 2075 948 2101 serventur
967 2065 1057 2100 Fidae
1073 2089 1084 2104 ,
1099 2074 1132 2099 et
1148 2064 1226 2099 Fori
1241 2063 1424 2110 privilegia
1437 2090 1447 2100 .
1465 2065 1685 2100 Declarantes
1708 2070 1816 2094 tamen

335 2110 477 2153 quodsln
496 2111 641 2156 praefatis
666 2125 785 2153 eorum
818 2114 991 2150 Domibus
1005 2138 1015 2154 ,
1041 2122 1076 2150 et
1093 2114 1286 2149 Provinciis
1300 2138 1311 2154 ,
1336 2126 1395 2148 seu
1409 2113 1606 2147 Territoriis
1621 2111 1648 2145 si
1666 2113 1785 2144 damna
1803 2130 1813 2145 9

329 2157 385 2210 vel
400 2158 565 2203 simplicia
583 2186 593 2201 ,
622 2163 676 2197 vel
693 2163 842 2198 studiosa
871 2175 930 2208 per
945 2164 1033 2208 ipsos
1049 2163 1213 2201 Affidatos
1243 2163 1378 2195 bitteris
1392 2159 1618 2195 Patentalibus
1655 2158 1816 2192 nobam.-

330 2205 370 2237 rii
387 2216 450 2249 pro
467 2215 618 2252 tempore
632 2233 643 2247 ‚
670 2221 728 2247 seu
746 2211 830 2246 Fida
847 2205 993 2247 munitos
1021 2209 1144 2250 patrari
1171 2207 1354 2252 contigerit
1380 2216 1458 2250 post
1472 2208 1620 2241 triduum
1651 2203 1817 2240 reversio-

332 2251 382 2286 nis
397 2276 407 2292 ,
435 2253 480 2288 ita
494 2263 532 2288 ut
561 2256 600 2289 ad
621 2266 734 2299 poenas
750 2255 812 2299 ipsi
839 2256 974 2289 Affidati
1006 2263 1200 2293 teneantur,
1232 2263 1313 2288 tunc
1331 2277 1342 2293 ,
1370 2262 1403 2288 et
1419 2254 1450 2288 in
1468 2257 1531 2289 hoc
1548 2255 1638 2289 Casu
1656 2258 1685 2288 in
1705 2252 1813 2297 prima
1869 2274 1872 2277 -

327 2300 490 2336 instantia
520 2303 673 2347 cognitio
691 2305 890 2337 eorumdem
921 2303 1129 2337 Damnorum
1159 2303 1316 2337 datorum
1341 2312 1494 2347 spectet,
1531 2314 1565 2338 et
1582 2302 1745 2348 pertineat
1770 2302 1811 2335 ad

330 2348 468 2388 judices
496 2351 633 2386 Locales
663 2362 780 2385 eorum
808 2350 985 2386 Territorii
1005 2375 1017 2391 ,
1043 2363 1100 2385 seu
1117 2350 1327 2392 Provinciae,
1355 2352 1442 2387 salva
1467 2363 1601 2393 semper
1614 2350 1810 2386 eorumdem

331 2398 554 2434 Affidatorum
587 2399 802 2445 exemptione
818 2401 834 2434 a
851 2399 1063 2446 Repraesaliis
1080 2424 1092 2440 ‚
1125 2409 1159 2435 et
1177 2412 1198 2437 a,
1212 2400 1381 2436 solutione
1408 2413 1579 2447 poenarum
1605 2412 1668 2446 pro
1685 2399 1811 2435 damnis

331 2446 536 2492 simpliciter
557 2449 641 2484 datis
659 2473 668 2483 .

429 2496 470 2529 Et
485 2497 528 2531 ita
542 2499 636 2536 iuxta
649 2496 831 2544 praem'issas
847 2497 1093 2533 declarationes
1115 2497 1245 2533 sublata
1258 2498 1452 2533 omnimode
1468 2500 1578 2544 quoad
1593 2510 1708 2533 omnes
1723 2498 1813 2531 Cau-

330 2555 379 2580 sas
409 2551 473 2580 tam
505 2545 635 2581 Civiles
654 2570 665 2587 ,
695 2558 795 2593 quam
813 2546 1018 2583 Criminales
1050 2546 1246 2586 hujusmodi
1274 2547 1453 2588 facultate,
1481 2557 1513 2583 et
1538 2556 1704 2594 potestate
1735 2557 1811 2627 gro-

1696 2606 1733 2631 ec
1758 2606 1810 2628 en-
