1993 3195
630 298 670 340 C
705 301 742 340 A
777 302 803 339 Ρ
835 298 876 338 U
908 297 946 337 T
1013 298 1066 338 V.
1476 300 1560 352 289

86 359 267 418 captiosis
284 357 443 398 Causas
460 355 741 412 patrocinandi
761 358 888 397 modis
905 387 915 404 ,
933 356 1014 397 sive
1039 369 1082 395 ut
1100 354 1222 410 vulgo
1242 351 1392 394 dicitur
1408 355 1557 394 subter-

85 419 204 474 fugiis
225 445 237 463 ‚
269 415 473 457 Tribunal
500 415 738 472 Signaturae
773 415 936 459 obviam
970 418 1041 455 iret
1060 444 1072 462 ‚
1101 426 1316 466 nunquam
1349 411 1554 473 recessit-a

85 478 213 532 priore
234 475 457 522 sententia3
479 474 581 517 itaut
598 476 757 529 quoties
777 474 1018 530 Collitigans
1055 473 1274 513 damnatus
1310 483 1489 524 utsupra
1509 483 1554 509 in

85 549 351 590 expensarum
381 533 635 575 refectionem
664 534 792 577 adivit
823 534 929 574 idem
956 529 1188 578 Tribunal‚
1221 543 1258 572 et
1275 529 1501 571 reclamavit
1530 542 1554 568 a

85 592 326 634 demandata
350 591 561 634 refectione
581 593 634 634 ob
654 608 739 650 non
756 594 900 634 factam
923 590 1217 641 intimationem
1234 586 1453 645 supradicti
1489 587 1555 628 de.-

86 652 196 700 creti·‚
215 649 408 709 rescripsit
427 681 440 698 ,
456 652 497 693 in
513 651 686 699 Decisis,
703 664 740 696 et
755 653 940 707 (anplius.
978 652 1087 691 Nam
1122 662 1223 690 recte
1265 647 1419 690 censuit
1437 677 1449 695 ,
1481 646 1552 686 de-

86 723 240 752 cretum
261 710 383 750 latum
407 712 516 752 Parte
537 725 742 766 praesente
762 711 896 752 haberi
921 725 964 751 ac
993 710 1024 751 si
1043 707 1173 749 eidem
1192 707 1294 748 l'atti
1319 706 1556 748 intimatum

85 781 205 818 esset3
223 781 344 823 prout
364 768 504 825 legitur
523 769 625 813 inter
642 768 850 812 Notabilia
868 767 1047 822 ejusdem
1062 765 1297 809 Tribunalis
1313 765 1409 806 anni
1429 775 1550 820 1755.

206 828 409 875 Postremo
431 827 519 872 loco
539 830 586 871 de
614 827 823 885 Resct·iptis
839 860 850 877 ‚
869 828 908 868 in
936 826 1066 870 causis
1085 824 1361 866 criminalibus
1388 823 1470 865 fieri
1488 839 1550 865 so-

86 884 161 927 litis
178 900 403 928 sermonem
436 889 639 931 instituere
671 887 943 935 decrevimus·⁷
969 899 1008 928 et
1026 885 1190 940 quidem
1220 884 1400 925 instituta
1424 883 1550 924 actio-

55 976 61 982 «
81 955 136 984 'ne
157 944 260 986 civili
279 976 290 994 ‚
321 945 350 986 si
384 947 602 989 criminalis
617 946 806 988 instantia
825 958 1076 1002 proponatur
1094 973 1106 991 ,
1134 957 1172 984 et
1188 956 1306 997 super
1326 957 1369 982 ea
1392 942 1549 995 aliquid.

87 1001 329 1045 decernatur
349 1037 360 1054 ,
398 1021 582 1049 recursus
607 1003 650 1045 fit
680 1004 721 1044 in
744 1004 958 1058 Signatum
983 1032 994 1049 ‚
1028 1017 1048 1043 a
1089 1016 1169 1056 qna
1200 1000 1455 1044 rescribitur,
1501 1013 1546 1042 ut

85 1061 247 1104 conscita
269 1093 278 1107 ‚
306 1067 406 1119 quod
421 1081 538 1106 causa
558 1063 683 1105 civilis
700 1073 795 1105 esset
808 1060 1104 1119 praejudicialis
1121 1059 1310 1101 criminali
1325 1091 1336 1106 ‚
1363 1058 1548 1107 inhibeam

86 1118 142 1159 ita
161 1122 270 1160 enim
290 1151 303 1168 ,
337 1137 467 1174 quum
488 1124 707 1177 Episcopus
742 1122 1026 1176 Caputaqtcetts.
1049 1129 1062 1164 ’,
1093 1118 1289 1171 pendente
1309 1117 1369 1157 lite
1390 1118 1428 1156 in
1448 1118 1551 1158 Rota

87 1175 190 1228 inter
212 1178 342 1233 ipsum
362 1208 373 1225 ‚
405 1194 441 1220 et
457 1181 644 1220 Alibatem
663 1181 704 1218 S>
723 1179 880 1220 Mariae
915 1176 1056 1233 Oppidi
1077 1176 1193 1216 Piaszi
1215 1189 1332 1228 super
1350 1175 1552 1230 pertinen-

88 1233 146 1276 tia-
178 1235 468 1289 jurisdictionis
489 1269 505 1285 ,
535 1237 789 1278 criminaliter
818 1251 957 1278 contra
994 1237 1147 1276 dictum
1167 1235 1364 1275 abbatem
1394 1249 1552 1288 proces-

85 1291 196 1334 sisset
217 1323 228 1339 ,
256 1294 374 1336 etiam
403 1311 528 1351 usque
548 1297 599 1336 ad
616 1296 854 1337 sententiam
870 1292 1299 1336 excommunicationis
1317 1291 1358 1331 in
1378 1307 1552 1347 poenam

85 1348 375 1406 jurisdictionis
393 1382 404 1398 ‚
422 1356 472 1403 ab
508 1355 650 1394 eodem
681 1355 839 1395 Abbate
873 1355 1125 1409 perturbatae
1172 1353 1212 1392 in
1263 1351 1549 1405 cognoscendo
1609 1400 1616 1404 ,

86 1409 306 1464 quamdam
330 1411 617 1464 furtive-<tusam
639 1440 650 1456 ‚
683 1428 808 1466 quam
840 1412 1060 1466 Episcopus
1093 1411 1146 1450 ad
1176 1424 1214 1449 se
1245 1422 1419 1463 spectare
1455 1424 1550 1450 con-2

87 1469 276 1511 tendebat
297 1501 309 1520 ,
339 1472 540 1528 proposita
561 1470 821 1527 appellatione
848 1471 899 1510 ab
925 1470 1081 1511 Abbate
1098 1498 1112 1518 ,
1156 1482 1201 1509 ac
1221 1466 1360 1508 habito
1381 1481 1549 1511 recursu

87 1527 139 1566 ad
159 1528 396 1584 Signaturae
423 1530 623 1573 Tribunal
642 1562 654 1580 ‚
683 1529 918 1586 rescriptum
935 1527 1013 1570 fuit
1036 1544 1131 1570 cum
1154 1526 1330 1570 clausula
1361 1528 1547 1582 superius

86 1583 194 1628 dicta
215 1615 227 1634 ,
261 1599 300 1628 et
327 1603 446 1629 causa
485 1591 609 1630 Rotae
643 1589 848 1630 commissa
868 1619 881 1637 ,
915 1601 1036 1645 prout
1069 1600 1230 1645 apparet
1256 1600 1304 1627 ex
1336 1586 1544 1627 Decisz‘one

86 1642 352 1702 Caputaquetz.
361 1646 645 1702 jurisclz'cti'onis
664 1662 799 1689 coram
816 1648 1065 1704 Manqanerl'o
1083 1663 1095 1696 τ,
1113 1662 1132 1688 e
1152 1660 1233 1701 qua
1251 1642 1418 1698 quidem
1440 1645 1544 1686 deci-

83 1701 195 1744 sione
227 1705 474 1761 dignoscitur
501 1738 512 1753 ,
551 1707 721 1762 quinam
752 1706 800 1748 sit
833 1704 996 1748 effectus
1032 1705 1200 1757 hujusce
1237 1702 1436 1744 clausulae
1457 1731 1468 1748 ‚
1497 1717 1542 1746 ut

85 1775 227 1817 nempe
248 1792 260 1810 ,
293 1763 432 1815 Judex
466 1766 519 1804 ad
535 1779 657 1816 quem
677 1768 697 1812 ‚¹
719 1766 975 1819 agnoscendo
1003 1763 1299 1819 praejudicium
1314 1792 1327 1809 ,
1355 1761 1468 1813 quod
1487 1761 1544 1801 ir-

85 1832 251 1875 rogatur
283 1835 331 1861 ex
361 1835 482 1862 causa
515 1821 618 1864 civili
653 1836 796 1862 causae
824 1821 1048 1868 criminali,
1078 1822 1258 1862 inhibeat
1291 1819 1342 1858 ne
1377 1819 1547 1860 ulterius.

83 1879 365 1933 progrediatur
383 1879 425 1919 in
447 1894 566 1920 causa
587 1879 806 1928 criminali3
831 1879 933 1935 quid
952 1892 1084 1919 autem
1104 1879 1152 1919 sit
1171 1875 1405 1928 hujusmodi
1426 1892 1544 1931 prae-

83 1934 283 1987 judicium
306 1966 317 1982 ‚
355 1952 403 1978 ex
419 1937 560 1977 eadem
578 1938 776 1979 decisione
797 1935 906 1978 facile
934 1938 1107 1992 quisque
1124 1935 1334 1993 percipiet;
1361 1935 1414 1977 ibi
1432 1937 1544 1977 enim

85 1993 233 2036 dicitur
255 2026 270 2045 ,
301 2010 458 2037 causam
490 1996 637 2037 civilem
652 1994 924 2053 praejudicare
943 2025 956 2043 ‚
982 1997 1135 2052 quando
1154 1996 1337 2037 sententia
1358 2025 1369 2042 ‚
1388 1994 1469 2035 lata
1496 1995 1538 2036 in

73 2051 229 2107 Judicio
262 2053 371 2097 civili
380 2054 489 2111 prius
512 2055 699 2096 intentato
713 2083 726 2102 ‚
748 2066 875 2110 potest
886 2070 1024 2109 parere
1042 2053 1335 2111 exequutionem
1353 2053 1406 2094 rei
1423 2054 1542 2109 jucli-

85 2122 190 2154 eatae
206 2112 247 2154 in
265 2113 489 2162 criminali,
517 2126 636 2169 prout
654 2125 737 2153 erat
762 2113 803 2152 in
822 2126 919 2152 casu
951 2113 1014 2152 illo
1031 2143 1043 2160 ,
1078 2113 1110 2153 si
1127 2114 1167 2151 in
1187 2115 1289 2153 Rota
1320 2112 1541 2155 resolveba-

85 2181 150 2211 tur
169 2198 182 2218 2
209 2172 481 2231 cognitionem
500 2172 734 2213 Causarum
761 2184 934 2226 spectare
960 2171 1013 2210 ad
1035 2170 1236 2211 Abbatem
1255 2199 1265 2210 .

204 2233 277 2274 Pro
303 2230 582 2274 condemnatis
615 2230 661 2269 ad
695 2230 893 2277 triremes,
911 2230 1081 2283 quando
1113 2227 1389 2285 appellationis
1417 2229 1548 2272 Com-2

87 2287 220 2330 missio
248 2291 341 2333 huic
359 2288 574 2331 Tribunali
609 2288 819 2328 exhibetur
837 2317 849 2334 ,
886 2287 947 2326 illa
981 2302 1165 2342 persaepe
1186 2287 1344 2344 elargiri
1377 2303 1459 2328 non
1478 2292 1559 2329 so-‘

87 2347 160 2396 fet,
181 2348 256 2390 nisi
276 2364 367 2390 cum
386 2347 562 2391 clausula
582 2362 659 2387 non
679 2346 876 2387 retardata
896 2346 1154 2399 exequutione
1173 2360 1185 2393 3
1206 2360 1245 2388 at
1261 2346 1511 2400 quandoque
1531 2378 1546 2396 ,

87 2407 268 2448 exhibito
297 2407 436 2459 aliquo
470 2405 687 2458 iniustitiae
726 2417 993 2459 argumento,
1021 2404 1084 2445 vel
1109 2403 1205 2457 quia
1236 2416 1325 2445 reus
1359 2417 1547 2460 gravatus

87 2479 220 2507 revera
240 2465 314 2512 sit,
337 2464 576 2505 Commissio
597 2462 868 2520 appellationis
893 2461 1116 2517 simpliciter
1135 2462 1254 2502 datur
1272 2493 1285 2510 ‚
1306 2464 1393 2503 Reo
1413 2476 1547 2504 tamen

89 2525 132 2565 in
163 2525 385 2565 carceribus
419 2536 682 2571 remanente3
714 2535 751 2563 et
781 2521 1032 2575 aliquando,
1060 2521 1090 2561 si
1121 2535 1277 2577 gustato
1313 2522 1546 2578 gravamine

89 2584 203 2628 Reus
219 2584 268 2628 sit
295 2583 337 2625 in
357 2595 452 2627 actu
478 2582 605 2625 eundi
624 2581 676 2624 ad
702 2580 877 2624 triremes
894 2609 908 2630 ,
942 2581 1068 2625 Effius
1086 2581 1313 2626 Praefectus
1345 2596 1437 2625 eum
1455 2581 1547 2623 reti·

1470 2655 1547 2684 ne·-
