1952 3167
336 308 405 342 116
696 306 758 340 DE
784 306 895 347 JURE
925 305 1205 341 SIGNATURAE
1230 305 1442 347 JUSTITIAE

335 365 422 390 ctam
454 352 532 389 Iulii
558 354 602 389 ΙΙ.
632 352 919 390 Constitutionem
942 355 1163 394 confirmans,
1190 367 1226 389 ac
1257 355 1354 388 etiam
1384 355 1422 388 ad
1447 354 1477 386 S.
1496 353 1536 387 R.
1556 352 1590 386 E.
1611 351 1829 388 Cardinales‘

335 402 496 448 amplians
513 412 547 437 et
562 405 741 438 extendens
756 428 766 443 ,
797 416 856 449 per
876 402 1075 438 Schedulam
1107 403 1157 437 sui
1179 404 1292 438 Motus
1313 402 1468 447 proprii,
1499 403 1560 436 sub
1576 402 1688 435 datum
1718 402 1811 436 vide-

333 452 413 487 licet
439 451 693 497 quintodecimo
715 452 879 487 Kalendas
897 452 1041 497 Augusti
1060 476 1070 488 .
1087 451 1305 484 Pontificatus
1332 451 1382 484 sui
1401 452 1499 483 Anno
1517 457 1636 493 quarto
1651 472 1661 487 ‚
1677 451 1810 494 propria

334 513 434 536 manu
449 502 633 545 signatam,
665 502 750 534 inter
764 501 824 535 alia
840 501 1003 534 concessit
1018 508 1049 531 et
1075 498 1218 536 statuit,
1249 507 1283 530 ut
1299 498 1456 541 deinceps
1474 498 1504 530 in
1523 496 1678 531 omnibus
1693 506 1725 531 et
1739 498 1815 544 qui-

333 551 546 594 buscumque
563 549 683 583 Causis
704 561 813 583 coram
832 546 999 590 praedictis
1029 545 1200 579 iudicibus
1221 569 1232 584 ,
1265 545 1361 580 etiarn
1382 544 1616 579 Cardinalibus
1636 569 1645 584 ‚
1673 557 1813 588 quomo-

333 599 528 642 documque
556 597 714 631 habendis
731 606 763 630 et
778 594 938 640 agitandis
955 618 965 633 ‚
997 592 1192 639 Collegium
1212 596 1318 638 ipsum
1351 593 1559 638 Scriptorum
1577 592 1730 628 Archivii
1747 594 1812 628 Ro-

333 658 435 681 manae
454 645 569 680 Curia:
594 646 754 679 Notarios
778 643 913 677 idoneos
930 667 940 682 ‚
970 641 1027 686 qui
1058 642 1087 676 in
1110 643 1276 682 ejusmodi
1295 641 1415 677 Causis
1443 642 1629 677 scriberent
1645 667 1656 682 ‚
1689 643 1812 677 consti-

334 705 428 729 tuere
443 696 581 730 deberet
600 705 608 733 ;
629 692 781 737 nullique
797 692 936 726 omnino
962 690 1108 736 ipsorum
1121 691 1278 730 ,Indicum
1294 715 1303 731 ‚
1333 692 1430 725 etiarn
1449 690 1679 726 Cardinalium
1696 715 1706 730 ‚
1732 690 1813 726 alios

333 743 494 778 Notarios
510 767 520 782 ‚
547 743 646 776 etiam
665 741 742 776 dicti
772 739 924 775 Archivii
940 740 1127 785 Scriptores
1142 764 1152 779 ,
1181 740 1211 773 in
1229 740 1349 774 Causis
1367 740 1556 779 hujusmodi
1591 751 1652 785 pro
1669 740 1810 775 arbitrio

334 792 538 827 constituere
553 799 708 836 possent;
736 792 792 824 sed
807 802 862 824 eos
889 790 1060 824 dumtaxat
1085 800 1251 823 assumere
1270 798 1484 829 tenerentur,
1513 800 1598 835 quos
1614 789 1811 835 Collegium

334 841 507 887 praefatum
535 852 597 874 suo
615 851 656 874 ex
672 838 802 884 gremio
821 839 850 873 in
865 850 986 885 genere
1002 862 1012 876 ‚
1044 838 1096 872 vel
1116 839 1145 872 in
1164 838 1275 882 specie
1292 837 1443 873 duxisset
1467 837 1638 883 eligendos
1653 862 1662 871 .

432 889 500 923 Etsi
517 898 628 923 antem
644 900 683 922 ex
710 888 852 932 ipsarum
881 887 1175 921 constitutionum
1201 886 1286 921 serie
1316 887 1411 931 plane
1438 896 1622 932 appareat,
1647 886 1712 924 iam
1735 895 1813 921 tunc

333 937 366 971 id
382 948 452 971 esse
468 937 687 970 constitutum
703 959 712 974 ,
747 945 783 969 ut
805 937 857 975 jus
882 936 1048 969 scribendi
1077 945 1111 970 et
1125 935 1283 970 actitandi
1313 937 1343 970 in
1360 937 1481 971 Causis
1497 961 1506 975 ‚
1538 947 1610 980 quae
1630 935 1813 970 Auditorio

333 986 429 1019 Rotae
447 982 708 1018 committuntur
724 1007 733 1022 ,
762 985 800 1018 ad
818 983 920 1028 ipsius
936 984 1030 1018 Rotae
1045 984 1204 1019 Notarios
1223 1009 1232 1022 ,
1260 994 1297 1019 ut
1314 994 1408 1019 antea
1424 1009 1434 1023 ‚
1470 984 1659 1029 pertineat3
1689 984 1720 1018 in
1740 983 1814 1018 aliis

330 1034 414 1067 vero
431 1032 551 1067 Causis
565 1057 574 1072 ,
589 1044 662 1078 quae
677 1032 934 1067 committuntur
951 1033 981 1066 in
1000 1033 1106 1067 Curia
1124 1033 1270 1067 Praelatis
1285 1058 1294 1073 ,
1312 1042 1345 1067 et
1359 1034 1595 1068 Cardinalibus
1610 1057 1620 1072 ‚
1643 1033 1695 1067 vel
1710 1033 1814 1067 etiam

331 1081 665 1128 Congregationibus
683 1081 934 1125 particularibus
949 1105 958 1121 ,
987 1082 1133 1116 scribere
1152 1091 1184 1115 et
1198 1083 1332 1116 actitare
1365 1083 1483 1117 debeat
1499 1081 1658 1117 Notarius
1688 1095 1706 1117 a
1731 1080 1816 1117 Col-

328 1130 420 1175 legio
447 1129 601 1165 Archivii
626 1130 774 1176 praedicti
793 1131 972 1175 deputatus
1000 1142 1009 1170 ς
1041 1131 1133 1175 quod
1167 1131 1266 1165 etiam
1296 1133 1535 1166 confirmatum
1569 1130 1814 1176 dignoscitura

328 1178 516 1214 recolendae
550 1178 720 1213 memoriae
740 1179 986 1216 Praedecessore
1009 1180 1137 1214 Nostro
1169 1179 1303 1214 Urbano
1330 1181 1417 1224 Papa
1438 1181 1532 1215 VIII.
1549 1205 1558 1219 ‚
1589 1180 1644 1224 qui
1662 1191 1721 1224 per
1737 1191 1812 1214 suas

330 1228 460 1262 Literas
481 1229 510 1262 in
529 1228 637 1263 forma
656 1228 774 1263 Brevis
790 1252 800 1267 ‚
827 1229 914 1263 datas
930 1228 984 1262 die
1002 1227 1082 1268 xxij.
1099 1228 1270 1263 Februarii
1286 1229 1372 1263 Anni
1388 1229 1623 1263 MDCXXXI.
1639 1229 1814 1263 Pontifica-

328 1286 381 1311 tus
410 1277 461 1311 sui
492 1279 589 1311 Anno
606 1286 730 1312 octavo
748 1301 757 1316 ‚
789 1277 908 1312 auditis
932 1277 1086 1312 Partibus
1114 1277 1145 1311 in
1161 1277 1335 1322 Signatum
1363 1290 1421 1312 sua
1446 1278 1594 1316 Gnatiae,
1622 1277 1675 1312 die
1695 1285 1813 1322 quarta

329 1327 476 1366 ejusdem
497 1325 615 1360 mensis
645 1326 818 1360 Februarii
848 1326 981 1365 habita,
1016 1325 1216 1371 Apostolica
1230 1326 1433 1361 auctoritate
1447 1325 1655 1365 declaravit,
1683 1326 1813 1360 Causas

291 1412 294 1414 ,
328 1386 390 1419 pro
417 1384 570 1419 tempore
597 1376 857 1410 committendas
892 1376 1081 1409 Causarum
1119 1374 1238 1409 Palatii
1258 1375 1448 1421 Apostolici
1479 1375 1733 1413 Auditoribus,
1759 1373 1810 1408 uti

327 1423 476 1458 Praelatis
501 1447 510 1462 ‚
537 1423 608 1457 sive
635 1436 711 1458 cum
741 1423 891 1458 clausula
925 1425 1022 1458 etiam
1045 1432 1138 1457 extra
1162 1429 1277 1465 Rotam
1309 1448 1320 1463 ‚
1353 1432 1386 1458 et
1411 1424 1533 1470 absque
1556 1424 1808 1469 participatione

330 1475 416 1513 Rotae
445 1495 455 1510 ‚
483 1470 555 1504 sive
581 1473 707 1514 absque
744 1471 891 1504 clausula
935 1471 1127 1509 hujusmodi
1153 1494 1163 1509 ‚
1208 1480 1361 1515 spectare
1390 1474 1428 1506 ad
1458 1472 1619 1506 Officium
1651 1469 1808 1504 Archivii

327 1518 506 1564 praedicti,
537 1520 676 1562 ejusque
703 1518 882 1553 Notarium
913 1517 945 1552 in
962 1517 1027 1551 illis
1059 1517 1205 1552 scribere
1221 1521 1370 1560 debere3
1399 1519 1430 1554 in
1464 1519 1585 1552 Causis
1617 1520 1702 1552 vero
1718 1530 1810 1552 com-

327 1566 495 1602 mittendis
514 1566 736 1600 Auditoribus
751 1566 947 1609 praedicti1,
983 1566 1084 1600 etiam
1103 1577 1196 1601 extra
1215 1567 1337 1601 Rotam
1356 1591 1366 1605 ‚
1388 1577 1421 1600 et
1438 1568 1562 1611 absque
1579 1565 1809 1612 participatio-

326 1628 366 1650 ne
401 1615 498 1650 Rota:
518 1638 527 1653 ‚
555 1625 619 1648 non
637 1622 746 1649 tamen
762 1613 810 1651 uti
834 1612 985 1650 Praelatis
1003 1638 1014 1654 ,
1045 1615 1098 1654 ius
1112 1614 1279 1650 scribendi
1309 1626 1381 1651 esse
1396 1626 1495 1661 penes
1528 1616 1676 1656 eiusdem
1708 1616 1808 1651 Rotae

328 1665 508 1700 Notarius.

422 1715 596 1751 Hactenus
623 1724 734 1752 tamen
760 1728 858 1752 nemo
877 1717 1107 1753 Romanorum
1133 1715 1340 1753 Pontificum
1360 1717 1647 1753 Praedecessorum
1677 1724 1809 1751 nostro-

328 1774 402 1802 rum
416 1787 426 1803 ‚
455 1776 574 1810 genera
592 1766 778 1802 Causarum
801 1767 996 1807 hujusmodi
1023 1769 1233 1803 secernendo
1248 1792 1258 1807 ‚
1285 1767 1465 1802 constituit
1482 1792 1492 1808 ,
1512 1779 1661 1812 quaenam
1685 1767 1808 1800 Causae

326 1813 551 1849 Auditoribus
574 1815 668 1850 Rotae
685 1839 694 1855 ‚
721 1817 769 1850 uti
789 1817 1014 1852 Auditoribus
1033 1841 1043 1857 ,
1075 1816 1141 1852 sint
1173 1817 1426 1852 committendae
1454 1828 1463 1855 ;
1492 1828 1567 1862 qux
1592 1825 1703 1850 autem
1732 1812 1807 1848 aliis

325 1863 491 1904 praetlictae
511 1864 627 1899 Curiae
641 1863 784 1900 Praelatis
799 1890 809 1905 ‚
829 1866 883 1900 vel
901 1865 980 1911 ipsis
995 1867 1093 1901 Rotae
1110 1865 1337 1900 Auditoribus
1352 1890 1362 1906 ‚
1391 1876 1457 1899 non
1481 1865 1528 1901 uti
1547 1864 1774 1900 Auditoribus
1792 1885 1804 1901 ,

325 1911 383 1944 sed
402 1912 449 1946 uti
466 1913 635 1952 Fraelatis,
655 1914 823 1949 committi
852 1915 1005 1959 possint.
1033 1914 1201 1962 Qiamvis
1223 1914 1312 1949 enim
1340 1938 1350 1953 ‚
1381 1914 1471 1950 sicut
1497 1914 1711 1960 accepimus,
1743 1910 1807 1957 pix

324 1961 495 2013 memori-:e
525 1963 684 1997 Cz'emens
707 1964 908 2008 PapaVlII.
940 1964 1068 2000 Noster
1092 1964 1193 1999 etiam
1220 1963 1473 2003 Praedecessor‚
1502 1961 1802 2003 hujusmodidefi-
1835 2005 1838 2007 ‚

321 2008 482 2062 niti-onem
513 2019 544 2044 et
574 2012 818 2055 separationem
845 2023 1021 2059 aggressus
1039 2038 1049 2053 ‚
1078 2013 1275 2048 Schedulam
1300 2014 1477 2058 quamdam
1508 2013 1558 2048 sui
1590 2013 1704 2047 Motus
1731 2018 1806 2054 pro·-

321 2066 386 2100 pru
414 2059 476 2093 sub
511 2061 623 2094 datum
645 2060 784 2096 Tusculi
813 2061 971 2097 K‘alendis
1012 2061 1178 2097 Octobris
1212 2061 1436 2097 l'ontiflcatus
1463 2063 1515 2097 sui
1549 2073 1634 2096 anno
1670 2057 1803 2091 decimo

320 2106 458 2150 propria
488 2120 586 2143 manu
613 2109 828 2154 signaverit3
858 2111 888 2145 in
918 2124 984 2155 qua
1010 2111 1146 2156 singula
1180 2111 1372 2144 Causarum
1409 2121 1530 2152 genera
1571 2113 1801 2151 expresserat,

321 2164 394 2196 quae
422 2157 460 2187 ad
487 2157 659 2198 praefatum
683 2159 779 2191 Rotae
795 2158 956 2191 Tribunal
972 2181 982 2195 ,
1007 2158 1177 2200 privative
1210 2156 1322 2197 quoad
1346 2156 1447 2189 alium
1468 2165 1716 2200 quemcumque
1735 2153 1803 2186 Ro-

320 2211 422 2234 manae
439 2201 552 2235 Curiae
578 2204 734 2242 judicem
763 2227 774 2242 ‚
803 2204 970 2247 pertinere
1001 2202 1166 2244 volebat;
1195 2203 1277 2237 Haec
1299 2212 1408 2237 tamen
1437 2202 1602 2237 Schedula
1633 2212 1803 2247 nunquam

322 2247 420 2293 Legis
449 2250 544 2288 vim,
576 2251 831 2289 auctoritatem,
865 2260 897 2285 et
924 2251 1103 2284 efficaciam
1132 2251 1287 2284 habuisse
1329 2251 1576 2296 dignosciturj
1605 2262 1710 2296 quum
1742 2261 1801 2284 nec

321 2307 421 2340 super
448 2309 484 2330 ea
507 2299 618 2332 debita
638 2298 826 2332 Lite-*arum
843 2298 1118 2342 Apostolicarum
1137 2297 1312 2342 expeditio
1336 2311 1478 2345 sequuta
1503 2300 1630 2339 fuerit;
1653 2300 1710 2334 sed
1732 2298 1802 2340 ipsa

321 2346 494 2379 dumtaxat
525 2345 555 2380 in
584 2346 734 2392 Regestis
759 2345 1049 2391 Supplicationum
1070 2347 1216 2381 Datariae
1246 2348 1453 2391 Apostolicae
1478 2348 1701 2388 remanserit;
1730 2347 1800 2381 Ne·

323 2405 386 2436 que
403 2405 480 2429 vero
496 2395 654 2440 deinceps
683 2406 858 2430 causarum
878 2394 1052 2430 Rotalium
1069 2408 1087 2430 a
1104 2395 1294 2430 Praelatitiis
1310 2396 1479 2432 distinctio
1508 2399 1546 2432 ad
1564 2396 1798 2442 praescriptum

322 2443 432 2476 relatae
458 2443 656 2482 Scheduhz,
685 2447 742 2478 sed
775 2446 868 2484 juxta
897 2445 1175 2479 consuetudinem
1206 2454 1239 2478 et
1269 2445 1397 2490 stylum
1432 2446 1549 2491 ,Curiae
1570 2470 1581 2486 ,
1608 2455 1648 2480 ut
1680 2453 1798 2484 antea,

322 2492 521 2534 processerit
540 2517 548 2526 .
580 2493 781 2538 Quinimmo
804 2505 907 2538 quum
935 2492 1017 2528 olim
1033 2518 1043 2533 ‚
1067 2505 1130 2539 pro
1149 2502 1243 2538 parte
1268 2493 1416 2538 Collegii
1434 2494 1658 2529 Notariorum
1681 2495 1796 2540 R9tae‚

316 2538 440 2577 similis
458 2541 628 2576 memoriae
656 2542 847 2578 Alexandro
876 2543 970 2588 Papae
989 2542 1066 2578 VII.
1092 2543 1224 2578 Nostro
1249 2540 1330 2578 item
1352 2543 1596 2580 Praetlecessori
1625 2541 1798 2579 humiliter
