1993 3195
646 323 683 366 C
718 323 756 366 A
788 327 816 367 P
847 326 887 367 U
917 325 955 367 T
1016 327 1044 367 1.
1589 349 1607 376 1

225 383 313 428 Nec
331 380 552 433 dissimilis,
585 380 706 424 immo
746 384 878 427 acrior
909 384 988 426 fuit
1024 384 1299 431 controversia
1315 417 1329 436 ‚
1370 345 1613 445 promota5a

108 443 290 489 Notariis
319 442 400 487 sive
419 441 645 486 Secretariis
662 441 858 486 Gamerae
875 442 1113 486 pontificiae
1135 477 1144 486 .
1181 446 1238 486 Hi
1257 447 1366 488 enim
1384 448 1426 488 in
1449 449 1615 502 Causis,

67 525 71 530 ·
110 518 215 561 quae
234 502 460 558 aliquando
480 499 778 545 examinandae
809 517 1102 560 proponuntur
1134 505 1175 546 in
1193 506 1468 562 peculiaribus
1505 510 1614 552 Car-

112 562 340 612 dinalium,
374 560 456 606 sive
491 562 764 604 Praelatorum
796 562 1224 621 Congregationibus,
1258 564 1324 618 jus
1342 565 1417 606 sibi
1450 566 1607 610 tribue-

110 623 210 666 bant
222 635 309 664 acta
325 621 581 671 conficiendi,
598 635 730 676 quum
752 636 893 681 nempe
911 623 1077 665 Causae
1097 623 1325 681 praedictae
1343 625 1611 683 respexissent

111 681 300 724 interesse
319 681 497 737 ejusdem
513 680 712 724 Gamerae
731 712 742 722 .
763 682 847 725 Lite
867 683 920 724 ad
937 682 1042 724 idem
1057 684 1182 727 Rotae
1202 684 1613 738 Tribunaldeducta,

109 742 189 783 hoc
209 738 526 798 suffragantibus
557 741 752 784 omnibus
784 741 980 799 rescripsit
1013 757 1153 786 contra
1171 744 1298 786 dictos
1324 744 1563 787 Secretarios
1596 777 1612 795 ‚

112 800 197 843 sive
213 799 409 843 Notarios
426 829 440 849 ,
473 813 597 857 prout
616 801 751 844 videre
787 801 904 843 estin
925 802 1043 844 decis.
1077 804 1252 845 Romana
1277 801 1386 848 Iuris
1413 804 1613 846 scribendi

114 859 376 915 13.januorii
401 858 528 915 1766.
549 874 679 903 eoram
699 859 891 910 Οἶὶυαῑίο,
925 873 963 903 et
991 875 1060 918 23.
1083 861 1177 919 julli
1211 861 1393 914 ejusdem
1431 862 1529 903 anni
1563 863 1605 903 in

110 919 291 962 Romana
310 933 425 976 super
443 919 684 962 restitutione
709 920 1052 963 emolumentorum
1073 951 1084 961 .
1119 922 1170 964 Et
1188 921 1352 963 demum
1380 921 1421 962 in
1441 921 1516 963 alia
1537 935 1606 963 20.

112 978 246 1020 martii
266 978 394 1035 1767.
428 978 470 1022 vi
504 994 683 1035 quarum
712 980 807 1022 huic
837 980 936 1022 aliae
978 979 1276 1025 controversiae
1307 980 1399 1023 finis
1448 980 1614 1037 imposi-

115 1047 184 1079 tus
207 1037 318 1086 fuit3

233 1095 283 1137 Et
298 1095 396 1150 quia
414 1095 528 1138 lucra
550 1096 721 1150 hujusce
755 1096 924 1154 Collegii
943 1099 1121 1148 maxima
1138 1111 1186 1139 ex
1203 1109 1314 1154 par-te
1329 1096 1522 1143 obvenire
1553 1113 1610 1140 so-

112 1155 196 1195 lent
221 1154 274 1193 ab
290 1153 545 1205 expeditione
566 1155 831 1199 decretorum,
848 1156 999 1206 quibus
1015 1156 1179 1194 Causae
1199 1155 1308 1194 alteri
1331 1157 1466 1206 Judici
1488 1157 1528 1197 in
1547 1171 1610 1198 se-

112 1209 251 1254 cunda
262 1207 456 1250 instantia
470 1207 727 1260 a‚Tribunali
745 1209 986 1266 Signaturae
1001 1211 1312 1253 committuntur
1330 1227 1342 1261 ;
1374 1226 1412 1255 et
1428 1214 1607 1270 Scripto-

113 1285 187 1320 res,
201 1270 274 1324 qui
291 1282 433 1309 eorum
449 1267 581 1310 officia
599 1267 795 1311 vacabilia
812 1282 985 1311 oneroso
998 1269 1117 1312 titulo
1136 1270 1336 1321 obtinent,
1350 1271 1609 1316 animadver-

113 1330 252 1373 tissent
269 1328 311 1369 in
333 1327 544 1369 nonnullis
562 1325 810 1370 Civitatibus
829 1328 1009 1371 Ditionis
1026 1329 1255 1386 pontificiae
1279 1329 1448 1382 judices
1464 1346 1610 1373 secun-

116 1388 190 1430 dae
208 1386 557 1436 instantiae‚nullo
573 1386 764 1442 peculiari
783 1387 988 1444 privilegio
1008 1386 1175 1438 suffulti,
1187 1388 1411 1439 admittere,
1421 1403 1459 1432 et
1475 1388 1613 1443 rejice-

115 1463 155 1491 re
173 1446 456 1504 appellationes
481 1446 566 1488 sine
587 1445 883 1488 Commissione
899 1446 1137 1503 Signaturae
1161 1476 1175 1495 ,
1209 1459 1328 1503 atque
1346 1448 1611 1494 inhibitiones

116 1506 350 1556 concedere;
361 1504 384 1547 ὲ
405 1520 487 1561 quo
500 1507 633 1549 abusu
645 1504 802 1549 fructus
817 1505 1021 1548 dictorum
1037 1505 1282 1549 Officiorum
1300 1521 1385 1549 non
1404 1509 1612 1553 modicum

61 1587 68 1589 >
116 1565 404 1609 detrimentum
420 1594 434 1614 ,
453 1579 490 1609 et
508 1565 822 1607 diminutionem
846 1565 1131 1622 patiebantur:,
1157 1565 1311 1623 pluries
1324 1569 1609 1626 >confugientes

116 1625 705 1682 adSignaturae.Auditorem,
734 1625 788 1666 ab
819 1639 867 1666 eo
894 1624 1167 1667 obtinuerunt
1196 1625 1608 1685 circumscriptionem

113 1685 420 1735 sententiarum,
436 1700 538 1741 quas
555 1684 712 1738 judices
727 1684 930 1726 secundae
948 1684 1169 1727 instantiae
1188 1684 1369 1728 tulerunt
1383 1687 1533 1742 absque
1551 1688 1606 1728 Si-

114 1755 312 1801 gnaturae
330 1743 648 1787 Commissione.
667 1742 757 1786 Nec
778 1743 869 1786 ideo
887 1741 1125 1797 hujusmodi
1145 1745 1297 1786 abusus
1310 1744 1435 1796 finem
1451 1745 1609 1788 habuit.

116 1803 226 1845 Hinc
247 1803 478 1862 Collegium
507 1804 758 1861 Scriptorum
792 1808 973 1853 curavit,
1000 1803 1066 1857 jus
1084 1818 1206 1845 suum
1233 1804 1418 1859 persequi
1439 1818 1613 1860 praeser-

117 1861 190 1902 tim
208 1861 400 1903 adversus
419 1862 621 1902 Civitatem
641 1862 842 1902 Camerini
859 1862 901 1901 in
923 1862 1145 1916 Signatura
1162 1861 1481 1908 Gratiae,coram
1502 1865 1612 1903 Pon-

115 1919 220 1962 zifice
251 1917 392 1958 habita
417 1932 530 1958 anno
567 1918 696 1972 1783.
728 1912 832 1972 quae
866 1919 1087 1975 rescripsit:
1109 1917 1282 1963 Iudicem
1315 1918 1537 1969 Camerini,
1565 1923 1612 1963 de

116 1989 191 2034 quo
204 1973 585 2032 agitur²cognoscere
597 1989 789 2027 nonposse
804 1975 844 2013 in
858 1978 1027 2017 secunda
1042 1976 1224 2016 instantia
1237 1989 1380 2017 causas
1396 1977 1524 2020 civiles
1540 1981 1610 2021 de-

107 2033 251 2092 finitas
265 2033 306 2075 in
326 2031 444 2074 Curia
481 2031 630 2074 laicali
662 2031 858 2075 Camerini
883 2035 1032 2091 absque
1065 2033 1350 2077 commissione
1374 2035 1612 2095 Signaturae

111 2093 293 2143 Iustitiae
310 2123 325 2142 ,
354 2091 469 2134 salvis
490 2091 648 2147 juribus
681 2090 912 2148 appellantis
930 2122 943 2140 ,
975 2104 1014 2134 et
1028 2093 1214 2150 appellati
1231 2123 1242 2135 .
1474 2123 1476 2125 -

234 2153 350 2194 Haec
382 2150 550 2206 quidem
580 2150 760 2193 definitio
795 2151 984 2193 nonnihil
1011 2151 1184 2194 contulit
1209 2153 1262 2194 ad
1296 2156 1613 2213 compescendos

120 2210 358 2266 hujusmodi
387 2212 569 2259 abusus,
600 2210 767 2267 irreptos
804 2209 846 2251 in
885 2210 1090 2267 aliquibus
1118 2210 1206 2253 aliis
1238 2212 1489 2258 Civitatibus
1512 2245 1524 2263 ,
1573 2229 1611 2260 et

121 2272 236 2315 Locis
280 2269 507 2329 praedictae
538 2269 772 2312 pontificiae
787 2269 968 2312 Ditionis
989 2299 1002 2318 ,
1030 2271 1078 2312 de
1097 2270 1250 2327 quibus
1283 2272 1381 2314 alibi
1415 2274 1537 2317 etiam
1553 2275 1615 2316 di·

125 2331 300 2373 cendum
330 2331 435 2380 erit;
472 2343 593 2385 atque
627 2344 814 2371 normam
843 2330 1038 2386 praestitit
1065 2330 1261 2373 Auditori
1292 2333 1533 2390 Signaturae
1564 2334 1608 2376 in

126 2404 224 2432 casu
240 2390 465 2434 occurrenti
481 2387 844 2443 judicandi;itaut,
863 2405 993 2445 quum
1009 2403 1098 2447 post
1113 2403 1343 2432 emanatam
1369 2391 1518 2434 dictam
1545 2394 1614 2434 de-

126 2448 353 2491 finitionem
379 2450 510 2503 Judex
533 2447 774 2492 Roncilionis
806 2448 846 2488 in
882 2449 1061 2491 secunda
1094 2449 1287 2491 instantia
1320 2449 1610 2494 inhibitionem

128 2508 386 2561 concessisset>
398 2509 590 2554 adversus
605 2508 838 2563 judicatum
856 2507 877 2562 J
884 2508 1013 2551 udicis
1031 2507 1228 2550 ordinarii
1249 2505 1405 2567 Oppidi
1421 2510 1612 2552 Fabricae

130 2568 281 2624 absque
326 2568 459 2613 debita
492 2568 789 2613 commissione
823 2569 1100 2626 appellationis
1129 2583 1151 2611 a
1174 2568 1392 2626 Signatura
1428 2569 1613 2623 Justitiae

1020 2627 1058 2668 G
1091 2641 1116 2670 2
1418 2665 1421 2667 μ
1509 2628 1613 2672 obti-
