1952 3167
366 313 439 338 120
738 296 800 330 DE
827 293 940 336 JURE
976 290 1256 328 SIGNATURAE
1282 288 1494 332 JUSTITIAE

359 363 428 398 quo
443 375 453 391 ‚
482 348 553 384 sive
578 359 617 383 ex
635 357 703 392 quo
717 344 910 384 hujusmodi
930 344 1062 377 Census
1083 366 1093 381 ,
1125 354 1183 376 seu
1213 342 1331 374 Canon
1348 363 1357 379 ‚
1384 338 1549 374 Livellum
1566 362 1576 378 ‚
1603 347 1659 373 aut
1675 335 1856 382 praestatio,

360 399 543 436 constituta
557 421 566 436 ‚
593 403 758 430 reservata
773 419 783 434 ‚
823 405 879 428 seu
898 393 978 425 alias
995 402 1135 436 quoquo
1169 391 1272 424 modo
1289 389 1401 423 debita
1426 387 1551 422 fuerint
1570 402 1577 418 :
1608 389 1643 421 In
1661 388 1781 422 Causis
1800 398 1857 420 au-

360 459 427 485 tem
456 446 631 483 Servitutis
656 443 752 478 realis
768 451 824 477 aut
848 441 958 476 mixtae
974 464 984 479 ,
1011 439 1295 474 con-siderandum
1326 447 1395 470 csse
1422 436 1578 468 volumus
1603 435 1750 470 valorem
1770 446 1854 480 prx-

362 499 435 537 dii,
463 507 564 540 super
579 505 646 539 quo
663 493 813 527 Servitus
834 490 900 534 ipsa
919 488 1161 522 contenditur:
1181 485 1234 517 Ad
1253 487 1316 516 hoc
1332 483 1492 516 nimirum
1508 506 1518 522 ‚
1549 491 1586 516 ut
1604 483 1741 528 singulte
1760 485 1855 518 Cau-

364 558 405 582 sa:
432 543 621 584 hujusmodi
637 567 647 581 ,
679 552 739 584 pro
755 550 867 573 earum
888 534 1075 578 respectiva
1091 531 1313 566 :estimatione
1329 554 1339 569 ,
1367 539 1400 564 et
1415 539 1516 574 prout
1543 543 1583 566 ex
1597 533 1748 576 partibus
1766 532 1852 566 citra

365 594 418 630 vel
438 593 520 629 ultra
551 593 682 626 Montes
697 587 820 621 fuerint
835 609 845 624 ,
875 586 967 623 juxta
984 593 1020 616 ea
1035 606 1045 622 ‚
1072 591 1144 626 quae
1165 579 1196 614 in
1208 578 1443 625 superioribus
1464 580 1728 626 praescripsimus
1742 604 1752 620 ‚
1788 581 1856 614 Ro-

367 643 448 679 tal-es
463 668 473 683 ‚
502 651 557 676 aut
576 635 757 673 Praelatitiae
786 641 984 668 censeantur
998 655 1006 664 .

464 691 631 724 Volumus
657 694 765 718 tamen
783 707 793 722 ,
819 692 921 726 atque
949 679 1190 717 concedimus,
1216 686 1281 718 ut,
1309 678 1408 713 salvis
1438 686 1471 713 et
1486 678 1658 724 exceptis,
1687 686 1725 714 ut
1743 687 1855 722 supra,

371 741 492 775 Causis
511 732 839 772 matrimonialibus,
867 739 897 764 et
914 740 1017 774 super
1044 727 1193 763 nullitate
1227 726 1447 761 Professionis
1464 751 1474 766 ,
1505 727 1676 774 inquibus
1712 728 1752 761 ne
1782 737 1863 761 con·

370 800 483 825 sensus
514 785 650 830 quidem
671 780 821 815 Partium
840 780 903 813 erit
933 780 1153 813 attendendus
1171 801 1180 816 ‚
1206 776 1236 810 in
1266 776 1392 811 caeteris
1423 777 1577 811 omnibus
1598 776 1720 812 Causis
1739 774 1858 821 praedia

371 839 457 876 ctis,
488 836 585 870 liceat
617 840 649 866 et
666 831 835 875 integrum
863 829 904 862 sit
933 827 1088 861 Partibus
1108 825 1386 870 Collitigantibus
1421 826 1508 860 inter
1532 838 1565 859 se
1594 829 1796 860 concordare
1825 831 1859 858 et

370 884 560 923 consentire
580 906 590 921 ‚
621 879 712 925 quod
731 880 842 912 Causa
868 876 966 910 etiam
991 876 1098 910 minus
1116 875 1248 921 gravi3‚
1279 883 1311 908 et
1328 876 1368 908 de
1396 874 1445 909 sui
1477 883 1594 909 natura
1622 875 1853 920 etqualitate,

371 944 410 970 ut
429 931 665 981 praediximus,
691 925 891 964 Praelatitia,
926 924 1112 958 Auditorio
1141 924 1237 958 Rotae
1261 923 1493 959 committatur
1521 935 1531 963 3
1563 932 1596 957 et
1623 924 1641 957 e
1669 934 1856 962 converse,

371 984 463 1029 quod
490 981 600 1013 Causa
623 975 721 1011 etiam
743 974 876 1020 gravior
893 996 903 1012 ‚
929 983 963 1008 et
996 975 1037 1007 de
1065 972 1116 1007 sui
1145 983 1283 1011 natura,
1313 983 1348 1007 ut
1380 972 1664 1018 praescripsimus,
1699 971 1854 1012 Romalis,

372 1028 606 1066 committatur
625 1025 724 1061 alicui
749 1022 888 1058 Praelato
905 1032 997 1057 extra
1016 1023 1161 1061 Rotam3
1192 1022 1304 1066 thue
1332 1022 1370 1056 ad
1385 1022 1577 1061 hujusmodi
1594 1021 1751 1057 effectum
1776 1033 1855 1056 con-

373 1091 486 1116 sensus
515 1076 662 1111 Partium
679 1075 890 1108 attendatur:
920 1072 997 1107 Hoc
1013 1081 1121 1106 tamen
1149 1079 1330 1106 statuentes
1353 1080 1389 1105 ut
1415 1083 1594 1106 consensus
1626 1068 1855 1111 huiusmodia

366 1127 533 1175 ‘legitimis
548 1125 742 1161 earumdem
758 1123 907 1157 Partium
924 1122 1113 1166 respective
1134 1120 1414 1155 procuratoribus
1441 1121 1596 1167 expresse
1622 1119 1788 1165 praestitus
1803 1131 1855 1164 ap-

372 1187 486 1224 pareat
500 1189 517 1210 a
537 1185 634 1221 tergo
649 1171 908 1208 commissionis
926 1196 935 1211 ‚
949 1183 1010 1205 nec
1027 1170 1122 1205 aliter
1138 1183 1147 1210 3
1168 1171 1217 1204 Ac
1240 1170 1454 1205 decernentes
1472 1194 1482 1209 ‚
1498 1171 1588 1215 quod
1617 1169 1749 1215 quoties
1778 1168 1857 1203 Par-

372 1237 421 1262 tes
437 1225 660 1271 collitigantes
680 1222 910 1261 consentiant,
938 1230 974 1254 ut
1000 1232 1097 1254 causa
1114 1219 1221 1265 aliqua
1249 1218 1356 1264 gravis
1371 1244 1381 1259 ,
1415 1230 1447 1254 et
1475 1221 1516 1253 de
1544 1219 1596 1253 sui
1617 1228 1730 1253 natura
1752 1219 1857 1252 Rota-

374 1277 437 1316 lis,
465 1284 630 1319 utsupra
647 1297 656 1313 ‚
683 1270 784 1306 alicui
816 1271 958 1305 Praelato
984 1268 1218 1303 committatur
1236 1292 1246 1307 ‚
1282 1268 1388 1313 possit
1414 1268 1547 1314 quidem
1581 1268 1696 1302 Causa
1726 1267 1795 1311 ipsa
1822 1265 1854 1300 in

373 1325 444 1360 vim
476 1325 548 1359 talis
578 1332 758 1358 consensus
785 1319 949 1354 committi
977 1317 1115 1353 cuilibet
1133 1317 1274 1351 Praelato
1301 1317 1333 1350 in
1350 1318 1458 1352 Curia
1488 1326 1580 1351 extra
1597 1317 1744 1355 Rotam,
1769 1311 1855 1350 nutt-

375 1387 472 1420 quam
489 1382 599 1408 autem
627 1370 726 1406 alicui
742 1381 781 1403 ex
798 1369 899 1413 ipsius
927 1369 1021 1403 Rotae
1035 1366 1260 1402 Auditoribus
1278 1391 1287 1406 ,
1317 1366 1364 1401 uti
1394 1366 1538 1401 Praelatis
1553 1390 1561 1399 .

472 1422 579 1466 Quod
607 1429 719 1454 autem
750 1420 867 1451 attinet
892 1418 930 1452 ad
948 1418 1100 1456 Causas,
1137 1428 1209 1461 quae
1237 1418 1276 1449 ad
1305 1416 1426 1449 Forum
1457 1415 1574 1449 Curiae
1591 1412 1781 1456 Capitolii,
1809 1423 1850 1446 ex

377 1470 571 1515 praescripto
601 1469 804 1501 Statutorum
832 1465 956 1503 Urbis,
980 1474 1017 1498 et
1044 1464 1299 1508 privilegiorum
1333 1462 1455 1505 Populi
1490 1461 1657 1498 Romani,
1682 1460 1849 1505 pertinere

376 1519 648 1562 dignoscuntur,
673 1513 876 1548 declaramus
893 1513 1020 1546 Causas
1051 1511 1241 1550 huiusmodi
1269 1521 1334 1546 tam
1361 1522 1477 1556 graves
1495 1534 1505 1549 ,
1532 1521 1632 1554 quam
1657 1509 1765 1542 minus
1785 1520 1858 1554 gra-

375 1578 434 1601 ves
450 1590 460 1605 ‚
488 1574 669 1608 numquam
691 1564 730 1595 ab
745 1562 814 1602 ipsa
830 1561 937 1593 Cura
956 1559 1118 1604 Capitolii
1132 1561 1290 1598 avocari,
1319 1571 1377 1592 nec
1396 1558 1456 1591 nisi
1477 1556 1669 1595 accedente,
1688 1566 1725 1591 ut
1741 1569 1854 1602 supra,

377 1612 548 1650 communi
565 1610 713 1645 omnium
734 1607 883 1641 Partium
902 1607 1158 1652 collitigantium
1188 1618 1351 1640 consensu
1369 1630 1379 1646 ,
1409 1605 1569 1649 praedicto
1587 1605 1768 1640 Auditorio
1785 1606 1856 1640 Ro-

379 1674 420 1699 ta:
434 1688 444 1704 ‚
473 1671 528 1697 aut
549 1660 641 1695 alteri
658 1657 860 1702 cuicumque
873 1656 981 1690 ludici
997 1665 1090 1689 extra
1107 1655 1227 1688 Rotam
1255 1655 1422 1689 committi
1440 1667 1535 1698 posse
1552 1679 1561 1689 .

478 1710 597 1746 Causis
629 1708 738 1753 itaque
773 1704 947 1740 Rotalibus
975 1717 991 1738 a
1016 1703 1205 1738 Praelatitiis
1236 1703 1283 1738 sic
1301 1729 1311 1744 ‚
1340 1714 1376 1739 ut
1411 1703 1628 1750 praemisimus
1647 1727 1656 1742 ,
1684 1703 1851 1739 distinctis

379 1771 477 1807 atque
493 1760 647 1794 discretis
662 1782 671 1798 ‚
699 1766 902 1801 consequens
920 1763 994 1794 est,
1021 1762 1059 1788 ut
1073 1752 1306 1798 pertinentiam
1319 1766 1455 1799 quoque
1486 1753 1570 1788 Iuris
1597 1753 1764 1788 scribendi
1782 1777 1792 1793 ‚
1822 1761 1855 1788 et

377 1810 530 1847 actitandi
562 1808 591 1842 in
619 1804 784 1853 praedictis
810 1803 999 1847 respective
1016 1802 1138 1837 Causis
1161 1814 1309 1847 congrua
1339 1804 1464 1838 ratione
1490 1814 1727 1841 secernamus3
1757 1801 1856 1848 Qo-

377 1861 465 1895 circa
490 1858 692 1894 statuimus,
726 1862 759 1888 et
788 1852 886 1888 simili
919 1853 1024 1887 modo
1051 1851 1255 1887 declaramus
1272 1877 1282 1892 ,
1311 1862 1409 1899 atque
1430 1852 1642 1887 decernimus
1661 1877 1671 1892 ‚
1698 1853 1757 1894 Jus
1773 1850 1855 1886 scri-

374 1909 478 1944 bendi
504 1917 539 1941 et
565 1903 721 1940 actitandi
751 1903 782 1937 in
803 1901 944 1948 singulis
959 1901 1145 1946 respective
1171 1901 1316 1941 causis,
1352 1903 1519 1941 Notario,
1553 1914 1612 1936 seu
1630 1901 1778 1936 Notariis
1813 1899 1855 1934 il-

379 1958 443 1992 lius
472 1954 671 1994 Tribunalis‚
688 1952 741 1988 vel
757 1951 881 1987 Iudicis
899 1976 908 1992 ,
936 1951 990 1986 cui
1014 1951 1153 1997 singulae
1170 1951 1290 1986 Causae
1320 1962 1380 1995 pro
1410 1961 1561 1997 tempore
1590 1952 1776 1986 commissae
1804 1959 1856 1981 re-

378 2007 584 2046 manebunt,
611 2003 749 2039 omnino
775 2011 967 2047 competere
985 2025 994 2040 ‚
1022 2000 1250 2046 affectumque
1277 2012 1346 2035 esse
1389 2011 1423 2035 et
1449 2001 1544 2042 fore3
1573 2002 1661 2034 ltaut
1689 2001 1719 2034 in
1747 1994 1854 2030 omni-

379 2057 442 2090 bus
460 2079 470 2095 ‚
498 2064 531 2090 et
558 2053 696 2100 singulis
727 2052 873 2090 Causis,
901 2050 971 2085 sive
996 2052 1042 2084 ob
1075 2062 1187 2085 earum
1216 2058 1392 2090 naturam,
1424 2051 1495 2085 sive
1535 2059 1677 2094 propter
1701 2043 1852 2079 Partium

381 2103 642 2150 collitigantium
670 2113 869 2136 consensum
886 2123 895 2138 ,
926 2099 1089 2145 praedictx
1120 2099 1214 2133 Rotae
1230 2098 1413 2133 Auditorio
1439 2109 1498 2140 pro
1521 2106 1673 2137 tempore
1691 2093 1848 2128 commis-

380 2153 424 2186 sis
439 2177 449 2191 ,
475 2161 511 2185 et
537 2150 786 2185 committendis
801 2173 812 2187 ‚
841 2148 942 2192 ipsius
959 2149 1057 2180 Rotae
1073 2147 1219 2179 Notariis
1238 2167 1249 2182 ,
1278 2145 1445 2188 privative
1473 2145 1582 2188 quoad
1600 2152 1737 2177 caeteros
1755 2153 1854 2187 quos-

382 2210 529 2244 cumque
553 2197 739 2234 Notari-os‚
768 2196 867 2228 etiam
885 2193 1036 2236 Collegii
1055 2192 1261 2236 Scriptorum
1281 2192 1431 2226 Archivii
1446 2216 1457 2231 ‚
1487 2201 1520 2225 et
1535 2192 1650 2225 Curiae
1664 2190 1852 2235 Capitolii3

379 2249 514 2281 Contra
545 2243 669 2280 veroin
690 2241 844 2277 omnibus
861 2265 870 2280 ‚
895 2250 927 2274 et
952 2240 1091 2284 singulis
1106 2239 1251 2277 Causis,
1279 2251 1351 2283 quae
1381 2241 1425 2274 ob
1451 2251 1565 2273 earum
1596 2248 1743 2274 naturam
1761 2265 1770 2279 ‚
1798 2238 1853 2273 vel

384 2296 426 2330 de
446 2295 594 2329 Partium
622 2289 877 2334 collitigantium
910 2298 1075 2322 consensu
1094 2311 1105 2327 ,
1133 2286 1279 2321 Praelatis
1308 2296 1400 2322 extra
1417 2288 1534 2323 Rotam
1551 2312 1560 2327 ,
1591 2289 1641 2325 vel
1658 2313 1666 2327 ,
1686 2300 1854 2333 tamquam

383 2347 425 2379 de
444 2344 494 2378 sui
527 2351 640 2376 natura
661 2337 853 2372 Praelatitiae
868 2361 878 2376 ,
893 2337 1041 2376 ejusdem
1060 2335 1156 2370 Rotae
1172 2336 1395 2371 Auditoribus
1408 2362 1419 2377 ,
1435 2339 1492 2371 sed
1509 2337 1556 2371 uti
1575 2337 1720 2372 Praelatis
1736 2362 1746 2377 ‚
1763 2349 1852 2372 com-

383 2394 489 2428 missae
506 2390 652 2429 fuerint,
679 2387 841 2422 Notarius
859 2384 1015 2420 Archivii
1044 2409 1053 2423 ,
1087 2384 1250 2430 privative
1281 2387 1391 2431 quoad
1420 2386 1502 2421 alios
1532 2398 1792 2432 quoscumque,
1819 2392 1851 2419 et

380 2443 551 2488 signanter
578 2441 685 2484 quoad
717 2436 812 2470 Rotae
830 2459 841 2475 ,
868 2444 901 2470 et
929 2433 1047 2469 Curiae
1073 2433 1276 2480 Capitolinae
1306 2434 1469 2470 Notarios
1497 2459 1507 2476 ,
1534 2435 1681 2471 scribere
1711 2436 1854 2472 debeant

380 2499 414 2524 et
441 2500 574 2524 actitare
592 2513 602 2524 .

476 2538 578 2584 Item„
595 2536 773 2581 praedictus
792 2533 947 2571 Archivii
965 2533 1128 2571 Notarius
1155 2533 1326 2581 privative
1353 2536 1462 2582 quoad
1484 2546 1721 2583 quoscumque
1748 2533 1829 2568 alios
1843 2555 1855 2572 ,
1911 2571 1913 2574 ¹

1778 2591 1858 2616 scri-
