1993 3195
609 357 639 389 Α
680 356 705 388 P
743 357 772 389 Ι)
810 358 835 391 Ε
878 358 912 391 N
955 358 988 391 D
1031 360 1046 393 1
1086 358 1115 393 X
1531 370 1598 401 159

114 412 150 439 ut
168 403 285 454 mirum
315 400 421 435 videri
447 414 510 436 non
532 403 677 441 debeat,
705 404 731 436 si
753 405 927 439 Pontifices
942 407 1163 450 amplioribus
1181 404 1273 440 illum
1299 403 1491 449 privilegiis
1506 409 1600 451 quasi

114 459 262 486 certatim
291 451 565 490 cumulaverint,
595 461 627 485 et
661 450 771 486 eidem
799 455 977 496 praesertim
1008 454 1169 488 Civitatis
1195 453 1374 487 Veliternae
1393 453 1600 489 dominatum

114 499 210 533 etiam
239 499 457 542 temporalem
477 524 486 540 ‚
519 500 822 545 omnimodamque
849 499 936 535 illius
971 502 1241 541 jurisdictionem
1275 501 1368 546 quasi
1397 503 1486 536 dono
1514 503 1602 536 attri-

112 548 271 583 buerint.
302 549 364 582 Sed
397 549 468 582 Nos
498 547 638 594 legendo
669 550 921 594 comperimus,
950 561 1012 584 non
1041 552 1191 585 eamdem
1220 549 1484 594 omnitempore
1502 552 1598 588 huius

112 595 288 642 I‘rivilegii
325 597 391 631 vim
407 621 416 636 ,
445 610 480 631 ac
496 606 618 632 statum
649 597 807 632 mansisse
821 622 829 637 ,
858 598 930 632 sive
950 599 1041 644 quod
1059 599 1244 643 Episcopus
1263 598 1430 633 Ostiensis
1447 623 1456 638 ‚
1483 609 1516 634 et
1534 600 1602 633 Ve-

112 644 251 681 liternus
279 647 321 680 de
337 657 374 680 ea
404 645 603 692 diligentia,
632 647 887 692 constantiaque
908 671 918 686 ‚
947 660 1010 693 qua
1035 647 1088 686 jus
1119 646 1202 682 illud
1228 646 1361 682 defendi
1390 649 1597 693 oportebat,

112 693 309 733 remiserit3
339 695 412 729 sive
443 697 532 740 quod
557 694 702 730 nonnulli
724 695 962 737 Magistratus,
994 695 1052 742 qui
1082 697 1172 741 quod
1201 694 1272 730 aliis
1300 696 1498 731 conceditur
1512 705 1598 730 tam-

113 755 213 788 quam
240 742 302 777 sibi
331 752 484 786 ereptum
499 744 637 783 dolent,
669 744 756 778 idem
776 743 994 790 l’rivilegium
1015 753 1166 779 evertere
1181 744 1290 779 conati
1318 754 1415 779 sunt.
1447 744 1598 779 Primum

115 790 228 837 itaque
255 791 451 826 Franciscus
481 792 670 827 Cardinalis
701 793 837 827 Pisanus
870 805 909 827 eo
941 792 1126 838 Privilegio
1156 793 1205 830 uti
1238 792 1449 839 negligenter
1474 793 1596 832 desiit;

114 842 172 875 sed
200 852 265 874 non
289 839 393 875 multo
421 850 496 885 post
522 840 710 876 Cardinalis
737 841 900 882 johannes
931 842 1092 875 Moronus
1120 841 1464 876 honorificentissimis
1490 843 1599 876 aSan—

113 898 170 924 cto
205 888 266 922 Pio
295 889 360 924 ΡΙ).
390 889 431 923 V.
458 889 563 924 literis
604 890 659 924 die
685 901 790 924 xv111.
820 889 900 930 Julii
939 891 1036 924 Anno
1064 899 1213 924 mmva.
1251 888 1282 922 in
1318 889 1486 934 antiquam
1525 901 1600 934 pos-

113 937 296 973 sessionem
326 936 498 973 restitutus
530 948 605 973 est.
640 939 687 972 At
711 948 826 973 contra
857 938 968 973 Sixtus
1001 938 1066 972 ΡΙ).
1098 939 1140 971 V.
1173 939 1272 972 Anno
1301 948 1494 972 MDLxxXIx.
1523 946 1600 981 post

112 995 260 1021 mortem
294 986 476 1021 Alexandri
509 986 698 1022 Cardinalis
731 987 874 1021 Farnesii
905 988 964 1027 ,lus
1008 985 1192 1029 temporale
1219 998 1236 1020 a
1264 984 1430 1030 spirituali
1461 997 1597 1030 prorsus

113 1034 283 1075 abscidit,
303 1036 526 1081 Cameraeque
543 1034 747 1080 Apostolicae
776 1036 805 1069 in
824 1045 1025 1081 perpetuum
1054 1034 1205 1075 addixit3
1230 1036 1285 1069 sed
1314 1034 1403 1070 idem
1417 1033 1529 1069 Sixtus
1555 1033 1599 1067 V.

112 1084 204 1128 quasi
235 1082 313 1118 facti
341 1084 542 1130 poeniteret,
570 1086 662 1129 quod
693 1084 753 1119 toti
782 1084 942 1131 Collegio
969 1085 1066 1119 nimis
1094 1083 1294 1118 iniuriosum
1324 1082 1525 1122 videbatur,
1554 1081 1601 1116 in-

111 1140 266 1177 tegram,
303 1142 335 1167 et
371 1134 601 1168 omnimodam
640 1133 910 1170 Iuris-dictionem
939 1157 950 1172 ,
988 1132 1311 1168 administrationem
1337 1155 1349 1170 ,
1389 1141 1421 1166 et
1451 1130 1599 1175 regimen

112 1180 298 1225 temporale
329 1191 534 1217 reservatum
562 1181 673 1217 voluit
713 1183 752 1216 ad
785 1181 966 1216 triennium
1003 1182 1146 1223 johanni
1177 1180 1348 1216 Cardinali
1387 1178 1597 1214 Serbellonio

111 1229 254 1264 Decano
284 1230 385 1265 simul
415 1240 448 1264 et
476 1231 643 1275 Episcopo
672 1231 844 1265 Veliterno
874 1254 885 1270 ‚
929 1232 1026 1275 eique
1057 1231 1191 1264 liberam
1222 1229 1412 1265 facultatem
1445 1227 1598 1262 attribuit

111 1279 338 1323 cognoscendi
370 1279 535 1323 privative
568 1291 684 1314 omnes
710 1304 720 1319 ,
752 1289 785 1314 et
812 1291 1041 1325 quascumque
1077 1279 1202 1313 Causas
1229 1277 1360 1312 Civiles
1386 1301 1395 1317 ,
1427 1276 1603 1311 Criminaf

111 1326 158 1360 les
188 1339 294 1362 meras
311 1352 320 1368 ,
348 1340 385 1362 ac
413 1338 528 1363 mixtas
554 1327 641 1362 inter
658 1340 888 1374 quascumque
914 1328 1077 1362 Personas
1103 1326 1217 1373 quavis
1244 1326 1406 1372 dignitate
1431 1323 1596 1370 fulgentes

110 1383 173 1410 tam
209 1376 240 1409 in
268 1376 375 1411 Curia
401 1401 412 1416 ,
438 1389 536 1421 quam
573 1387 665 1411 extra
703 1379 734 1411 in
759 1377 1031 1422 quibuscumque
1071 1376 1234 1411 instantiis
1265 1388 1306 1410 eo
1333 1374 1429 1420 plane
1468 1374 1597 1411 modo,

109 1435 177 1469 quo
194 1424 244 1458 usi
264 1425 391 1459 fuerant
408 1450 418 1464 ‚
435 1425 552 1470 utique
568 1428 616 1459 sui
633 1424 769 1460 voluere
786 1426 991 1459 Decessores
1006 1450 1015 1459 .
1042 1426 1115 1466 Jalu
1132 1427 1212 1458 vero
1231 1424 1441 1459 imminutam
1462 1423 1597 1466 Episco-

110 1472 201 1515 scopi
231 1472 422 1512 Ostiensis,
454 1483 487 1507 et
514 1474 677 1508 Veliterni
708 1474 905 1518 dignitatem
935 1474 1080 1507 restituit
1110 1474 1296 1517 Gregorius
1327 1473 1392 1504 ΡΙ).
1418 1471 1510 1504 XIV.
1539 1468 1596 1514 qui

109 1531 195 1554 anno
212 1531 363 1554 Mnxxxx.
381 1521 436 1554 die
455 1532 558 1554 xxm.
578 1522 688 1556 Martii
709 1523 817 1554 eidem
838 1522 1001 1564 Episcopo
1017 1521 1105 1554 Sacri
1123 1521 1271 1565 Collegii
1288 1518 1426 1552 Decano
1441 1526 1599 1562 protem-

110 1578 194 1614 pore
212 1567 365 1601 existenti
397 1567 601 1602 Velitrarum
616 1571 766 1614 regimen
785 1593 795 1608 ‚
822 1577 854 1602 et
880 1568 1151 1608 jurisdictionem
1183 1568 1402 1610 temporalem
1431 1567 1616 1599 commisitv

111 1616 252 1650 etMotu
268 1615 403 1662 proprio
419 1625 638 1649 memoratam
654 1617 892 1652 abscissionem
909 1639 919 1656 ,
934 1624 968 1650 et
982 1617 1136 1650 Camerae
1153 1615 1355 1659 Apostolicae
1369 1612 1596 1648 addictionem

111 1663 265 1708 sixtique
298 1663 552 1697 praedecessoris
570 1662 678 1697 literas
706 1666 901 1698 revocavit.
930 1664 1000 1709 Qui
1023 1663 1123 1698 etiam
1153 1662 1309 1698 Kalendis
1350 1662 1430 1697 Maii
1446 1663 1595 1701 ejusdem

113 1713 187 1747 anni
209 1714 247 1746 ad
266 1711 477 1757 Alphonsum
497 1711 713 1746 Cardinalem
731 1708 940 1745 Gesualdum
957 1711 1066 1747 literas
1081 1712 1198 1751 dedit,
1215 1711 1334 1756 quibus
1359 1711 1468 1745 Sancti
1487 1709 1536 1744 Pii
1553 1710 1594 1745 V.

112 1760 335 1806 Privilegium
352 1760 586 1800 confirmavit,
620 1759 788 1804 praemissa
816 1759 1036 1801 instauravit,
1067 1771 1099 1795 et
1115 1761 1154 1794 ad
1173 1770 1346 1805 utramque
1371 1758 1565 1794 Ostiensem
1581 1783 1592 1799 ,

112 1820 146 1845 et
166 1809 372 1844 Veliternam
408 1809 574 1844 Civitates
611 1808 760 1844 extendit
785 1832 794 1842 .
843 1809 985 1844 Caeteris
1025 1810 1336 1845 Praedecessoribuss
1357 1807 1502 1846 nostris,
1535 1807 1593 1852 qui

111 1860 316 1905 Gregorium
333 1859 532 1904 subsequuti
555 1866 632 1893 sunt
645 1882 656 1899 ,
683 1856 764 1892 nihil
781 1857 845 1891 fuit
859 1857 1047 1903 antiquius,
1064 1868 1160 1903 atque
1189 1857 1373 1893 solemnius
1389 1881 1400 1895 ‚
1430 1868 1527 1900 quam
1545 1866 1594 1890 ra-

112 1917 143 1943 ta
156 1932 166 1947 ‚
202 1910 364 1953 firmaque
393 1907 556 1948 ejusmodi
587 1907 706 1941 habere
725 1904 904 1950 Privilegia
922 1932 932 1943 .
961 1907 1102 1952 Quippe
1119 1908 1331 1942 Innocentius
1349 1906 1417 1939 ΡΙ).
1434 1906 1494 1939 ΙΧ.
1509 1907 1593 1938 duo-

115 1968 188 1992 rum
209 1957 372 1991 mensium
403 1956 560 1991 Pontifex
575 1954 667 1989 dicto
689 1967 773 1990 anno
802 1966 927 1990 MDxc1.
948 1967 1060 1991 mense
1078 1956 1262 1991 Decembri
1279 1954 1438 1998 Gregorii
1455 1953 1563 1988 literas
1581 1977 1592 1994 ,

113 2007 314 2050 easdemque
341 2015 392 2040 ter
406 2003 620 2041 confirmavit
649 2016 734 2039 anno
755 2016 894 2038 MDxcn.
912 2004 1072 2040 Clemens
1095 2005 1161 2038 ΡΙ).
1179 2005 1274 2040 VIII.
1290 2027 1300 2043 ‚
1331 2003 1381 2038 bis
1400 2011 1502 2042 ante,
1537 2001 1593 2036 die

114 2053 274 2089 nimirum
291 2067 381 2090 xxu.
397 2055 569 2090 Februarii
586 2054 688 2088 semel
710 2063 784 2095 post
800 2052 923 2087 editam
949 2065 1064 2089 xv111.
1091 2052 1255 2088 Kalendas
1285 2053 1430 2097 Augusti
1450 2049 1592 2085 Consti-

116 2103 281 2138 tutionem
303 2107 344 2137 de
361 2106 450 2138 bono
478 2103 662 2148 regimine,
689 2101 741 2136 die
756 2113 964 2147 nempexn.
978 2102 1182 2147 Septembris
1201 2115 1277 2137 cum
1296 2099 1482 2146 privilegiis
1510 2099 1594 2133 Pau·

117 2149 138 2185 li
153 2151 199 2187 11.
214 2176 225 2192 ,
252 2161 286 2186 et
300 2153 358 2185 IV.
374 2176 386 2191 ‚
414 2161 445 2185 et
465 2152 574 2186 Sancti
593 2151 654 2185 Pii.
671 2152 711 2186 V.
739 2149 844 2185 relato
862 2150 993 2196 integro
1015 2151 1098 2186 dicti
1115 2152 1275 2197 Gregorii
1303 2150 1474 2184 literarum
1503 2156 1594 2182 teno-

115 2209 176 2235 re.
204 2200 327 2236 Paulus
353 2200 439 2235 idem
465 2200 612 2236 PP.V.‚
646 2199 703 2243 qui
731 2200 997 2244 Congregationi
1037 2201 1122 2234 Boni
1144 2199 1330 2245 Regiminis
1368 2199 1507 2232 formam
1536 2195 1594 2229 tri-

116 2247 188 2284 buit
202 2273 212 2288 ,
244 2260 329 2284 anno
346 2259 479 2291 mncxv.
495 2259 573 2282 xxx.
588 2247 790 2291 Septembris
807 2247 987 2291 Privilegia
1012 2247 1108 2281 Pauli
1136 2249 1205 2287 IL,
1235 2248 1295 2280 IV.
1314 2270 1324 2285 ‚
1354 2246 1462 2280 Sancti
1481 2243 1532 2277 Pii
1550 2243 1591 2277 V.

115 2296 272 2342 Gregorii
288 2296 398 2333 xlv„
419 2304 452 2329 et
471 2294 659 2328 Clementis
675 2295 771 2326 VIII.
785 2293 890 2326 literis
905 2296 973 2327 suis
989 2295 1180 2329 firmissime
1197 2294 1370 2328 roboravit
1384 2317 1399 2327 ..
1423 2294 1460 2328 Id
1480 2293 1589 2334 ipsum

115 2345 293 2390 praestitere
309 2345 460 2379 Urbanus
479 2343 543 2376 ΡΙ).
558 2341 656 2376 VIII.
674 2352 758 2374 anno
775 2352 976 2374 MDcxme.
990 2341 1277 2380 >tn-Novembris,
1294 2339 1505 2374 Innocentius
1523 2339 1588 2372 ΡΙ).

115 2395 158 2428 X.
176 2405 260 2427 anno
278 2404 455 2428 uncxtvx.
474 2401 601 2426 xx111.
635 2388 759 2432 Aprilis
773 2412 783 2422 .
812 2388 1004 2424 Alexander
1027 2389 1092 2424 ΡΙ).
1109 2388 1186 2423 VII.
1204 2401 1291 2423 auno
1320 2400 1493 2424 muctxvx..
1514 2399 1590 2422 111.

114 2442 341 2486 Septembris.
375 2441 587 2476 innocentius
616 2439 680 2472 ΡΙ).
695 2438 772 2472 XII.
789 2463 799 2478 ,
828 2450 913 2472 anno
936 2448 1095 2473 MDCXCV.
1112 2449 1215 2473 xxu.
1245 2437 1477 2472 Novembris.
1509 2435 1591 2470 Cle-

115 2503 207 2526 mens
223 2491 288 2524 PP.
304 2490 364 2524 XI.
380 2503 465 2535 anno·
477 2500 584 2524 Μῦες.
601 2499 725 2522 xvlu.
738 2486 957 2522 Decembris.
973 2490 1022 2521 Ac
1038 2488 1172 2522 demum
1191 2487 1394 2521 Benedictus
1412 2487 1478 2522 ΡΙ).
1495 2485 1589 2520 XIV.

121 2547 133 2582 (
151 2541 245 2579 cujus
260 2538 451 2573 recordatio
466 2537 653 2583 gratissima
675 2536 768 2570 nobis
785 2560 796 2576 ,
823 2548 860 2570 ac
875 2535 1069 2570 suavissima
1107 2547 1240 2576 semper
1258 2548 1326 2570 esse
1354 2535 1442 2569 solet
1459 2558 1468 2572 ,
1498 2534 1589 2579 quod

115 2588 204 2624 idem
219 2599 278 2624 nos
293 2588 378 2623 inter
402 2599 478 2622 suos
493 2584 673 2622 familiares
701 2597 830 2620 summa
852 2583 1057 2632 benignitate
1082 2585 1259 2626 asciverit,
1290 2585 1438 2631 tantique
1454 2584 1590 2637 Pontiu-

1541 2642 1595 2666 cis>
