1993 3195
589 349 626 391 C
659 349 699 390 A
734 350 761 389 P
792 349 832 390 U
861 350 899 391 T
971 351 1018 393 ΙΙ.
1259 351 1261 353 ’
1474 371 1489 397 1
1538 370 1555 398 ι

211 411 396 453 Anconae
418 408 562 453 Civitas
593 409 614 449 e
648 422 897 450 summorum
918 409 1157 452 Pontificum
1185 409 1411 469 privilegiis
1442 414 1481 454 id
1498 368 1560 471 ge.

97 472 242 515 culiare
264 470 409 512 habuit
426 499 439 518 ,
456 483 502 511 ut
519 467 811 510 controversiae
830 467 994 524 litesque
1009 469 1207 511 excitatae
1225 469 1332 512 inter
1355 473 1559 514 Mercato-

95 528 273 582 res,ers
292 542 453 586 portum
474 527 710 585 appellentes
724 556 736 573 ‚
755 526 835 570 sive
856 527 954 569 alios
972 529 1170 584 quoslibet
1190 527 1344 571 incolas
1387 531 1559 573 occasio-

95 604 144 631 ne
176 602 422 631 mercaturae
444 620 456 638 ,
485 586 767 643 negotiationis
782 617 795 635 ,
827 588 966 628 tamin
982 587 1110 644 mima
1127 619 1139 637 ‚
1171 603 1296 643 quam
1316 589 1357 629 in
1374 592 1557 633 secunda

93 648 300 696 instantia,
320 648 360 688 in
383 648 464 704 ipsa
483 659 642 688 tantum
663 644 926 687 Anconitana
955 646 1136 689 Civitate
1157 647 1424 690 definirentur
1451 678 1461 688 .
1497 649 1558 692 At

93 707 238 749 deinde
251 706 496 748 Commercii
524 704 796 761 amplificandi
815 719 935 746 causa
958 738 970 756 ,
986 706 1177 749 Clemens
1195 721 1292 750 v111.
1319 709 1439 765 1584.
1466 725 1554 751 non

92 767 216 809 modo
243 764 499 809 confirmavit
515 764 654 805 eadem
683 763 890 822 privilegia
911 793 924 812 ,
954 766 1023 807 sed
1052 766 1168 809 etiam
1198 768 1351 817 erexit,
1380 768 1552 811 etinsti-

92 826 382 875 tuitTribunal,
401 825 638 868 Consulatus
659 824 822 865 nornine
846 838 1134 881 nuncupatum
1156 841 1166 875 ;
1202 841 1275 882 pro
1309 825 1430 879 cujus
1456 828 1552 884 regi-

90 886 197 927 mine
213 884 480 944 praescripsit,
498 897 545 926 ut
562 882 786 938 quotannis
806 897 853 925 ex
871 898 1043 926 numero
1061 885 1341 928 Mercatorum
1358 917 1371 935 ,
1387 886 1426 926 in
1446 887 1552 929 dicta

96 944 274 988 Civitate
292 944 629 987 commorantium
648 975 660 993 ‚
676 956 751 984 tres
771 942 975 985 Consules
993 944 1231 999 eligerentur
1248 974 1259 992 ‚
1278 961 1471 1001 quorum,
1492 945 1553 989 vel

93 1003 274 1044 duorum
308 1018 358 1046 ex
392 1004 445 1045 eis
464 1001 645 1056 judicio,
675 1002 835 1043 Causae
872 1017 1009 1043 omnes
1046 1003 1147 1045 inter
1170 1005 1413 1046 Mercatores
1444 1005 1553 1054 invi-

91 1076 176 1104 cem
199 1094 212 1111 ‚
243 1062 304 1105 vel
348 1064 451 1103 inter
491 1076 557 1102 eos
588 1092 600 1110 ‚
651 1074 722 1102 aut
757 1059 853 1101 alias
884 1062 1080 1116 quaslibet
1121 1078 1312 1119 personas
1344 1064 1552 1105 occasione

89 1121 345 1162 Mercaturae
363 1121 552 1162 excitatae
567 1150 580 1168 ,
610 1118 671 1161 vel
703 1119 938 1160 excitandae
956 1121 1282 1175 quomodolibet,
1302 1123 1521 1164 summarie
1539 1154 1552 1173 ,

89 1178 137 1217 de
168 1179 290 1233 plano
309 1208 320 1225 ‚
356 1189 393 1217 et
420 1178 505 1217 sine
527 1177 718 1230 strepitu,
752 1191 789 1219 et
814 1178 941 1231 figura
959 1178 1103 1229 judicii
1124 1180 1392 1221 definirentur
1411 1213 1420 1221 .
1443 1185 1548 1224 Post·

85 1237 256 1278 modum
289 1233 398 1275 idem
435 1233 619 1274 Pontifex
654 1246 766 1273 anno
807 1245 935 1287 1595.
960 1235 1034 1275 alia
1065 1251 1139 1276 sua
1158 1237 1477 1286 Constitutione,
1498 1240 1550 1281 ad

87 1294 281 1337 tollendas
300 1293 498 1349 quasdam
515 1292 807 1348 disputationes
824 1307 982 1336 exortas
1002 1325 1014 1343 ,
1036 1293 1246 1338 facultates
1263 1294 1438 1348 ejusdem
1456 1297 1554 1339 Tri-

86 1353 248 1397 bunalis
275 1352 510 1409 ampliavit,
543 1351 814 1399 declarando,
852 1366 889 1394 et
921 1353 1204 1401 decernendo,
1237 1356 1349 1410 quod
1384 1357 1547 1399 nomine

87 1415 356 1456 Mercatorum
378 1411 689 1468 intelligerentur
706 1411 821 1452 etiam
859 1412 916 1460 ii,
935 1413 1006 1467 qui
1029 1426 1178 1454 merces
1196 1429 1288 1454 suas
1308 1415 1444 1455 dietim
1459 1447 1473 1465 ,
1510 1428 1548 1458 et

87 1471 315 1514 minutatim
351 1471 573 1513 venderent
598 1500 610 1517 ,
662 1483 821 1510 necnon
853 1483 933 1511 tam
954 1472 1226 1519 Mercatores‚
1254 1487 1379 1527 quam
1404 1489 1551 1516 vomnes

85 1546 227 1573 eorum
251 1530 448 1573 debitores
466 1561 479 1578 ,
511 1528 629 1569 etiam
646 1527 773 1571 Cives
788 1529 1045 1570 Anconitani
1061 1558 1073 1576 ‚
1096 1543 1138 1572 >et
1168 1545 1548 1589 quantumcumque

86 1590 350 1648 privilegiati,
381 1603 418 1631 et
458 1588 630 1644 exempti
660 1619 672 1637 ‚
707 1601 789 1630 tam
823 1588 962 1645 vigore
998 1589 1358 1632 instrumentorum
1375 1621 1387 1639 ‚
1422 1608 1547 1648 quam

82 1649 318 1707 partitorum
338 1649 523 1691 librorum.
551 1647 847 1691 Mercamilium
866 1679 879 1696 ‚
911 1661 950 1690 et
984 1649 1152 1690 aliarum
1185 1665 1547 1706 quarumcumque

83 1709 396 1766 scripturarum,
412 1723 546 1752 coram
564 1706 678 1749 dictis
696 1707 951 1749 Consulibus
969 1738 981 1755 ,
1014 1721 1054 1749 et
1077 1708 1296 1761 Judicibus
1314 1710 1549 1767 appellatio-

85 1768 147 1810 nis
163 1768 381 1825 respective
415 1767 626 1811 conveniri
645 1767 786 1809 debere
821 1767 1016 1823 privative
1045 1768 1187 1822 quoad
1221 1767 1317 1809 alios
1336 1783 1550 1824 quoscum-

86 1841 167 1882 que
186 1828 373 1880 Judices,
392 1839 429 1868 et
443 1826 687 1867 Tribunalia
709 1857 723 1874 ,
744 1826 933 1882 Episcopi
967 1827 1086 1868 etiam
1104 1859 1117 1876 ,
1142 1827 1448 1869 Gubernatoris
1463 1829 1551 1868 An-

84 1901 226 1933 conae,
257 1899 296 1926 et
330 1882 566 1926 Provinciae
584 1883 791 1923 Mat-chiae
806 1883 1081 1925 Anconitanae
1101 1887 1230 1925 Rotae
1246 1886 1474 1927 Maceraten
1487 1886 1552 1936 sis,

84 1945 216 1986 Rotae
237 1947 461 1988 Romanae,
482 1939 794 1983 Eminentissimi
811 1940 1062 1991 Camerarii,
1100 1942 1364 1984 Thesaurarii
1390 1959 1553 2000 genera·

82 2003 152 2051 lis,
183 2015 221 2042 et
242 2001 439 2041 Camerae
458 1998 717 2054 Apostolicae
738 2014 747 2046 ;
785 2013 866 2052 qua
890 2000 937 2040 de
967 2016 1005 2042 re
1019 2000 1204 2042 ‘inhibuit
1221 2002 1417 2043 omnibus
1438 2017 1550 2059 prae-

86 2060 201 2104 dictis
214 2058 434 2113 Judicibus
454 2086 466 2104 ‚
486 2070 524 2097 et
539 2056 847 2106 Tribunalibus,
867 2074 915 2099 ne
937 2061 1015 2101 sub
1038 2059 1427 2119 gravissimispoenis
1442 2077 1550 2117 quo-

87 2119 297 2178 quomodo
329 2118 373 2159 in
390 2116 505 2158 dictis
522 2115 672 2157 Causis
703 2131 740 2156 se
786 2118 1131 2160 intromitterent.

205 2179 474 2220 accesserunt
491 2175 610 2216 etiam
626 2174 827 2230 quaedam
844 2174 1054 2231 Capitula‚
1066 2192 1086 2217 a
1105 2177 1304 2220 Cardiaali
1322 2179 1543 2224 camerario

88 2238 382 2281 Aldobrandino
414 2235 524 2277 edita
555 2249 630 2291 pro
656 2235 766 2275 bono
797 2234 988 2291 regimine
1023 2235 1117 2277 dicti
1134 2235 1415 2289 Consulatus:¹
1443 2255 1548 2296 quae

91 2299 191 2340 inter
206 2313 275 2341 ‘est
305 2296 405 2338 illud
422 2326 435 2344 ‚
462 2293 664 2335 facultatis
682 2308 823 2350 nempe
845 2294 1100 2337 Consulibus
1125 2295 1325 2347 tributae,
1357 2299 1543 2356 capiendi

90 2358 324 2400 necessarias
337 2353 594 2414 provisiones
626 2354 766 2409 quoad
791 2368 936 2402 naves,
972 2355 1235 2412 naufragium
1263 2373 1411 2412 passas,
1432 2357 1548 2397 auxi-

89 2416 191 2460 lium
209 2447 222 2465 ,
254 2415 561 2467 subsidiumque
572 2412 839 2470 praestando,
865 2427 987 2468 atque
1014 2429 1161 2454 merces
1180 2415 1221 2453 in
1242 2415 1313 2454 illis
1333 2429 1545 2458 contentas

91 2475 367 2532 recuperando
387 2507 400 2524 ‚
430 2488 468 2516 et
488 2473 766 2516 conservando
784 2505 797 2522 ,
831 2487 989 2514 necnon
1016 2473 1198 2529 cogendo
1225 2488 1344 2528 quern
1375 2474 1421 2513 de
1452 2473 1543 2527 jure

91 2537 146 2579 ad
194 2534 431 2577 solutionem
483 2548 747 2591 expensarum
766 2548 778 2582 ς
815 2532 1031 2587 itidemque
1084 2531 1240 2573 Causas
1298 2533 1544 2575 decoctionis

92 2595 370 2638 Mercatorum
388 2593 657 2651 cognoscendi
677 2622 686 2632 .
718 2594 768 2635 Et
791 2592 978 2648 quamvis
1009 2592 1108 2633 haec
1129 2591 1266 2633 omnia
1303 2593 1543 2634 confirmata

946 2652 982 2693 R
1013 2663 1039 2691 2
1445 2652 1549 2693 fuis-
