1993 3195
608 353 648 393 C
685 351 723 390 A
756 351 860 395 ΡΛ]
889 351 926 390 Τ
998 352 1078 391 IV.
1527 372 1550 400 ρ

124 409 377 461 formationis
394 409 623 452 Summario
659 407 971 451 describendum
1021 423 1099 449 esse
1118 409 1322 450 decretum
1342 437 1355 457 ,
1385 424 1407 452 a
1437 424 1523 464 quo
1541 367 1613 472 ἐξ

128 472 330 532 ΡεΙΙεῑιιΥς
366 469 611 519 eosdemque
644 465 971 521 transgressionis
1010 479 1156 523 poenas
1174 481 1259 508 non
1293 482 1512 516 evasuros,
1547 475 1612 516 de-

115 542 279 575 ·cretum
296 527 377 571 sive
397 524 652 568 Sententiam
670 524 908 567 exhibendo
929 525 970 566 in
993 525 1193 567 manibus
1214 526 1382 569 Causae
1404 530 1611 581 ponentis,

129 587 258 632 autin
293 586 566 644 liesponsione
588 616 601 635 ,
628 599 733 641 quae
751 597 839 642 post
870 585 1046 641 primam
1080 585 1412 629 Informarionem
1446 588 1487 628 in
1516 592 1613 633 scri-

128 648 207 706 ptis
231 647 316 689 fieri
333 647 429 688 solet
447 661 460 694 3
478 659 515 687 et
538 645 706 687 ulterius
733 644 884 686 nullam
918 647 1120 688 rationem
1153 644 1390 689 habendam
1409 663 1489 691 esse
1511 648 1612 703 ejus.

131 708 223 749 dem
248 705 413 748 Decreti
431 737 444 754 ‚
477 705 560 747 sive
587 704 1004 753 Sententiae‚contra
1037 704 1214 747 formam
1245 708 1432 764 superius
1460 724 1614 768 expres-

128 782 215 810 sam
234 765 435 808 exhibitae
457 779 470 813 ·,
495 779 629 821 poena
645 779 741 808 vero
763 766 1085 807 procuratorum
1103 779 1149 806 ea
1166 778 1249 813 est,
1278 769 1411 822 utqui
1435 768 1475 810 in
1496 770 1611 812 Cau-

129 841 173 869 sa
204 824 631 881 scripserit,teneatur
661 823 707 864 de
725 823 892 881 proprio
918 839 1059 866 omnes
1087 838 1281 881 expensas
1313 828 1472 870 reficere
1505 829 1610 871 arbi·

131 884 211 928 trio
234 883 552 926 Eminentissimi
586 883 775 925 Praefecti
809 883 1069 940 applicandas
1094 915 1104 925 .
1132 886 1264 926 Anno
1295 887 1441 929 deinde
1480 889 1607 945 1726.

134 943 372 1001 hujusmodi
410 944 621 987 sanctione
641 957 829 986 renovata
846 974 858 992 ,
892 956 936 985 ut
960 958 1093 985 certus
1123 944 1337 988 haberetur
1376 947 1533 990 debitor
1553 963 1607 991 re·

138 1018 233 1046 rum
257 1004 445 1045 omnium
461 1034 475 1052 ‚
509 1019 614 1059 quae
634 1003 774 1044 tamin
795 1002 1088 1044 Informatione
1110 1033 1122 1050 ‚
1150 1017 1275 1058 quam
1307 1005 1349 1045 in
1366 1005 1610 1050 ’Summariis

137 1077 405 1120 exponuntur
426 1092 438 1109 ,
480 1061 657 1104 decrevit
673 1092 686 1110 ,
722 1074 767 1102 ut
789 1074 872 1102 tam
887 1060 1106 1102 Summarii
1122 1092 1135 1110 ‚
1159 1076 1284 1117 quam
1305 1063 1611 1109 informationis

134 1122 376 1180 exemplaria
399 1153 411 1171 2
446 1137 553 1176 quae
593 1120 922 1162 Eminentissimo
945 1120 1147 1162 Praefecto
1165 1152 1177 1170 ,
1209 1121 1289 1164 sive
1308 1153 1321 1171 ,
1347 1135 1393 1164 ut
1418 1124 1537 1167 hodie
1564 1126 1607 1167 in

138 1196 216 1223 usu
235 1194 290 1222 est
312 1212 323 1227 ,
353 1180 548 1220 Auditori
578 1181 828 1227 traduntur,
861 1194 880 1219 a
904 1180 1238 1221 ProcuratoribuS
1265 1181 1612 1225 subscriberenrur

136 1239 304 1298 proprio
326 1251 469 1278 eorum
496 1238 729 1278 charactere
747 1267 761 1287 ‚
791 1237 869 1277 sub
896 1251 1026 1294 poena
1047 1250 1256 1279 scutorum
1275 1253 1475 1295 quatuor,
1503 1242 1609 1284 aliis*-

139 1313 220 1355 que
255 1296 509 1338 arbitrariis.
1220 1353 1224 1354 ⁷
1314 1354 1317 1357 .
1437 1356 1440 1358 v

266 1354 502 1405 Cardi‘tkalis
536 1352 736 1396 Salviatus
752 1349 871 1396 etiam
888 1352 989 1403 ‚sub
1005 1370 1115 1397 num.
1138 1370 1166 1398 v
1195 1355 1326 1398 Eclicti
1355 1358 1451 1400 anni
1476 1372 1601 1414 1731.

140 1414 425 1473 praescripsit,
462 1415 562 1453 utin
599 1413 838 1455 Summariis
871 1413 1188 1457 Commissiones
1217 1417 1265 1455 de
1292 1417 1417 1459 Verbo
1448 1419 1499 1458 ad
1518 1433 1607 1460 ver-

143 1476 242 1518 bum
263 1470 543 1515 collationatae
573 1473 653 1513 sub
674 1487 843 1512 nurnero
863 1473 1015 1527 primo,
1046 1487 1085 1514 et
1111 1474 1155 1512 in
1175 1475 1441 1529 subsequenti
1472 1491 1610 1518 nume-

142 1547 190 1575 ro
208 1533 424 1573 Decretum
446 1560 459 1578 ‚
489 1544 562 1588 pro
582 1545 668 1585 quo
688 1530 835 1587 petitur
855 1530 1099 1572 Commissio
1113 1564 1126 1581 ,
1157 1546 1227 1588 per
1255 1548 1467 1575 extensum
1486 1536 1612 1577 adno-

145 1590 220 1635 tari
256 1590 461 1640 debeant,
496 1589 592 1632 alias
620 1590 784 1633 Causae
811 1589 899 1631 illae
934 1605 1019 1631 non
1048 1606 1330 1649 proponentur
1358 1622 1369 1639 ,
1401 1608 1438 1636 et
1459 1597 1610 1637 Procu-

145 1663 297 1698 ratores
317 1649 393 1694 ‚ita
413 1650 640 1703 deficientes
660 1682 672 1700 ‚
690 1650 794 1692 dicta
813 1664 943 1707 poena
969 1650 1162 1707 ,aliisque
1192 1653 1358 1695 arbitrio
1378 1668 1453 1693 suo
1483 1667 1611 1695 reser-

143 1711 249 1754 vatis
269 1709 589 1752 mulctarentur.
627 1709 858 1754 Novissime
893 1711 990 1751 vcro
1022 1711 1063 1751 in
1089 1711 1212 1768 capite
1247 1723 1313 1754 ‘xxi
1356 1711 1607 1754 Decretorum

143 1769 242 1812 anni
265 1780 391 1824 1742.
415 1770 488 1826 (1)
507 1772 797 1827 praescriptum
814 1769 954 1828 legitur
967 1802 979 1819 ‚
996 1772 1110 1826 quod
1123 1770 1339 1814 causidici
1355 1803 1368 1821 ‚
1385 1786 1524 1813 omnes
1539 1772 1612 1813 de-

149 1841 352 1869 cretorum
371 1857 400 1882 -,'
417 1830 500 1869 sive
523 1833 844 1878 sententiarum3
874 1844 896 1870 a
918 1831 1070 1882 quibus
1097 1832 1336 1872 reclamatur
1354 1861 1366 1879 ‚
1401 1830 1533 1887 copias
1566 1830 1610 1872 in

150 1885 390 1928 Summariis
406 1887 714 1929 transcribentes
727 1915 741 1935 ,
775 1887 817 1927 id
833 1887 1086 1942 potissimum
1110 1891 1322 1933 observare
1340 1889 1513 1931 debeant
1527 1920 1540 1939 ,
1567 1903 1614 1934 ut

151 1959 294 2003 nempe
315 1945 355 1986 in
375 1945 429 1987 eis
457 1960 612 1988 summa
634 1944 844 1993 fidelitate,
872 1958 911 1987 et
931 1945 1108 1989 claritate
1131 1947 1347 1989 adnotetur
1373 1948 1456 1991 dies
1472 1980 1485 1998 ‚
1505 1963 1615 1990 men-

149 2004 231 2053 sis,
261 2019 300 2046 et
333 2020 469 2047 annus
488 2034 500 2051 ‚
535 2005 576 2044 in
594 2005 749 2059 quibus
773 2004 930 2058 singula
959 2020 1046 2048 acta
1077 2004 1256 2049 confecta
1282 2007 1437 2048 fuerint
1467 2023 1480 2056 ;
1515 2021 1612 2049 nam

151 2062 183 2104 si
203 2062 313 2104 aliter
337 2064 406 2106 fiat
421 2096 433 2114 ‚
466 2065 616 2120 absque
645 2064 720 2106 ulla
741 2079 806 2121 spe
827 2063 1069 2107 remissionis
1101 2064 1376 2118 subjiciuntur
1395 2080 1612 2108 consuetae

152 2135 308 2179 poenae
327 2137 536 2165 scutorum
557 2137 736 2176 quatuor
753 2152 765 2169 ,
784 2122 1106 2178 congregationi
1130 2125 1236 2165 Beati
1255 2124 1391 2168 lvonis
1410 2126 1617 2183 applican-

155 2181 254 2232 dae3
279 2181 453 2239 idipsum
473 2179 720 2224 servandum
745 2185 823 2222 sub
855 2182 994 2222 eadem
1015 2197 1144 2238 poena
1174 2184 1365 2226 Statuitur
1397 2184 1540 2240 quoad
1553 2185 1615 2227 ln-

159 2253 378 2283 strumenta
400 2269 413 2289 ,
428 2241 609 2283 Testium
630 2237 896 2296 depositiones
915 2272 928 2290 ‚
950 2255 994 2283 ac
1011 2255 1164 2283 caetera
1194 2242 1439 2284 documenta
1460 2275 1471 2293 ‚
1505 2258 1611 2299 quae

161 2300 214 2341 ad
229 2300 389 2344 Causae
421 2300 764 2358 opportunitatem
790 2299 832 2339 in
858 2300 974 2343 dictis
1004 2300 1240 2342 Summariis
1268 2302 1548 2345 collocantur.

281 2361 484 2419 Scriptura
513 2376 609 2402 vero
626 2390 638 2408 ,
675 2359 758 2400 sive
775 2386 788 2407 ,
815 2373 858 2399 ut
875 2360 995 2417 vulgo
1027 2361 1277 2417 appellatur,
1309 2361 1545 2404 Infotmatio
1567 2362 1610 2404 in

165 2418 317 2475 scriptis
337 2448 350 2469 ,
381 2420 593 2478 praemissa
631 2417 746 2476 prius
771 2418 909 2458 notitia
929 2420 1115 2461 (ssivitatis
1132 2451 1143 2467 ,
1173 2420 1214 2459 in
1234 2436 1313 2474 qua
1334 2453 1345 2470 ‚
1363 2420 1444 2463 sive
1465 2420 1505 2460 in
1525 2419 1612 2478 ejus

168 2477 354 2519 Dioecesi
377 2495 460 2522 acta
498 2481 627 2537 primo
655 2475 848 2520 loco'fuit
875 2476 1013 2519 Causa
1037 2507 1048 2525 ‚
1086 2493 1130 2520 ac
1168 2479 1372 2533 qualitatis
1404 2478 1578 2535 ejusdem
1598 2506 1612 2530 ,

1059 2538 1094 2577 G
1114 2555 1137 2594 g
1173 2553 1194 2578 2
1542 2536 1614 2581 Fi*

169 2605 1581 2623 —n———d——fi—-ss—-ffl

217 2666 272 2708 (1)
294 2668 329 2698 In
347 2666 492 2710 Append.
502 2677 578 2711 pag.
594 2666 647 2706 87.
