1952 3167
306 356 389 399 250
513 398 517 401 μ
601 345 825 393 DEJURE
855 346 1200 390 SIGNATURAE
1227 348 1500 402 JUSTlTIAE

308 417 378 446 tua
400 401 539 445 Causa
559 417 701 447 votum
719 407 877 450 exaravi
900 436 912 454 ‚
945 407 1040 449 hinc
1061 422 1132 465 pro
1154 423 1237 450 uno
1257 406 1451 465 suffragio
1469 407 1598 451 securi
1615 408 1666 452 sis
1683 409 1772 451 ani-

306 463 374 513 mi,
390 462 509 504 ferme
528 479 572 506 ac
591 466 622 506 si
644 465 715 523 ipsi
744 480 870 509 essent
888 466 1125 524 Signaturae
1144 468 1342 508 Votantcs
1364 498 1372 506 .

422 524 507 564 Hac
528 523 702 581 denique
721 537 876 582 arrepta
898 526 1107 567 occasione
1130 556 1142 573 ‚
1176 526 1311 578 aliqua
1333 525 1527 566 adnotare
1563 526 1767 570 existima-

305 596 398 624 mus
418 583 557 638 quoad
574 585 912 640 consuetudinem
932 584 1030 626 illam
1045 617 1056 634 ‚
1078 600 1159 626 non
1191 584 1311 625 modo
1331 599 1353 624 a
1369 582 1605 626 Tribunalis
1621 586 1767 642 Signa-

303 653 416 684 turae
437 642 542 685 Vota
554 644 689 685 ntibus
710 672 721 689 ,
751 658 892 686 verum
925 645 975 686 ab
993 643 1142 701 integra
1172 645 1354 685 Romana
1375 642 1505 685 Curia
1539 657 1764 700 receptam,

304 714 351 743 ut
371 715 509 759 nempe
544 717 564 742 a
597 703 778 757 quolibet
814 702 990 745 Votante
1017 704 1265 760 explicetur,
1296 704 1395 744 dum
1429 718 1450 744 a
1474 702 1764 748 Defensoribus

300 759 469 803 verbalis
489 761 719 804 informatio
745 761 816 811 fit,
842 762 944 819 quid
962 763 1041 820 ipse
1065 763 1164 819 juris
1190 777 1347 806 censeat
1365 792 1378 811 ,
1409 776 1448 805 et
1477 763 1686 818 quomodo
1719 765 1762 806 in

298 818 415 874 plena
438 817 651 877 Signatura
681 821 970 878 pronunciabit
991 855 1000 863 .
1036 823 1191 866 Exteris
1235 823 1365 872 enim,
1400 824 1671 878 omnibusque
1708 824 1756 865 de

298 877 417 932 praxi
435 880 641 923 Romanae
671 881 823 922 Curiae
846 897 927 923 non
958 883 1132 931 edoctis,
1170 898 1253 924 non
1289 881 1490 924 modicam
1532 882 1761 923 admiratio-

298 949 390 976 nem
424 936 659 987 hujusmodi
694 941 805 981 stilus
824 938 934 982 affert
955 972 965 989 ‚
990 957 1122 996 quum
1141 942 1231 983 alibi
1251 957 1322 998 pro
1349 941 1435 994 jure
1457 954 1563 983 certo
1579 942 1759 984 observe-

294 1003 387 1042 tur,
418 994 651 1050 suffragium
687 1012 768 1037 non
791 998 1076 1054 promulgandi
1097 1014 1187 1041 ante
1221 1013 1490 1048 sententiam3
1524 1000 1625 1040 itaut
1656 999 1760 1041 inter

293 1064 465 1093 caeteras
485 1055 727 1109 suspicionis
745 1086 755 1104 ‚
784 1069 820 1098 et
840 1057 1098 1099 recusationis
1130 1073 1271 1100 causas
1295 1087 1308 1106 ,
1341 1059 1630 1100 adnumeretur
1666 1058 1726 1099 illa
1744 1089 1759 1108 ,

290 1112 462 1163 quando
494 1127 633 1171 nempe
661 1116 712 1155 ad
730 1115 971 1156 sententiam
987 1116 1157 1173 quisque
1174 1117 1307 1171 Judex
1338 1131 1479 1162 vorum
1499 1132 1620 1160 suum
1635 1117 1765 1175 ‘expli-

291 1171 443 1213 caverit
462 1200 474 1219 ‚
508 1185 606 1216 tunc
633 1174 740 1215 enim
774 1177 793 1215 ἐι
828 1172 1050 1225 judicando
1085 1191 1296 1231 tamquam
1331 1191 1545 1233 suspectus
1564 1178 1757 1219 removeri

289 1242 444 1284 potest;
478 1244 516 1272 et
539 1244 694 1275 summa
716 1234 904 1290 religione
923 1235 963 1275 id
982 1235 1034 1276 ita
1054 1250 1235 1279 servatur
1252 1268 1264 1285 ‚
1298 1250 1343 1279 ut
1372 1237 1402 1278 si
1424 1251 1495 1278 nec
1523 1236 1655 1278 verbis
1674 1250 1754 1277 mo-

289 1285 343 1326 db
362 1316 376 1334 ,v
407 1289 476 1330 sed
493 1290 617 1343 signis
633 1324 644 1340 ,
680 1293 844 1347 aliisque
861 1293 1014 1336 actibus
1034 1296 1206 1336 externis
1230 1311 1268 1336 se
1291 1295 1510 1351 proclivem
1528 1293 1602 1334 uni
1632 1309 1680 1335 ex
1694 1294 1755 1334 Li-

287 1345 507 1402 tigantibus
524 1349 884 1399 demonstraverit,
919 1353 1049 1393 statim
1078 1354 1340 1395 recusationis
1372 1353 1530 1408 querela
1561 1352 1756 1408 proponi-

286 1415 374 1454 tur,
402 1421 440 1448 et
461 1423 481 1448 a
513 1408 734 1463 judicando
756 1411 979 1466 repellitur;
1011 1411 1058 1452 de
1076 1411 1163 1453 stilo
1177 1412 1465 1455 Tribunalium
1485 1411 1676 1465 Neapolis
1693 1424 1749 1452 te-

286 1475 446 1505 stantur
461 1467 585 1524 Sorge
605 1471 667 1523 (ι)
680 1500 691 1517 ,
705 1483 741 1510 et
758 1471 998 1512 Reum-terius
1021 1470 1060 1509 in
1094 1469 1355 1511 decisionibus'
1376 1471 1521 1527 Regiae
1543 1470 1727 1511 camerae
1741 1502 1756 1522 ,

285 1522 438 1571 ¹1wa
457 1526 632 1568 Ma'rt'nis
649 1527 783 1574 addit,
808 1526 934 1569 dictae
951 1528 1144 1568 decisioni
1166 1529 1384 1571 convenire
1400 1528 1621 1571 Gerar-[lum
1636 1531 1751 1586 May-

281 1585 447 1624 nardum
465 1583 505 1625 ἱη
529 1585 793 1639 Decisz'orzibus
813 1585 1034 1629 Tholosam's
1048 1618 1059 1635 ‚
1091 1587 1342 1630 Franciscum
1366 1589 1518 1631 Vinium
1538 1589 1610 1645 (2)
1624 1618 1636 1635 ,
1665 1589 1755 1630 Ale-

280 1644 478 1688 xandrum
498 1645 741 1698 Ambrosium
759 1645 799 1686 in
819 1644 1091 1689 Decisionibus
1118 1647 1314 1689 Perusinis
1330 1648 1405 1707 (3)
1423 1681 1434 1697 ,
1467 1662 1504 1690 et
1532 1646 1748 1704 quamplu-

282 1712 343 1741 res
361 1701 486 1743 alios.
524 1705 642 1761 Quae
667 1704 835 1759 quidem
851 1707 984 1764 praxis
1000 1704 1238 1763 suffragium
1251 1723 1333 1749 non
1356 1707 1638 1764 promulgandi
1665 1706 1749 1747 ori-

280 1757 413 1814 ginem
432 1762 577 1806 habuit
610 1780 631 1805 a
656 1764 920 1821 dispositione
945 1768 1039 1824 Leg.
1059 1765 1229 1820 ubifalsi
1245 1768 1378 1810 Codic.
1417 1770 1471 1808 ad
1489 1768 1582 1822 Leg.
1609 1766 1745 1807 Corne-

281 1816 372 1859 liam
398 1821 445 1860 de
456 1821 569 1874 falsis
585 1856 596 1872 ‚
626 1823 745 1876 cujus
773 1827 893 1867 verba
913 1827 1010 1866 haec
1029 1837 1127 1868 sunt
1145 1843 1154 1867 ε
1187 1829 1255 1868 sed
1270 1826 1368 1867 inter
1382 1837 1592 1882 utramque
1609 1841 1746 1882 per-so-

282 1891 370 1918 nam
381 1881 409 1926 J
410 1882 518 1924 udex
532 1882 685 1925 medius
702 1898 774 1925 nec
791 1882 868 1925 ulla
888 1883 1211 1942 interloquutione
1224 1886 1400 1944 divulget
1409 1900 1504 1943 quae
1520 1886 1674 1932 sentiat,
1684 1886 1751 1926 sed

280 1947 464 1994 tanquam
482 1943 537 1983 ad
551 1942 800 1985 imitationem
826 1943 1053 1994 relationis,
1087 1960 1186 2002 quae
1214 1946 1336 1988 solum
1363 1945 1554 1988 audiendi
1582 1947 1746 1987 mandat

279 1995 442 2047 Qfficium
461 2032 474 2050 ‚
492 2004 678 2058 praebeat
705 2003 900 2045 notionem
915 2006 1121 2060 posthuma
1138 2005 1324 2048 sententia
1343 2036 1355 2055 ‚
1386 2007 1492 2063 quod
1517 2005 1590 2046 sibi
1604 2005 1747 2060 liqueat

267 2057 534 2111 proditurus-3
567 2075 606 2104 et
631 2062 810 2105 Tiberius
836 2063 1035 2106 Decianus
1052 2064 1094 2106 ἰη
1113 2064 1284 2108 Consilio
1315 2065 1386 2107 26.
1405 2080 1514 2107 num.
1536 2079 1576 2121 9.
1613 2062 1692 2105 vol-
1724 2073 1740 2101 ι

276 2112 412 2172 allegat
430 2133 666 2176 responsum
685 2122 954 2167 Callistratiirz
985 2124 1050 2165 lib.
1081 2138 1119 2163 1.
1152 2128 1200 2165 de
1216 2123 1538 2180 cognitionibus,
1573 2133 1747 2161 conten·

280 2182 367 2236 ψη]
387 2175 427 2217 in
443 2179 539 2237 Leg.
554 2182 835 2223 observandum
855 2181 1063 2236 Dignst-de
1076 2181 1210 2232 Officio
1227 2180 1435 2230 Praesid1‘53
1452 2177 1571 2232 cujus
1588 2193 1746 2235 respon-

276 2241 308 2270 81
324 2235 471 2284 verba,
496 2252 630 2292 quum
646 2251 769 2279 aurea
799 2238 979 2293 profecto
996 2236 1103 2287 sint,
1130 2237 1252 2280 immo
1271 2239 1468 2296 aptissima
1502 2238 1555 2279 ad
1584 2238 1747 2282 evellen-

283 2286 383 2331 dum
417 2295 593 2337 abusum
619 2296 891 2353 quorumdam
918 2296 1105 2345 Judicum
1124 2325 1137 2345 ,
1169 2297 1459 2348 conviciandi,
1486 2312 1654 2355 nempe,
1702 2297 1745 2338 in

281 2353 605 2399 contradictoriis
624 2356 866 2399 Defensores
883 2356 1143 2415 Litigantium
1156 2387 1169 2407 ,
1203 2357 1272 2400 hic
1301 2358 1558 2401 transcribere
1589 2370 1673 2398 non
1689 2356 1745 2413 pi·

1655 2427 1742 2472 get:

1538 2485 1738 2499 ——aq

281 2477 752 2500 ffl———ss

319 2536 373 2580 (1)
399 2542 482 2575 Tam.
501 2543 531 2576 8.
559 2556 592 2578 n.
607 2545 662 2588 83.
763 2547 818 2587 (2)
841 2548 944 2581 Decis.
963 2549 1015 2591 36.
1031 2558 1062 2579 n.
1077 2547 1110 2578 6·
1214 2547 1268 2590 (3)
1292 2550 1403 2581 Decis.
1418 2555 1470 2586 50.
1485 2557 1517 2578 n.
1529 2554 1607 2589 7.p.
1623 2554 1656 2579 2·
