<?xml version="1.0" encoding="UTF-8"?>
<!DOCTYPE html PUBLIC "-//W3C//DTD XHTML 1.0 Transitional//EN"
    "http://www.w3.org/TR/xhtml1/DTD/xhtml1-transitional.dtd">
<html xmlns="http://www.w3.org/1999/xhtml" xml:lang="en" lang="en">
 <head>
  <title>
</title>
<meta http-equiv="Content-Type" content="text/html;charset=utf-8" />
  <meta name='ocr-system' content='tesseract 3.04.00' />
  <meta name='ocr-capabilities' content='ocr_page ocr_carea ocr_par ocr_line ocrx_word'/>
</head>
<body>
  <div class='ocr_page' id='page_1' title='image "./dejuresignaturae00vita_0164.png"; bbox 0 0 1952 3167; ppageno 0'>
   <div class='ocr_carea' id='block_1_1' title="bbox 331 279 1526 344">
    <p class='ocr_par' dir='ltr' id='par_1_1' title="bbox 331 279 1526 344">
     <span class='ocr_line' id='line_1_1' title="bbox 331 279 1526 344; baseline -0.005 -13"><span class='ocrx_word' id='word_1_1' title='bbox 331 301 350 331; x_wconf 72' lang='grc' dir='ltr'>ι</span> <span class='ocrx_word' id='word_1_2' title='bbox 358 299 415 344; x_wconf 86' lang='lat'>50</span> <span class='ocrx_word' id='word_1_3' title='bbox 627 282 708 326; x_wconf 78' lang='lat' dir='ltr'>DE</span> <span class='ocrx_word' id='word_1_4' title='bbox 731 281 864 333; x_wconf 70' lang='lat' dir='ltr'>June</span> <span class='ocrx_word' id='word_1_5' title='bbox 896 279 1242 326; x_wconf 73' lang='lat' dir='ltr'>stcNATuRAE</span> <span class='ocrx_word' id='word_1_6' title='bbox 1268 280 1526 328; x_wconf 70' lang='lat' dir='ltr'>„iusrrrrffi</span> 
     </span>
    </p>
   </div>
   <div class='ocr_carea' id='block_1_2' title="bbox 325 341 1820 2454">
    <p class='ocr_par' dir='ltr' id='par_1_2' title="bbox 329 341 1788 522">
     <span class='ocr_line' id='line_1_2' title="bbox 329 341 1787 401; baseline -0.003 -9"><span class='ocrx_word' id='word_1_7' title='bbox 329 361 472 392; x_wconf 87' lang='lat' dir='ltr'>contra</span> <span class='ocrx_word' id='word_1_8' title='bbox 491 344 635 386; x_wconf 85' lang='lat' dir='ltr'>Laicos</span> <span class='ocrx_word' id='word_1_9' title='bbox 651 376 663 394; x_wconf 85' lang='lat'><strong>,</strong></span> <span class='ocrx_word' id='word_1_10' title='bbox 684 359 735 385; x_wconf 87' lang='lat' dir='ltr'>an</span> <span class='ocrx_word' id='word_1_11' title='bbox 754 375 767 393; x_wconf 88' lang='lat'>‚</span> <span class='ocrx_word' id='word_1_12' title='bbox 804 358 842 386; x_wconf 93' lang='lat' dir='ltr'>et</span> <span class='ocrx_word' id='word_1_13' title='bbox 859 345 1030 399; x_wconf 88' lang='lat' dir='ltr'>quando</span> <span class='ocrx_word' id='word_1_14' title='bbox 1049 343 1184 384; x_wconf 88' lang='lat' dir='ltr'>locum</span> <span class='ocrx_word' id='word_1_15' title='bbox 1218 341 1388 392; x_wconf 61' lang='lat' dir='ltr'>habear,</span> <span class='ocrx_word' id='word_1_16' title='bbox 1409 356 1513 401; x_wconf 85' lang='lat' dir='ltr'>patet</span> <span class='ocrx_word' id='word_1_17' title='bbox 1542 359 1563 386; x_wconf 94' lang='lat' dir='ltr'>e</span> <span class='ocrx_word' id='word_1_18' title='bbox 1596 343 1787 387; x_wconf 67' lang='lat' dir='ltr'>constitui</span> 
     </span>
     <span class='ocr_line' id='line_1_3' title="bbox 330 402 1788 462; baseline -0.003 -11"><span class='ocrx_word' id='word_1_19' title='bbox 330 409 440 452; x_wconf 84' lang='lat' dir='ltr'>tione</span> <span class='ocrx_word' id='word_1_20' title='bbox 462 404 684 449; x_wconf 88' lang='lat' dir='ltr'>Clementis</span> <span class='ocrx_word' id='word_1_21' title='bbox 710 416 810 446; x_wconf 81' lang='lat' dir='ltr'>xtu.</span> <span class='ocrx_word' id='word_1_22' title='bbox 832 419 846 453; x_wconf 82' lang='lat'>;</span> <span class='ocrx_word' id='word_1_23' title='bbox 873 404 975 445; x_wconf 82' lang='lat' dir='ltr'>edita</span> <span class='ocrx_word' id='word_1_24' title='bbox 999 417 1098 447; x_wconf 89' lang='lat' dir='ltr'>v111.</span> <span class='ocrx_word' id='word_1_25' title='bbox 1123 402 1208 443; x_wconf 84' lang='lat' dir='ltr'>Kal.</span> <span class='ocrx_word' id='word_1_26' title='bbox 1229 403 1459 460; x_wconf 79' lang='lat' dir='ltr'>septembris</span> <span class='ocrx_word' id='word_1_27' title='bbox 1490 418 1605 446; x_wconf 90' lang='lat' dir='ltr'>anno</span> <span class='ocrx_word' id='word_1_28' title='bbox 1632 419 1696 446; x_wconf 77' lang='lat' dir='ltr'>tx.</span> <span class='ocrx_word' id='word_1_29' title='bbox 1713 418 1788 462; x_wconf 90' lang='lat' dir='ltr'>pro</span> 
     </span>
     <span class='ocr_line' id='line_1_4' title="bbox 332 463 1096 522; baseline -0.013 -11"><span class='ocrx_word' id='word_1_30' title='bbox 332 467 525 511; x_wconf 88' lang='lat' dir='ltr'>esclusiva</span> <span class='ocrx_word' id='word_1_31' title='bbox 547 466 674 508; x_wconf 89' lang='lat' dir='ltr'>dictae</span> <span class='ocrx_word' id='word_1_32' title='bbox 691 463 978 522; x_wconf 86' lang='lat' dir='ltr'>jurisdictionis</span> <span class='ocrx_word' id='word_1_33' title='bbox 993 464 1066 518; x_wconf 82' lang='grc' dir='ltr'>(ι)</span> <span class='ocrx_word' id='word_1_34' title='bbox 1087 493 1096 501; x_wconf 93' lang='grc'><strong>.</strong></span> 
     </span>
    </p>

    <p class='ocr_par' dir='ltr' id='par_1_3' title="bbox 327 518 1820 1399">
     <span class='ocr_line' id='line_1_5' title="bbox 450 518 1786 582; baseline -0.002 -14"><span class='ocrx_word' id='word_1_35' title='bbox 450 526 591 570; x_wconf 83' lang='lat' dir='ltr'>Curiae</span> <span class='ocrx_word' id='word_1_36' title='bbox 609 525 856 582; x_wconf 78' lang='lat' dir='ltr'>Episcopales</span> <span class='ocrx_word' id='word_1_37' title='bbox 876 552 888 569; x_wconf 93' lang='lat'>‚</span> <span class='ocrx_word' id='word_1_38' title='bbox 912 532 948 563; x_wconf 84' lang='lat' dir='ltr'>et</span> <span class='ocrx_word' id='word_1_39' title='bbox 966 518 1262 562; x_wconf 79' lang='lat' dir='ltr'>Ecclesiasticae</span> <span class='ocrx_word' id='word_1_40' title='bbox 1280 532 1491 577; x_wconf 89' lang='lat' dir='ltr'>nequeunt</span> <span class='ocrx_word' id='word_1_41' title='bbox 1524 520 1576 561; x_wconf 89' lang='lat' dir='ltr'>ad</span> <span class='ocrx_word' id='word_1_42' title='bbox 1601 537 1640 564; x_wconf 89' lang='lat' dir='ltr'>se</span> <span class='ocrx_word' id='word_1_43' title='bbox 1659 523 1786 565; x_wconf 86' lang='lat' dir='ltr'>trahe-</span> 
     </span>
     <span class='ocr_line' id='line_1_6' title="bbox 332 579 1787 646; baseline -0.005 -17"><span class='ocrx_word' id='word_1_44' title='bbox 332 600 373 630; x_wconf 89' lang='lat' dir='ltr'>re</span> <span class='ocrx_word' id='word_1_45' title='bbox 391 587 667 646; x_wconf 84' lang='lat' dir='ltr'>cognitionem</span> <span class='ocrx_word' id='word_1_46' title='bbox 694 583 908 627; x_wconf 83' lang='lat' dir='ltr'>criminum</span> <span class='ocrx_word' id='word_1_47' title='bbox 937 595 1075 623; x_wconf 89' lang='lat' dir='ltr'>contra</span> <span class='ocrx_word' id='word_1_48' title='bbox 1104 579 1227 621; x_wconf 88' lang='lat' dir='ltr'>laicos</span> <span class='ocrx_word' id='word_1_49' title='bbox 1244 609 1258 628; x_wconf 88' lang='lat'><strong>,</strong></span> <span class='ocrx_word' id='word_1_50' title='bbox 1292 595 1377 621; x_wconf 88' lang='lat' dir='ltr'>non</span> <span class='ocrx_word' id='word_1_51' title='bbox 1394 581 1579 621; x_wconf 88' lang='lat' dir='ltr'>obstante</span> <span class='ocrx_word' id='word_1_52' title='bbox 1607 582 1787 635; x_wconf 81' lang='lat' dir='ltr'>qualibet</span> 
     </span>
     <span class='ocr_line' id='line_1_7' title="bbox 330 639 1787 699; baseline -0.01 -9"><span class='ocrx_word' id='word_1_53' title='bbox 330 647 653 695; x_wconf 87' lang='lat' dir='ltr'>consuetudine;</span> <span class='ocrx_word' id='word_1_54' title='bbox 686 646 891 699; x_wconf 78' lang='lat' dir='ltr'>quatenus</span> <span class='ocrx_word' id='word_1_55' title='bbox 908 641 1008 683; x_wconf 87' lang='lat' dir='ltr'>haee</span> <span class='ocrx_word' id='word_1_56' title='bbox 1027 654 1111 680; x_wconf 91' lang='lat' dir='ltr'>non</span> <span class='ocrx_word' id='word_1_57' title='bbox 1139 639 1189 681; x_wconf 87' lang='lat' dir='ltr'>sit</span> <span class='ocrx_word' id='word_1_58' title='bbox 1206 639 1531 696; x_wconf 84' lang='lat' dir='ltr'>quadragenaria</span> <span class='ocrx_word' id='word_1_59' title='bbox 1553 667 1566 686; x_wconf 62' lang='grc' dir='ltr'><strong><em>ν</em></strong></span> <span class='ocrx_word' id='word_1_60' title='bbox 1598 651 1637 682; x_wconf 90' lang='lat' dir='ltr'>et</span> <span class='ocrx_word' id='word_1_61' title='bbox 1653 654 1787 697; x_wconf 82' lang='lat' dir='ltr'>perpe.</span> 
     </span>
     <span class='ocr_line' id='line_1_8' title="bbox 333 699 1784 758; baseline -0.006 -9"><span class='ocrx_word' id='word_1_62' title='bbox 333 719 406 749; x_wconf 87' lang='lat' dir='ltr'>tuo</span> <span class='ocrx_word' id='word_1_63' title='bbox 431 720 644 756; x_wconf 85' lang='lat' dir='ltr'>constans,</span> <span class='ocrx_word' id='word_1_64' title='bbox 668 717 888 758; x_wconf 88' lang='lat' dir='ltr'>nunquam</span> <span class='ocrx_word' id='word_1_65' title='bbox 912 699 1162 744; x_wconf 80' lang='lat' dir='ltr'>contradicta</span> <span class='ocrx_word' id='word_1_66' title='bbox 1180 731 1195 750; x_wconf 87' lang='lat'>,</span> <span class='ocrx_word' id='word_1_67' title='bbox 1232 713 1303 742; x_wconf 89' lang='lat' dir='ltr'>aut</span> <span class='ocrx_word' id='word_1_68' title='bbox 1319 700 1570 755; x_wconf 84' lang='lat' dir='ltr'>interrupta;</span> <span class='ocrx_word' id='word_1_69' title='bbox 1599 713 1643 741; x_wconf 90' lang='lat' dir='ltr'>ut</span> <span class='ocrx_word' id='word_1_70' title='bbox 1665 713 1784 756; x_wconf 85' lang='lat' dir='ltr'>prae-</span> 
     </span>
     <span class='ocr_line' id='line_1_9' title="bbox 333 758 1791 822; baseline -0.005 -15"><span class='ocrx_word' id='word_1_71' title='bbox 333 766 489 822; x_wconf 84' lang='lat' dir='ltr'><strong>scripsit</strong></span> <span class='ocrx_word' id='word_1_72' title='bbox 514 766 616 807; x_wconf 84' lang='lat' dir='ltr'>idem</span> <span class='ocrx_word' id='word_1_73' title='bbox 653 762 835 806; x_wconf 83' lang='lat' dir='ltr'>Pontifex</span> <span class='ocrx_word' id='word_1_74' title='bbox 860 760 1049 803; x_wconf 86' lang='lat' dir='ltr'>Clemens</span> <span class='ocrx_word' id='word_1_75' title='bbox 1067 771 1164 800; x_wconf 86' lang='lat' dir='ltr'>xm.</span> <span class='ocrx_word' id='word_1_76' title='bbox 1186 759 1228 800; x_wconf 90' lang='lat' dir='ltr'>in</span> <span class='ocrx_word' id='word_1_77' title='bbox 1264 759 1451 817; x_wconf 83' lang='lat' dir='ltr'>superius</span> <span class='ocrx_word' id='word_1_78' title='bbox 1484 758 1648 800; x_wconf 85' lang='lat' dir='ltr'>laudata</span> <span class='ocrx_word' id='word_1_79' title='bbox 1668 759 1791 801; x_wconf 86' lang='lat' dir='ltr'>Con-</span> 
     </span>
     <span class='ocr_line' id='line_1_10' title="bbox 329 817 1790 881; baseline -0.005 -15"><span class='ocrx_word' id='word_1_80' title='bbox 329 824 536 868; x_wconf 80' lang='lat' dir='ltr'>stitutione</span> <span class='ocrx_word' id='word_1_81' title='bbox 556 855 564 865; x_wconf 95' lang='lat'><strong><em>.</em></strong></span> <span class='ocrx_word' id='word_1_82' title='bbox 586 824 674 881; x_wconf 86' lang='lat' dir='ltr'>Qui</span> <span class='ocrx_word' id='word_1_83' title='bbox 705 822 824 866; x_wconf 89' lang='lat' dir='ltr'>etiarn</span> <span class='ocrx_word' id='word_1_84' title='bbox 858 820 1016 863; x_wconf 83' lang='lat' dir='ltr'>addidit</span> <span class='ocrx_word' id='word_1_85' title='bbox 1031 849 1043 869; x_wconf 90' lang='lat'>,</span> <span class='ocrx_word' id='word_1_86' title='bbox 1063 817 1300 872; x_wconf 82' lang='lat' dir='ltr'>hujusmodi</span> <span class='ocrx_word' id='word_1_87' title='bbox 1329 817 1671 862; x_wconf 86' lang='lat' dir='ltr'>consuetudinem</span> <span class='ocrx_word' id='word_1_88' title='bbox 1689 847 1702 866; x_wconf 88' lang='lat'>,</span> <span class='ocrx_word' id='word_1_89' title='bbox 1733 817 1790 860; x_wconf 83' lang='lat' dir='ltr'>ita</span> 
     </span>
     <span class='ocr_line' id='line_1_11' title="bbox 329 875 1790 943; baseline -0.005 -17"><span class='ocrx_word' id='word_1_90' title='bbox 329 885 612 943; x_wconf 81' lang='lat' dir='ltr'>praescriptam</span> <span class='ocrx_word' id='word_1_91' title='bbox 635 915 648 934; x_wconf 86' lang='lat'>‚</span> <span class='ocrx_word' id='word_1_92' title='bbox 683 880 1031 939; x_wconf 85' lang='lat' dir='ltr'>comprobandam</span> <span class='ocrx_word' id='word_1_93' title='bbox 1065 893 1147 920; x_wconf 86' lang='lat' dir='ltr'>esse</span> <span class='ocrx_word' id='word_1_94' title='bbox 1164 878 1451 935; x_wconf 82' lang='lat' dir='ltr'>multiplicitate</span> <span class='ocrx_word' id='word_1_95' title='bbox 1471 908 1486 927; x_wconf 85' lang='lat'><strong>,</strong></span> <span class='ocrx_word' id='word_1_96' title='bbox 1518 892 1564 919; x_wconf 84' lang='lat' dir='ltr'>ac</span> <span class='ocrx_word' id='word_1_97' title='bbox 1597 875 1790 933; x_wconf 78' lang='lat' dir='ltr'>frequen-</span> 
     </span>
     <span class='ocr_line' id='line_1_12' title="bbox 332 935 1793 994; baseline -0.004 -10"><span class='ocrx_word' id='word_1_98' title='bbox 332 944 386 984; x_wconf 85' lang='lat' dir='ltr'>tia</span> <span class='ocrx_word' id='word_1_99' title='bbox 423 957 619 991; x_wconf 86' lang='lat' dir='ltr'>actuum,</span> <span class='ocrx_word' id='word_1_100' title='bbox 651 957 736 983; x_wconf 90' lang='lat' dir='ltr'>non</span> <span class='ocrx_word' id='word_1_101' title='bbox 773 940 921 983; x_wconf 87' lang='lat' dir='ltr'>levium</span> <span class='ocrx_word' id='word_1_102' title='bbox 941 969 955 987; x_wconf 87' lang='lat'><strong>,</strong></span> <span class='ocrx_word' id='word_1_103' title='bbox 986 937 1055 979; x_wconf 90' lang='lat' dir='ltr'>sed</span> <span class='ocrx_word' id='word_1_104' title='bbox 1083 937 1296 994; x_wconf 81' lang='lat' dir='ltr'>gravium,</span> <span class='ocrx_word' id='word_1_105' title='bbox 1331 951 1437 992; x_wconf 87' lang='lat' dir='ltr'>quos</span> <span class='ocrx_word' id='word_1_106' title='bbox 1463 949 1617 978; x_wconf 90' lang='lat' dir='ltr'>constet</span> <span class='ocrx_word' id='word_1_107' title='bbox 1667 935 1793 981; x_wconf 80' lang='lat' dir='ltr'>factos</span> 
     </span>
     <span class='ocr_line' id='line_1_13' title="bbox 330 994 1794 1055; baseline -0.003 -15"><span class='ocrx_word' id='word_1_108' title='bbox 330 999 451 1041; x_wconf 85' lang='lat' dir='ltr'>fuisse</span> <span class='ocrx_word' id='word_1_109' title='bbox 486 1016 570 1042; x_wconf 88' lang='lat' dir='ltr'>non</span> <span class='ocrx_word' id='word_1_110' title='bbox 605 1014 653 1041; x_wconf 85' lang='lat' dir='ltr'>ex</span> <span class='ocrx_word' id='word_1_111' title='bbox 684 998 811 1055; x_wconf 81' lang='lat' dir='ltr'>gratia</span> <span class='ocrx_word' id='word_1_112' title='bbox 830 1028 843 1046; x_wconf 91' lang='lat'>‚</span> <span class='ocrx_word' id='word_1_113' title='bbox 871 996 932 1039; x_wconf 88' lang='lat' dir='ltr'>vel</span> <span class='ocrx_word' id='word_1_114' title='bbox 967 995 1233 1038; x_wconf 88' lang='lat' dir='ltr'>conniventia</span> <span class='ocrx_word' id='word_1_115' title='bbox 1265 995 1451 1049; x_wconf 73' lang='lat' dir='ltr'>iudicum</span> <span class='ocrx_word' id='word_1_116' title='bbox 1493 994 1794 1045; x_wconf 88' lang='lat' dir='ltr'>saecularium,</span> 
     </span>
     <span class='ocr_line' id='line_1_14' title="bbox 328 1053 1820 1111; baseline -0.002 -12"><span class='ocrx_word' id='word_1_117' title='bbox 328 1071 368 1099; x_wconf 90' lang='lat' dir='ltr'>et</span> <span class='ocrx_word' id='word_1_118' title='bbox 395 1058 488 1100; x_wconf 91' lang='lat' dir='ltr'>tales</span> <span class='ocrx_word' id='word_1_119' title='bbox 521 1059 631 1099; x_wconf 84' lang='lat' dir='ltr'>haud</span> <span class='ocrx_word' id='word_1_120' title='bbox 664 1071 776 1105; x_wconf 81' lang='lat' dir='ltr'>esse,</span> <span class='ocrx_word' id='word_1_121' title='bbox 807 1054 878 1110; x_wconf 91' lang='lat' dir='ltr'>qui</span> <span class='ocrx_word' id='word_1_122' title='bbox 905 1055 1070 1095; x_wconf 88' lang='lat' dir='ltr'>fortasse</span> <span class='ocrx_word' id='word_1_123' title='bbox 1108 1053 1194 1093; x_wconf 87' lang='lat' dir='ltr'>fieri</span> <span class='ocrx_word' id='word_1_124' title='bbox 1226 1053 1480 1111; x_wconf 85' lang='lat' dir='ltr'>potuissent,</span> <span class='ocrx_word' id='word_1_125' title='bbox 1514 1067 1586 1096; x_wconf 91' lang='lat' dir='ltr'>nec</span> <span class='ocrx_word' id='word_1_126' title='bbox 1628 1053 1820 1096; x_wconf 83' lang='lat' dir='ltr'>scienti-&#39;</span> 
     </span>
     <span class='ocr_line' id='line_1_15' title="bbox 329 1111 1790 1171; baseline -0.002 -12"><span class='ocrx_word' id='word_1_127' title='bbox 329 1117 407 1159; x_wconf 82' lang='lat' dir='ltr'>bus</span> <span class='ocrx_word' id='word_1_128' title='bbox 431 1146 443 1163; x_wconf 92' lang='lat'>‚</span> <span class='ocrx_word' id='word_1_129' title='bbox 476 1133 547 1160; x_wconf 89' lang='lat' dir='ltr'>nec</span> <span class='ocrx_word' id='word_1_130' title='bbox 583 1115 936 1171; x_wconf 86' lang='lat' dir='ltr'>acquiescentibus</span> <span class='ocrx_word' id='word_1_131' title='bbox 967 1111 1264 1161; x_wconf 84' lang='lat' dir='ltr'>Pontificibus,</span> <span class='ocrx_word' id='word_1_132' title='bbox 1307 1125 1345 1154; x_wconf 92' lang='lat' dir='ltr'>et</span> <span class='ocrx_word' id='word_1_133' title='bbox 1376 1113 1586 1155; x_wconf 83' lang='lat' dir='ltr'>Romanae</span> <span class='ocrx_word' id='word_1_134' title='bbox 1633 1111 1790 1156; x_wconf 77' lang='lat' dir='ltr'>Curiae</span> 
     </span>
     <span class='ocr_line' id='line_1_16' title="bbox 327 1170 1792 1232; baseline -0.002 -16"><span class='ocrx_word' id='word_1_135' title='bbox 327 1176 666 1232; x_wconf 75' lang='lat' dir='ltr'>Magistratibus3</span> <span class='ocrx_word' id='word_1_136' title='bbox 711 1174 813 1215; x_wconf 86' lang='lat' dir='ltr'>itaut</span> <span class='ocrx_word' id='word_1_137' title='bbox 849 1172 959 1213; x_wconf 85' lang='lat' dir='ltr'>nulla</span> <span class='ocrx_word' id='word_1_138' title='bbox 994 1171 1185 1212; x_wconf 82' lang='lat' dir='ltr'>habenda</span> <span class='ocrx_word' id='word_1_139' title='bbox 1218 1170 1268 1212; x_wconf 90' lang='lat' dir='ltr'>sit</span> <span class='ocrx_word' id='word_1_140' title='bbox 1300 1172 1404 1212; x_wconf 86' lang='lat' dir='ltr'>ratio</span> <span class='ocrx_word' id='word_1_141' title='bbox 1429 1201 1442 1220; x_wconf 83' lang='lat'><strong>,</strong></span> <span class='ocrx_word' id='word_1_142' title='bbox 1485 1171 1707 1222; x_wconf 87' lang='lat' dir='ltr'>scientiae,</span> <span class='ocrx_word' id='word_1_143' title='bbox 1752 1183 1792 1216; x_wconf 88' lang='lat' dir='ltr'>et</span> 
     </span>
     <span class='ocr_line' id='line_1_17' title="bbox 327 1230 1792 1295; baseline -0.003 -18"><span class='ocrx_word' id='word_1_144' title='bbox 327 1235 545 1295; x_wconf 84' lang='lat' dir='ltr'>patientiae</span> <span class='ocrx_word' id='word_1_145' title='bbox 579 1237 794 1277; x_wconf 84' lang='lat' dir='ltr'>Rectorum</span> <span class='ocrx_word' id='word_1_146' title='bbox 829 1230 1018 1273; x_wconf 84' lang='lat' dir='ltr'>localium</span> <span class='ocrx_word' id='word_1_147' title='bbox 1049 1260 1060 1275; x_wconf 92' lang='lat'>‚</span> <span class='ocrx_word' id='word_1_148' title='bbox 1094 1243 1132 1272; x_wconf 90' lang='lat' dir='ltr'>et</span> <span class='ocrx_word' id='word_1_149' title='bbox 1165 1230 1442 1284; x_wconf 88' lang='lat' dir='ltr'>quorumlibet</span> <span class='ocrx_word' id='word_1_150' title='bbox 1474 1230 1792 1286; x_wconf 79' lang='lat' dir='ltr'>Magistratuum</span> 
     </span>
     <span class='ocr_line' id='line_1_18' title="bbox 330 1288 1795 1346; baseline -0.002 -12"><span class='ocrx_word' id='word_1_151' title='bbox 330 1294 570 1336; x_wconf 86' lang='lat' dir='ltr'>inferiorum</span> <span class='ocrx_word' id='word_1_152' title='bbox 586 1323 599 1341; x_wconf 91' lang='lat'><strong>,</strong></span> <span class='ocrx_word' id='word_1_153' title='bbox 627 1294 678 1334; x_wconf 87' lang='lat' dir='ltr'>ad</span> <span class='ocrx_word' id='word_1_154' title='bbox 696 1294 773 1332; x_wconf 87' lang='lat' dir='ltr'>hoc</span> <span class='ocrx_word' id='word_1_155' title='bbox 794 1304 840 1332; x_wconf 91' lang='lat' dir='ltr'>ut</span> <span class='ocrx_word' id='word_1_156' title='bbox 871 1289 1044 1345; x_wconf 85' lang='lat' dir='ltr'>legitima</span> <span class='ocrx_word' id='word_1_157' title='bbox 1065 1288 1144 1331; x_wconf 88' lang='lat' dir='ltr'>dici</span> <span class='ocrx_word' id='word_1_158' title='bbox 1161 1301 1284 1344; x_wconf 83' lang='lat' dir='ltr'>queat</span> <span class='ocrx_word' id='word_1_159' title='bbox 1301 1288 1558 1330; x_wconf 87' lang='lat' dir='ltr'>consuetudo</span> <span class='ocrx_word' id='word_1_160' title='bbox 1577 1318 1592 1339; x_wconf 86' lang='lat'>,</span> <span class='ocrx_word' id='word_1_161' title='bbox 1607 1288 1795 1346; x_wconf 81' lang='lat' dir='ltr'>supradi-</span> 
     </span>
     <span class='ocr_line' id='line_1_19' title="bbox 329 1347 1350 1399; baseline -0.007 -3"><span class='ocrx_word' id='word_1_162' title='bbox 329 1353 401 1397; x_wconf 83' lang='lat' dir='ltr'>etis</span> <span class='ocrx_word' id='word_1_163' title='bbox 417 1352 738 1399; x_wconf 77' lang='lat' dir='ltr'>conditionibus,</span> <span class='ocrx_word' id='word_1_164' title='bbox 755 1362 792 1391; x_wconf 91' lang='lat' dir='ltr'>et</span> <span class='ocrx_word' id='word_1_165' title='bbox 809 1347 1120 1391; x_wconf 85' lang='lat' dir='ltr'>circumstantiis</span> <span class='ocrx_word' id='word_1_166' title='bbox 1133 1347 1320 1390; x_wconf 85' lang='lat' dir='ltr'>destituta</span> <span class='ocrx_word' id='word_1_167' title='bbox 1341 1379 1350 1389; x_wconf 87' lang='lat'><em>.</em></span> 
     </span>
    </p>

    <p class='ocr_par' dir='ltr' id='par_1_4' title="bbox 325 1404 1794 1750">
     <span class='ocr_line' id='line_1_20' title="bbox 448 1404 1792 1461; baseline -0.003 -9"><span class='ocrx_word' id='word_1_168' title='bbox 448 1413 496 1454; x_wconf 89' lang='lat' dir='ltr'>In</span> <span class='ocrx_word' id='word_1_169' title='bbox 512 1410 787 1455; x_wconf 77' lang='lat' dir='ltr'>criminalibus</span> <span class='ocrx_word' id='word_1_170' title='bbox 808 1408 945 1450; x_wconf 79' lang='lat' dir='ltr'>Causis</span> <span class='ocrx_word' id='word_1_171' title='bbox 982 1408 1138 1449; x_wconf 84' lang='lat' dir='ltr'>decreta</span> <span class='ocrx_word' id='word_1_172' title='bbox 1175 1419 1256 1449; x_wconf 88' lang='lat' dir='ltr'>tam</span> <span class='ocrx_word' id='word_1_173' title='bbox 1286 1406 1375 1448; x_wconf 71' lang='lat' dir='ltr'>Effii</span> <span class='ocrx_word' id='word_1_174' title='bbox 1409 1404 1632 1452; x_wconf 81' lang='lat' dir='ltr'>Praefecti,</span> <span class='ocrx_word' id='word_1_175' title='bbox 1665 1420 1792 1461; x_wconf 84' lang='lat' dir='ltr'>quarn</span> 
     </span>
     <span class='ocr_line' id='line_1_21' title="bbox 325 1465 1794 1527; baseline -0.004 -13"><span class='ocrx_word' id='word_1_176' title='bbox 325 1469 540 1514; x_wconf 86' lang='lat' dir='ltr'>Auditoris</span> <span class='ocrx_word' id='word_1_177' title='bbox 554 1471 791 1527; x_wconf 82' lang='lat' dir='ltr'>Signaturae</span> <span class='ocrx_word' id='word_1_178' title='bbox 820 1479 976 1508; x_wconf 83' lang='lat' dir='ltr'>tantam</span> <span class='ocrx_word' id='word_1_179' title='bbox 996 1466 1077 1508; x_wconf 86' lang='lat' dir='ltr'>vim</span> <span class='ocrx_word' id='word_1_180' title='bbox 1092 1467 1245 1507; x_wconf 87' lang='lat' dir='ltr'>habent</span> <span class='ocrx_word' id='word_1_181' title='bbox 1264 1493 1277 1511; x_wconf 93' lang='lat'>‚</span> <span class='ocrx_word' id='word_1_182' title='bbox 1310 1477 1357 1506; x_wconf 90' lang='lat' dir='ltr'>ut</span> <span class='ocrx_word' id='word_1_183' title='bbox 1389 1480 1474 1507; x_wconf 90' lang='lat' dir='ltr'>non</span> <span class='ocrx_word' id='word_1_184' title='bbox 1502 1465 1617 1506; x_wconf 86' lang='lat' dir='ltr'>liceat</span> <span class='ocrx_word' id='word_1_185' title='bbox 1647 1466 1794 1509; x_wconf 84' lang='lat' dir='ltr'>adver-</span> 
     </span>
     <span class='ocr_line' id='line_1_22' title="bbox 325 1525 1792 1582; baseline -0.003 -9"><span class='ocrx_word' id='word_1_186' title='bbox 325 1544 398 1572; x_wconf 82' lang='lat' dir='ltr'>sus</span> <span class='ocrx_word' id='word_1_187' title='bbox 427 1545 474 1573; x_wconf 84' lang='lat' dir='ltr'>ea</span> <span class='ocrx_word' id='word_1_188' title='bbox 498 1527 839 1572; x_wconf 88' lang='lat' dir='ltr'>Commissionem</span> <span class='ocrx_word' id='word_1_189' title='bbox 871 1539 1054 1567; x_wconf 85' lang='lat' dir='ltr'>recursus</span> <span class='ocrx_word' id='word_1_190' title='bbox 1075 1538 1297 1581; x_wconf 80' lang='lat' dir='ltr'>proponere</span> <span class='ocrx_word' id='word_1_191' title='bbox 1317 1525 1360 1565; x_wconf 91' lang='lat' dir='ltr'>in</span> <span class='ocrx_word' id='word_1_192' title='bbox 1392 1525 1508 1582; x_wconf 83' lang='lat' dir='ltr'>plena</span> <span class='ocrx_word' id='word_1_193' title='bbox 1541 1525 1758 1581; x_wconf 83' lang='lat' dir='ltr'>Signatura</span> <span class='ocrx_word' id='word_1_194' title='bbox 1778 1549 1792 1568; x_wconf 67' lang='lat' dir='ltr'>a</span> 
     </span>
     <span class='ocr_line' id='line_1_23' title="bbox 328 1583 1792 1639; baseline -0.002 -10"><span class='ocrx_word' id='word_1_195' title='bbox 328 1587 386 1630; x_wconf 87' lang='lat' dir='ltr'>Ita</span> <span class='ocrx_word' id='word_1_196' title='bbox 420 1592 528 1631; x_wconf 84' lang='lat' dir='ltr'>enirn</span> <span class='ocrx_word' id='word_1_197' title='bbox 544 1589 790 1631; x_wconf 83' lang='lat' dir='ltr'>declaratum</span> <span class='ocrx_word' id='word_1_198' title='bbox 809 1585 887 1628; x_wconf 88' lang='lat' dir='ltr'>fuit</span> <span class='ocrx_word' id='word_1_199' title='bbox 906 1584 948 1624; x_wconf 94' lang='lat' dir='ltr'>in</span> <span class='ocrx_word' id='word_1_200' title='bbox 969 1584 1185 1639; x_wconf 77' lang='lat' dir='ltr'>Signatura</span> <span class='ocrx_word' id='word_1_201' title='bbox 1219 1583 1382 1626; x_wconf 87' lang='lat' dir='ltr'>Gratiae</span> <span class='ocrx_word' id='word_1_202' title='bbox 1420 1598 1554 1625; x_wconf 80' lang='lat' dir='ltr'>coram</span> <span class='ocrx_word' id='word_1_203' title='bbox 1572 1584 1792 1626; x_wconf 85' lang='lat' dir='ltr'>Benedieto</span> 
     </span>
     <span class='ocr_line' id='line_1_24' title="bbox 328 1639 1793 1702; baseline -0.001 -14"><span class='ocrx_word' id='word_1_204' title='bbox 328 1659 418 1691; x_wconf 74' lang='lat' dir='ltr'>xxv.</span> <span class='ocrx_word' id='word_1_205' title='bbox 445 1663 509 1689; x_wconf 87' lang='lat'>12.</span> <span class='ocrx_word' id='word_1_206' title='bbox 528 1647 626 1689; x_wconf 81' lang='lat' dir='ltr'>maii</span> <span class='ocrx_word' id='word_1_207' title='bbox 664 1658 789 1701; x_wconf 85' lang='lat'><strong>¹750·</strong></span> <span class='ocrx_word' id='word_1_208' title='bbox 808 1644 850 1686; x_wconf 91' lang='lat' dir='ltr'>in</span> <span class='ocrx_word' id='word_1_209' title='bbox 871 1644 1027 1694; x_wconf 82' lang='lat' dir='ltr'>Causa,</span> <span class='ocrx_word' id='word_1_210' title='bbox 1043 1643 1145 1686; x_wconf 87' lang='lat' dir='ltr'>inter</span> <span class='ocrx_word' id='word_1_211' title='bbox 1161 1655 1337 1687; x_wconf 86' lang='lat' dir='ltr'>caeteras</span> <span class='ocrx_word' id='word_1_212' title='bbox 1355 1644 1556 1702; x_wconf 83' lang='lat' dir='ltr'>proposita</span> <span class='ocrx_word' id='word_1_213' title='bbox 1573 1673 1588 1693; x_wconf 86' lang='lat'>‚</span> <span class='ocrx_word' id='word_1_214' title='bbox 1616 1642 1682 1686; x_wconf 90' lang='lat' dir='ltr'>cui</span> <span class='ocrx_word' id='word_1_215' title='bbox 1699 1639 1793 1686; x_wconf 86' lang='lat' dir='ltr'>titu-</span> 
     </span>
     <span class='ocr_line' id='line_1_25' title="bbox 327 1704 728 1750; baseline -0.005 -2"><span class='ocrx_word' id='word_1_216' title='bbox 327 1704 391 1749; x_wconf 86' lang='lat' dir='ltr'>lus</span> <span class='ocrx_word' id='word_1_217' title='bbox 416 1721 503 1750; x_wconf 90' lang='lat' dir='ltr'>erat</span> <span class='ocrx_word' id='word_1_218' title='bbox 518 1706 697 1749; x_wconf 75' lang='lat' dir='ltr'>Alatn‘na</span> <span class='ocrx_word' id='word_1_219' title='bbox 715 1735 728 1746; x_wconf 88' lang='lat'><strong>.</strong></span> 
     </span>
    </p>

    <p class='ocr_par' dir='ltr' id='par_1_5' title="bbox 327 1760 1796 2410">
     <span class='ocr_line' id='line_1_26' title="bbox 448 1760 1794 1818; baseline -0.004 -10"><span class='ocrx_word' id='word_1_220' title='bbox 448 1767 482 1808; x_wconf 85' lang='lat' dir='ltr'><em>C</em></span> <span class='ocrx_word' id='word_1_221' title='bbox 482 1765 674 1808; x_wconf 81' lang='lat' dir='ltr'>riminalis</span> <span class='ocrx_word' id='word_1_222' title='bbox 693 1761 923 1813; x_wconf 75' lang='lat' dir='ltr'>Jurisdictio</span> <span class='ocrx_word' id='word_1_223' title='bbox 956 1775 1008 1803; x_wconf 92' lang='lat' dir='ltr'>an</span> <span class='ocrx_word' id='word_1_224' title='bbox 1028 1760 1274 1817; x_wconf 88' lang='lat' dir='ltr'>quibusdam</span> <span class='ocrx_word' id='word_1_225' title='bbox 1296 1760 1338 1802; x_wconf 90' lang='lat' dir='ltr'>in</span> <span class='ocrx_word' id='word_1_226' title='bbox 1373 1761 1534 1804; x_wconf 87' lang='lat' dir='ltr'>casibus</span> <span class='ocrx_word' id='word_1_227' title='bbox 1551 1772 1794 1818; x_wconf 86' lang='lat' dir='ltr'>competeret</span> 
     </span>
     <span class='ocr_line' id='line_1_27' title="bbox 329 1818 1794 1882; baseline -0.002 -16"><span class='ocrx_word' id='word_1_228' title='bbox 329 1823 526 1867; x_wconf 77' lang='lat' dir='ltr'>Auditmi</span> <span class='ocrx_word' id='word_1_229' title='bbox 544 1826 783 1882; x_wconf 84' lang='lat' dir='ltr'>Signaturae</span> <span class='ocrx_word' id='word_1_230' title='bbox 799 1854 811 1872; x_wconf 84' lang='lat'><strong>,</strong></span> <span class='ocrx_word' id='word_1_231' title='bbox 845 1821 1072 1874; x_wconf 85' lang='lat' dir='ltr'>aliquando</span> <span class='ocrx_word' id='word_1_232' title='bbox 1091 1821 1329 1861; x_wconf 89' lang='lat' dir='ltr'>dubitatum</span> <span class='ocrx_word' id='word_1_233' title='bbox 1346 1820 1439 1868; x_wconf 87' lang='lat' dir='ltr'>fuit,</span> <span class='ocrx_word' id='word_1_234' title='bbox 1457 1835 1505 1861; x_wconf 90' lang='lat' dir='ltr'>ex</span> <span class='ocrx_word' id='word_1_235' title='bbox 1522 1835 1571 1862; x_wconf 91' lang='lat' dir='ltr'>eo</span> <span class='ocrx_word' id='word_1_236' title='bbox 1588 1821 1683 1875; x_wconf 87' lang='lat' dir='ltr'>quia</span> <span class='ocrx_word' id='word_1_237' title='bbox 1702 1818 1794 1874; x_wconf 82' lang='lat' dir='ltr'>ejus</span> 
     </span>
     <span class='ocr_line' id='line_1_28' title="bbox 329 1877 1796 1941; baseline -0.001 -17"><span class='ocrx_word' id='word_1_238' title='bbox 329 1882 500 1926; x_wconf 86' lang='lat' dir='ltr'>facultas</span> <span class='ocrx_word' id='word_1_239' title='bbox 534 1899 618 1926; x_wconf 88' lang='lat' dir='ltr'>non</span> <span class='ocrx_word' id='word_1_240' title='bbox 652 1882 928 1941; x_wconf 75' lang='lat' dir='ltr'>porrigeretur</span> <span class='ocrx_word' id='word_1_241' title='bbox 947 1880 1001 1919; x_wconf 89' lang='lat' dir='ltr'>ad</span> <span class='ocrx_word' id='word_1_242' title='bbox 1017 1892 1104 1919; x_wconf 84' lang='lat' dir='ltr'>eam</span> <span class='ocrx_word' id='word_1_243' title='bbox 1123 1877 1404 1920; x_wconf 89' lang='lat' dir='ltr'>coercitionem</span> <span class='ocrx_word' id='word_1_244' title='bbox 1421 1908 1433 1926; x_wconf 92' lang='lat'>,</span> <span class='ocrx_word' id='word_1_245' title='bbox 1465 1895 1572 1936; x_wconf 86' lang='lat' dir='ltr'>quae</span> <span class='ocrx_word' id='word_1_246' title='bbox 1608 1879 1796 1924; x_wconf 83' lang='lat' dir='ltr'>inhaeret</span> 
     </span>
     <span class='ocr_line' id='line_1_29' title="bbox 327 1937 1793 1998; baseline -0.003 -16"><span class='ocrx_word' id='word_1_247' title='bbox 327 1944 490 1985; x_wconf 86' lang='lat' dir='ltr'>muneri</span> <span class='ocrx_word' id='word_1_248' title='bbox 515 1944 687 1986; x_wconf 84' lang='lat' dir='ltr'>aliorum</span> <span class='ocrx_word' id='word_1_249' title='bbox 704 1940 889 1998; x_wconf 86' lang='lat' dir='ltr'>judicum</span> <span class='ocrx_word' id='word_1_250' title='bbox 908 1969 917 1980; x_wconf 91' lang='lat'>.</span> <span class='ocrx_word' id='word_1_251' title='bbox 951 1938 1142 1980; x_wconf 83' lang='lat' dir='ltr'>Attamen</span> <span class='ocrx_word' id='word_1_252' title='bbox 1176 1937 1353 1980; x_wconf 88' lang='lat' dir='ltr'>dubium</span> <span class='ocrx_word' id='word_1_253' title='bbox 1372 1953 1490 1979; x_wconf 89' lang='lat' dir='ltr'>omne</span> <span class='ocrx_word' id='word_1_254' title='bbox 1520 1938 1793 1983; x_wconf 79' lang='lat' dir='ltr'>evanuitani-</span> 
     </span>
     <span class='ocr_line' id='line_1_30' title="bbox 327 1996 1794 2059; baseline -0.007 -15"><span class='ocrx_word' id='word_1_255' title='bbox 327 2002 620 2045; x_wconf 87' lang='lat' dir='ltr'>madvertendo</span> <span class='ocrx_word' id='word_1_256' title='bbox 634 2034 649 2053; x_wconf 86' lang='lat'><strong>,</strong></span> <span class='ocrx_word' id='word_1_257' title='bbox 681 2001 796 2059; x_wconf 84' lang='lat' dir='ltr'>quod</span> <span class='ocrx_word' id='word_1_258' title='bbox 823 2000 909 2055; x_wconf 80' lang='lat' dir='ltr'>ejus</span> <span class='ocrx_word' id='word_1_259' title='bbox 925 1998 1145 2041; x_wconf 84' lang='lat' dir='ltr'>auctoritas</span> <span class='ocrx_word' id='word_1_260' title='bbox 1166 1998 1270 2039; x_wconf 93' lang='lat' dir='ltr'>tueri</span> <span class='ocrx_word' id='word_1_261' title='bbox 1304 1996 1445 2053; x_wconf 90' lang='lat' dir='ltr'>nequit</span> <span class='ocrx_word' id='word_1_262' title='bbox 1465 1999 1618 2049; x_wconf 86' lang='lat' dir='ltr'>absque</span> <span class='ocrx_word' id='word_1_263' title='bbox 1636 1997 1794 2038; x_wconf 52' lang='lat' dir='ltr'>coerci«</span> 
     </span>
     <span class='ocr_line' id='line_1_31' title="bbox 327 2053 1785 2118; baseline -0.004 -15"><span class='ocrx_word' id='word_1_264' title='bbox 327 2060 438 2103; x_wconf 80' lang='lat' dir='ltr'>tione</span> <span class='ocrx_word' id='word_1_265' title='bbox 458 2091 468 2102; x_wconf 90' lang='lat'><strong>.</strong></span> <span class='ocrx_word' id='word_1_266' title='bbox 502 2062 610 2104; x_wconf 89' lang='lat' dir='ltr'>Hinc</span> <span class='ocrx_word' id='word_1_267' title='bbox 634 2075 768 2118; x_wconf 86' lang='lat' dir='ltr'>quum</span> <span class='ocrx_word' id='word_1_268' title='bbox 789 2057 1058 2102; x_wconf 84' lang='lat' dir='ltr'>Affictuarius</span> <span class='ocrx_word' id='word_1_269' title='bbox 1078 2058 1222 2099; x_wconf 81' lang='lat' dir='ltr'>Terrae</span> <span class='ocrx_word' id='word_1_270' title='bbox 1239 2054 1438 2098; x_wconf 81' lang='lat' dir='ltr'>Malleam‘</span> <span class='ocrx_word' id='word_1_271' title='bbox 1455 2053 1696 2097; x_wconf 63' lang='lat' dir='ltr'>Pecudaritii</span> <span class='ocrx_word' id='word_1_272' title='bbox 1709 2057 1785 2099; x_wconf 92' lang='lat' dir='ltr'>sub</span> 
     </span>
     <span class='ocr_line' id='line_1_32' title="bbox 329 2113 1787 2173; baseline -0.001 -13"><span class='ocrx_word' id='word_1_273' title='bbox 329 2120 390 2160; x_wconf 82' lang='lat' dir='ltr'>die</span> <span class='ocrx_word' id='word_1_274' title='bbox 407 2132 470 2160; x_wconf 85' lang='lat'>10.</span> <span class='ocrx_word' id='word_1_275' title='bbox 504 2120 721 2163; x_wconf 80' lang='lat' dir='ltr'>novembris</span> <span class='ocrx_word' id='word_1_276' title='bbox 755 2133 880 2173; x_wconf 83' lang='lat'><strong><em>1759.</em></strong></span> <span class='ocrx_word' id='word_1_277' title='bbox 902 2116 1065 2167; x_wconf 79' lang='lat' dir='ltr'>injuriis</span> <span class='ocrx_word' id='word_1_278' title='bbox 1081 2144 1095 2162; x_wconf 92' lang='lat'>,</span> <span class='ocrx_word' id='word_1_279' title='bbox 1129 2128 1176 2154; x_wconf 91' lang='lat' dir='ltr'>ac</span> <span class='ocrx_word' id='word_1_280' title='bbox 1191 2114 1426 2155; x_wconf 84' lang='lat' dir='ltr'>verberibus</span> <span class='ocrx_word' id='word_1_281' title='bbox 1468 2114 1511 2155; x_wconf 92' lang='lat' dir='ltr'>in</span> <span class='ocrx_word' id='word_1_282' title='bbox 1540 2114 1644 2155; x_wconf 89' lang='lat' dir='ltr'>dicta</span> <span class='ocrx_word' id='word_1_283' title='bbox 1663 2113 1787 2158; x_wconf 86' lang='lat' dir='ltr'>Terra</span> 
     </span>
     <span class='ocr_line' id='line_1_33' title="bbox 330 2170 1788 2233; baseline -0.003 -14"><span class='ocrx_word' id='word_1_284' title='bbox 330 2175 511 2220; x_wconf 83' lang='lat' dir='ltr'>affeciffet</span> <span class='ocrx_word' id='word_1_285' title='bbox 527 2179 737 2233; x_wconf 84' lang='lat' dir='ltr'>publicum</span> <span class='ocrx_word' id='word_1_286' title='bbox 756 2173 988 2230; x_wconf 84' lang='lat' dir='ltr'>Bajulivum</span> <span class='ocrx_word' id='word_1_287' title='bbox 1007 2174 1152 2214; x_wconf 79' lang='lat' dir='ltr'>Terrae</span> <span class='ocrx_word' id='word_1_288' title='bbox 1170 2170 1326 2213; x_wconf 81' lang='lat' dir='ltr'>Calcate</span> <span class='ocrx_word' id='word_1_289' title='bbox 1346 2172 1445 2213; x_wconf 88' lang='lat' dir='ltr'>dum</span> <span class='ocrx_word' id='word_1_290' title='bbox 1467 2173 1668 2215; x_wconf 83' lang='lat' dir='ltr'>intimaret</span> <span class='ocrx_word' id='word_1_291' title='bbox 1687 2174 1788 2216; x_wconf 77' lang='lat' dir='ltr'>cita·</span> 
     </span>
     <span class='ocr_line' id='line_1_34' title="bbox 330 2230 1788 2289; baseline -0.002 -12"><span class='ocrx_word' id='word_1_292' title='bbox 330 2237 479 2280; x_wconf 86' lang='lat' dir='ltr'>tionem</span> <span class='ocrx_word' id='word_1_293' title='bbox 496 2234 728 2276; x_wconf 87' lang='lat' dir='ltr'>Tribunalis</span> <span class='ocrx_word' id='word_1_294' title='bbox 754 2233 991 2289; x_wconf 86' lang='lat' dir='ltr'>Signaturae</span> <span class='ocrx_word' id='word_1_295' title='bbox 1009 2246 1128 2288; x_wconf 86' lang='lat' dir='ltr'>super</span> <span class='ocrx_word' id='word_1_296' title='bbox 1146 2230 1387 2288; x_wconf 87' lang='lat' dir='ltr'>pertinentia</span> <span class='ocrx_word' id='word_1_297' title='bbox 1408 2232 1460 2274; x_wconf 90' lang='lat' dir='ltr'>ad</span> <span class='ocrx_word' id='word_1_298' title='bbox 1479 2232 1677 2275; x_wconf 83' lang='lat' dir='ltr'>Tribunal</span> <span class='ocrx_word' id='word_1_299' title='bbox 1693 2232 1788 2276; x_wconf 86' lang='lat' dir='ltr'>Au-</span> 
     </span>
     <span class='ocr_line' id='line_1_35' title="bbox 329 2289 1787 2343; baseline -0.001 -6"><span class='ocrx_word' id='word_1_300' title='bbox 329 2294 469 2337; x_wconf 84' lang='lat' dir='ltr'>ditoris</span> <span class='ocrx_word' id='word_1_301' title='bbox 485 2294 681 2336; x_wconf 87' lang='lat' dir='ltr'>Camerae</span> <span class='ocrx_word' id='word_1_302' title='bbox 698 2290 910 2343; x_wconf 79' lang='lat' dir='ltr'>cujusdam</span> <span class='ocrx_word' id='word_1_303' title='bbox 929 2289 1092 2332; x_wconf 78' lang='lat' dir='ltr'>Causae</span> <span class='ocrx_word' id='word_1_304' title='bbox 1109 2289 1234 2333; x_wconf 86' lang='lat' dir='ltr'>civilis</span> <span class='ocrx_word' id='word_1_305' title='bbox 1251 2290 1354 2332; x_wconf 89' lang='lat' dir='ltr'>inter</span> <span class='ocrx_word' id='word_1_306' title='bbox 1372 2292 1560 2335; x_wconf 87' lang='lat' dir='ltr'>eumdem</span> <span class='ocrx_word' id='word_1_307' title='bbox 1581 2290 1787 2336; x_wconf 61' lang='lat' dir='ltr'>Affictua-</span> 
     </span>
     <span class='ocr_line' id='line_1_36' title="bbox 327 2348 1786 2410; baseline -0.001 -14"><span class='ocrx_word' id='word_1_308' title='bbox 327 2353 462 2403; x_wconf 79' lang='lat' dir='ltr'>rium,</span> <span class='ocrx_word' id='word_1_309' title='bbox 495 2365 534 2394; x_wconf 85' lang='lat' dir='ltr'>et</span> <span class='ocrx_word' id='word_1_310' title='bbox 553 2350 799 2393; x_wconf 81' lang='lat' dir='ltr'>Dominicum</span> <span class='ocrx_word' id='word_1_311' title='bbox 815 2348 1048 2410; x_wconf 79' lang='lat' dir='ltr'>Legaccz‘oni</span> <span class='ocrx_word' id='word_1_312' title='bbox 1063 2349 1208 2392; x_wconf 87' lang='lat' dir='ltr'>Terrae</span> <span class='ocrx_word' id='word_1_313' title='bbox 1226 2350 1450 2407; x_wconf 86' lang='lat' dir='ltr'>praedictae</span> <span class='ocrx_word' id='word_1_314' title='bbox 1470 2383 1485 2402; x_wconf 86' lang='lat'>‚</span> <span class='ocrx_word' id='word_1_315' title='bbox 1517 2367 1562 2394; x_wconf 91' lang='lat' dir='ltr'>ac</span> <span class='ocrx_word' id='word_1_316' title='bbox 1591 2352 1654 2392; x_wconf 91' lang='lat' dir='ltr'>die</span> <span class='ocrx_word' id='word_1_317' title='bbox 1684 2350 1786 2406; x_wconf 83' lang='lat' dir='ltr'>ejus-</span> 
     </span>
    </p>

    <p class='ocr_par' dir='ltr' id='par_1_6' title="bbox 1692 2413 1783 2454">
     <span class='ocr_line' id='line_1_37' title="bbox 1692 2413 1783 2454; baseline 0.022 -2"><span class='ocrx_word' id='word_1_318' title='bbox 1692 2413 1783 2454; x_wconf 87' lang='lat' dir='ltr'>dem</span> 
     </span>
    </p>
   </div>
   <div class='ocr_carea' id='block_1_3' title="bbox 641 2480 1784 2496">
    <p class='ocr_par' dir='ltr' id='par_1_7' title="bbox 641 2480 1784 2496">
     <span class='ocr_line' id='line_1_38' title="bbox 641 2480 1784 2496; baseline 0.004 -5"><span class='ocrx_word' id='word_1_319' title='bbox 641 2480 1784 2496; x_wconf 51' lang='lat' dir='ltr'>—m*-*</span> 
     </span>
    </p>
   </div>
   <div class='ocr_carea' id='block_1_4' title="bbox 374 2539 932 2585">
    <p class='ocr_par' dir='ltr' id='par_1_8' title="bbox 374 2539 932 2585">
     <span class='ocr_line' id='line_1_39' title="bbox 374 2539 932 2585; baseline -0.009 -10"><span class='ocrx_word' id='word_1_320' title='bbox 374 2543 430 2583; x_wconf 81' lang='lat' dir='ltr'>(x)</span> <span class='ocrx_word' id='word_1_321' title='bbox 455 2541 604 2585; x_wconf 69' lang='lat' dir='ltr'>append.</span> <span class='ocrx_word' id='word_1_322' title='bbox 621 2542 781 2585; x_wconf 71' lang='lat' dir='ltr'>pag-136.</span> <span class='ocrx_word' id='word_1_323' title='bbox 797 2540 841 2572; x_wconf 84' lang='lat' dir='ltr'>ad</span> <span class='ocrx_word' id='word_1_324' title='bbox 858 2539 932 2582; x_wconf 81' lang='lat'><em>138.</em></span> 
     </span>
    </p>
   </div>
  </div>
 </body>
</html>
