1952 3167
355 312 437 353 118
644 302 721 346 DE
751 303 886 352 JURE
917 300 1258 345 SIGNATURAE
1292 297 1548 348 JUST1T1AE

350 365 658 414 Constitutione
680 396 693 415 ‚
723 379 827 420 quae
861 362 1002 419 incipit
1030 361 1302 420 Apostolatus,
1320 359 1490 413 officium
1513 390 1525 408 ‚
1560 360 1629 402 sub
1661 357 1722 400 die
1745 370 1815 414 15.

348 426 514 472 octobris
549 438 679 482 1732.
697 457 710 475 ,
738 421 774 481 §
799 438 882 481 19.‚
900 423 1007 466 edita
1025 438 1098 481 pro
1119 436 1222 464 recto
1243 420 1464 463 Conclavis
1485 420 1672 478 regimine
1689 434 1825 468 ,com-

357 488 489 537 misit,
515 498 551 528 et
569 485 802 534 mandavit,
821 485 949 526 eidem
968 481 1229 527 concedendo
1259 479 1500 521 necessarias
1515 512 1528 529 ‚
1563 494 1603 522 et
1623 493 1825 536 opportu-

356 563 429 590 nas
446 545 652 589 facultates
668 577 681 595 ,
699 544 962 586 utcitationes
978 575 990 592 ‚
1009 558 1053 584 ac
1072 555 1252 582 recursus
1270 553 1412 580 omnes
1431 570 1444 588 ‚
1462 539 1536 593 qui
1565 554 1698 581 coram
1717 540 1824 580 dicto

355 607 555 649 Auditore
581 603 778 647 Pontificis
805 603 984 645 defuncti
1021 614 1120 643 tunc
1148 599 1322 657 pendere
1358 598 1626 655 reperiantur
1655 629 1668 647 ‚
1701 608 1826 655 prout

354 666 464 720 juris
486 665 606 706 fuerit
621 694 634 712 ,
662 662 847 719 expediat
866 691 876 701 .
1124 676 1126 678 ’
1747 691 1750 694 .

478 726 576 765 Item
592 721 762 779 quando
780 720 911 776 agitur
935 719 982 760 de
1003 715 1370 761 communicatione
1391 715 1627 758 facultatum
1648 715 1829 757 Audito-

359 784 412 826 ris
440 783 637 824 Camerae
669 780 838 835 vetitum
868 791 926 821 est
944 779 1050 820 adire
1068 780 1224 835 plenam
1251 776 1507 833 Signaturam
1529 803 1541 822 ,
1589 774 1664 815 nisi
1697 778 1830 816 Partes

357 843 472 900 prius
498 841 722 884 insteterint
760 854 895 880 coram
915 838 1113 880 Auditore
1134 838 1374 892 Signaturae
1394 866 1407 883 ,
1437 835 1554 890 cujus
1571 835 1723 876 decreta
1746 832 1830 875 vim

359 903 639 956 rescriptorum
652 900 786 953 plenae
805 900 1039 954 Signaturae
1054 898 1197 938 habere
1217 894 1503 951 praescribitur
1520 894 1559 933 in
1576 893 1706 934 edicto
1726 892 1830 933 Emi-

360 960 581 1001 nentissimi
599 957 764 998 Salviati
781 956 969 996 Praefecti
989 970 1001 1002 ς
1036 954 1162 1000 itaut,
1193 954 1222 994 si
1243 968 1326 992 non
1349 953 1630 1006 acquieverint
1660 981 1672 997 ,
1694 965 1834 992 recur-

359 1032 450 1057 sum
470 1017 523 1056 ad
542 1018 700 1072 plenam
724 1016 980 1069 Signaturam
996 1014 1141 1052 habere
1165 1024 1363 1066 possunt·‚
1404 1024 1574 1050 attamen
1596 1041 1608 1058 ‚
1645 1010 1675 1050 si
1691 1010 1834 1051 iterum

356 1075 666 1118 succubuerint,
687 1073 788 1113 Parti
800 1071 976 1120 victrici,
997 1084 1041 1111 ut
1058 1069 1149 1111 alibi
1170 1070 1366 1116 diximus,
1385 1067 1520 1110 solitas
1536 1084 1731 1126 expensas
1745 1085 1835 1112 scu-

357 1147 493 1176 torum
510 1148 689 1188 quatuor
723 1134 1006 1172 Procuratores
1045 1129 1086 1168 in
1111 1144 1284 1184 poenam
1319 1128 1474 1168 reficere
1497 1140 1686 1169 tenentur
1704 1158 1714 1168 .

480 1193 669 1245 Eiusdem
698 1190 916 1232 Auditoris
945 1187 1159 1246 praecipua
1179 1202 1273 1228 cura
1291 1201 1368 1227 esse
1387 1186 1528 1236 debet,
1563 1187 1612 1227 ne
1633 1184 1839 1228 Commis-

359 1252 492 1293 siones
511 1250 831 1292 transmittantur
849 1250 889 1288 in
907 1251 1022 1305 plena
1045 1248 1257 1302 Signatura
1271 1261 1343 1301 pro
1363 1245 1527 1301 simplici
1546 1246 1838 1286 sententiarum

357 1322 398 1351 et
415 1310 663 1351 decretorum
685 1307 1070 1363 circumscriptione,
1094 1305 1167 1345 nisi
1189 1306 1228 1344 in
1251 1304 1397 1344 eisdem
1416 1304 1764 1345 commissionibus
1782 1304 1841 1345 al-

360 1369 558 1411 ternativa
587 1367 725 1424 petitio
749 1382 1006 1423 apponatur,
1041 1365 1155 1419 quod
1181 1378 1320 1419 nempe
1351 1376 1554 1417 quatenus
1585 1362 1840 1404 circumscri-

363 1427 495 1483 ptioni
524 1427 634 1467 locus
655 1440 735 1465 non
755 1427 804 1466 sit
825 1457 837 1474 ,
874 1426 1015 1466 Causa
1037 1422 1310 1480 appellationis
1330 1422 1602 1463 committatur
1619 1437 1712 1464 cum
1735 1423 1841 1464 clau-

360 1485 457 1527 sulis
489 1483 752 1542 opportunis;
786 1496 910 1540 prout
929 1485 1053 1539 liquet
1079 1497 1128 1523 ex
1147 1481 1311 1522 laudato
1342 1481 1486 1523 Edicto
1522 1481 1838 1523 Eminentissimi

361 1544 531 1587 Salviati
561 1574 570 1585 .

484 1604 724 1656 Antequam
742 1601 962 1659 propositio
980 1599 1141 1642 Causae
1159 1599 1227 1639 fiat
1247 1598 1290 1638 in
1309 1599 1425 1654 plena
1444 1599 1662 1655 Signatura
1676 1631 1689 1649 ,
1711 1613 1842 1656 quum

362 1661 406 1703 fit
420 1660 649 1703 distributio
683 1662 982 1717 Scripturarum
1002 1691 1015 1708 ‚
1042 1660 1121 1702 sive
1152 1657 1490 1700 informationum
1520 1659 1559 1699 in
1584 1660 1767 1713 scriptis,
1794 1659 1844 1698 il-

362 1720 494 1761 larum
520 1721 718 1776 exemplar
749 1719 1076 1762 distribuendum
1101 1719 1219 1759 etiam
1251 1730 1308 1758 est
1325 1718 1452 1761 eidem
1478 1717 1696 1764 Auditori‚
1729 1716 1840 1758 etita

363 1780 663 1822 observandum
690 1780 734 1820 in
760 1779 1040 1820 distributione
1074 1776 1386 1830 responsionum
1414 1774 1552 1816 statuit
1592 1775 1843 1815 Eminentis-

363 1838 489 1879 simus
519 1838 722 1879 Solvimus
740 1853 781 1877 n²
802 1850 860 1877 rx:
882 1862 894 1880 ,
926 1848 964 1875 et
981 1846 1072 1874 ante
1105 1833 1215 1872 illum
1243 1831 1591 1873 Eminentissimus
1630 1833 1757 1875 Scotti
1773 1832 1843 1875 sub

359 1897 422 1938 die
441 1913 480 1954 3.
505 1896 607 1938 iunii
631 1911 644 1937 1
659 1895 757 1952 726.
779 1896 829 1936 Et
842 1893 987 1935 folium
1005 1889 1198 1946 originale
1228 1891 1537 1945 propositionis,
1558 1892 1680 1947 vulgo
1706 1893 1738 1933 il
1750 1894 1847 1933 Pro-

358 1970 525 2011 ponam,
539 1955 709 1998 omnino
736 1955 865 1995 eidem
889 1951 1082 1994 Auditori
1099 1948 1343 1991 tradendum
1365 1963 1421 1990 est
1447 1964 1515 2004 per
1533 1949 1727 2005 integram
1739 1950 1847 1992 diem

367 2015 583 2065 mercurii,
602 2016 917 2071 subsequentem
934 2011 1038 2053 diem
1053 2006 1223 2050 Veneris
1240 2036 1254 2055 ,
1272 2006 1314 2047 in
1333 2021 1414 2061 qua
1432 2006 1716 2050 transmittitur
1735 2024 1845 2052 com-

364 2088 498 2115 miss1o
519 2105 530 2115 .

487 2133 532 2174 ln
552 2132 702 2175 Causis
717 2130 955 2173 Mercedum
975 2153 988 2171 ‚
1015 2139 1121 2179 quae
1144 2136 1284 2165 revera
1303 2122 1682 2180 privilegiatissimae
1712 2140 1842 2179 sunt,‘

365 2192 607 2246 caeterisque
643 2191 729 2230 aliis
764 2202 851 2227 non
879 2183 1165 2226 excedentibus
1196 2196 1306 2223 scuta
1340 2182 1576 2239 vigintiduo
1614 2200 1799 2229 monetae
1830 2220 1846 2240 ,

366 2248 579 2291 citationes
613 2261 752 2288 omnes
770 2245 854 2287 fieri
868 2245 1017 2285 debent
1036 2256 1172 2283 coram
1206 2241 1427 2292 Auditore‚
1449 2259 1487 2286 et
1505 2246 1554 2287 ab
1581 2243 1760 2295 ejusdem
1776 2248 1845 2289 de.

367 2307 480 2349 cretis
501 2306 706 2349 reclamari
728 2321 811 2347 non
830 2315 961 2361 potest
977 2334 989 2352 ,
1026 2316 1098 2343 nec
1111 2301 1226 2343 etiam
1244 2300 1286 2341 in
1301 2305 1431 2357 gradu
1449 2318 1633 2345 recursus
1654 2320 1666 2353 ;
1705 2319 1742 2347 et
1757 2308 1848 2348 No—

366 2365 457 2408 tarii
487 2365 722 2422 hujusmodi
745 2365 953 2406 citationes
972 2361 1143 2417 recipere
1173 2389 1185 2407 ‚
1220 2375 1264 2402 ac
1282 2376 1453 2419 receptas
1486 2364 1614 2418 legere
1634 2379 1848 2421 nequeunt

364 2427 440 2467 sub
458 2425 598 2481 poenis
618 2425 747 2466 eidem
777 2421 999 2471 Audstori,
1030 2435 1067 2463 et
1086 2419 1414 2469 Eminentissimo
1438 2425 1638 2468 Praefecto
1672 2428 1771 2468 bene
1787 2425 1847 2466 vi-

368 2483 446 2529 sis;
477 2485 660 2540 quamvis
679 2499 727 2527 ex
746 2483 878 2527 edicto
906 2481 1222 2524 Eminentissimi
1254 2482 1377 2524 Scom'
1410 2498 1631 2542 appareat,
1670 2485 1724 2528 ita
1765 2500 1847 2527 ser.

372 2544 554 2585 vandum
571 2544 613 2584 in
651 2544 802 2587 Causis
817 2543 1102 2586 excedentibus
1116 2553 1229 2585 scuta
1247 2543 1442 2585 undecim
1460 2575 1469 2583 .

1789 2604 1838 2645 In
