<?xml version="1.0" encoding="UTF-8"?>
<!DOCTYPE html PUBLIC "-//W3C//DTD XHTML 1.0 Transitional//EN"
    "http://www.w3.org/TR/xhtml1/DTD/xhtml1-transitional.dtd">
<html xmlns="http://www.w3.org/1999/xhtml" xml:lang="en" lang="en">
 <head>
  <title>
</title>
<meta http-equiv="Content-Type" content="text/html;charset=utf-8" />
  <meta name='ocr-system' content='tesseract 3.04.00' />
  <meta name='ocr-capabilities' content='ocr_page ocr_carea ocr_par ocr_line ocrx_word'/>
</head>
<body>
  <div class='ocr_page' id='page_1' title='image "./dejuresignaturae00vita_0413.png"; bbox 0 0 1993 3195; ppageno 0'>
   <div class='ocr_carea' id='block_1_1' title="bbox 175 307 1691 2588">
    <p class='ocr_par' dir='ltr' id='par_1_1' title="bbox 175 307 1661 985">
     <span class='ocr_line' id='line_1_1' title="bbox 680 307 1645 349; baseline -0.001 -8"><span class='ocrx_word' id='word_1_1' title='bbox 680 307 710 341; x_wconf 82' lang='lat' dir='ltr'>A</span> <span class='ocrx_word' id='word_1_2' title='bbox 752 309 777 341; x_wconf 88' lang='grc' dir='ltr'>Ρ</span> <span class='ocrx_word' id='word_1_3' title='bbox 820 307 846 341; x_wconf 85' lang='grc' dir='ltr'>Ρ</span> <span class='ocrx_word' id='word_1_4' title='bbox 886 307 909 339; x_wconf 86' lang='lat' dir='ltr'>E</span> <span class='ocrx_word' id='word_1_5' title='bbox 947 309 979 342; x_wconf 90' lang='lat' dir='ltr'>N</span> <span class='ocrx_word' id='word_1_6' title='bbox 1024 308 1057 341; x_wconf 91' lang='lat' dir='ltr'>D</span> <span class='ocrx_word' id='word_1_7' title='bbox 1097 308 1112 342; x_wconf 89' lang='grc' dir='ltr'>Ι</span> <span class='ocrx_word' id='word_1_8' title='bbox 1155 307 1184 342; x_wconf 88' lang='lat' dir='ltr'>X</span> <span class='ocrx_word' id='word_1_9' title='bbox 1582 316 1645 349; x_wconf 78' lang='lat'>109</span> 
     </span>
     <span class='ocr_line' id='line_1_2' title="bbox 180 353 1648 394; baseline -0.002 -2"><span class='ocrx_word' id='word_1_10' title='bbox 180 356 300 392; x_wconf 85' lang='lat' dir='ltr'>bilium</span> <span class='ocrx_word' id='word_1_11' title='bbox 321 377 331 393; x_wconf 81' lang='lat'>,</span> <span class='ocrx_word' id='word_1_12' title='bbox 364 353 538 387; x_wconf 78' lang='lat' dir='ltr'>Bonorum</span> <span class='ocrx_word' id='word_1_13' title='bbox 573 353 797 388; x_wconf 78' lang='lat' dir='ltr'>immobilium</span> <span class='ocrx_word' id='word_1_14' title='bbox 817 378 827 393; x_wconf 84' lang='lat'>‚</span> <span class='ocrx_word' id='word_1_15' title='bbox 857 361 915 388; x_wconf 84' lang='lat' dir='ltr'>aut</span> <span class='ocrx_word' id='word_1_16' title='bbox 941 355 1142 394; x_wconf 84' lang='lat' dir='ltr'>mobilium,</span> <span class='ocrx_word' id='word_1_17' title='bbox 1171 355 1345 388; x_wconf 87' lang='lat' dir='ltr'>Censuum</span> <span class='ocrx_word' id='word_1_18' title='bbox 1370 376 1379 392; x_wconf 90' lang='lat'>‚</span> <span class='ocrx_word' id='word_1_19' title='bbox 1408 353 1648 393; x_wconf 65' lang='lat' dir='ltr'>emulorum,</span> 
     </span>
     <span class='ocr_line' id='line_1_3' title="bbox 177 401 1651 448; baseline 0 -12"><span class='ocrx_word' id='word_1_20' title='bbox 177 413 235 439; x_wconf 81' lang='lat' dir='ltr'>aut</span> <span class='ocrx_word' id='word_1_21' title='bbox 261 402 402 437; x_wconf 86' lang='lat' dir='ltr'>aliorum</span> <span class='ocrx_word' id='word_1_22' title='bbox 436 413 731 448; x_wconf 86' lang='lat' dir='ltr'>quorumcumque</span> <span class='ocrx_word' id='word_1_23' title='bbox 762 402 934 435; x_wconf 82' lang='lat' dir='ltr'>nominum</span> <span class='ocrx_word' id='word_1_24' title='bbox 966 402 1169 436; x_wconf 83' lang='lat' dir='ltr'>Debitorum</span> <span class='ocrx_word' id='word_1_25' title='bbox 1187 426 1197 442; x_wconf 92' lang='lat'>,</span> <span class='ocrx_word' id='word_1_26' title='bbox 1225 414 1282 436; x_wconf 85' lang='lat' dir='ltr'>scu</span> <span class='ocrx_word' id='word_1_27' title='bbox 1300 403 1340 436; x_wconf 92' lang='lat' dir='ltr'>de</span> <span class='ocrx_word' id='word_1_28' title='bbox 1356 401 1504 445; x_wconf 86' lang='lat' dir='ltr'>pecuniis</span> <span class='ocrx_word' id='word_1_29' title='bbox 1520 413 1560 436; x_wconf 86' lang='lat' dir='ltr'>cx</span> <span class='ocrx_word' id='word_1_30' title='bbox 1575 415 1651 446; x_wconf 82' lang='lat' dir='ltr'>qua-</span> 
     </span>
     <span class='ocr_line' id='line_1_4' title="bbox 175 449 1651 497; baseline -0.003 -10"><span class='ocrx_word' id='word_1_31' title='bbox 175 463 324 497; x_wconf 83' lang='lat' dir='ltr'>cumque</span> <span class='ocrx_word' id='word_1_32' title='bbox 351 450 412 484; x_wconf 85' lang='lat' dir='ltr'>alia</span> <span class='ocrx_word' id='word_1_33' title='bbox 439 463 537 486; x_wconf 83' lang='lat' dir='ltr'>causa</span> <span class='ocrx_word' id='word_1_34' title='bbox 563 450 723 496; x_wconf 90' lang='lat' dir='ltr'>depositis</span> <span class='ocrx_word' id='word_1_35' title='bbox 755 450 785 484; x_wconf 90' lang='lat' dir='ltr'>in</span> <span class='ocrx_word' id='word_1_36' title='bbox 803 450 923 486; x_wconf 70' lang='lat' dir='ltr'>Monte,</span> <span class='ocrx_word' id='word_1_37' title='bbox 949 449 1084 483; x_wconf 79' lang='lat' dir='ltr'>Pietatis</span> <span class='ocrx_word' id='word_1_38' title='bbox 1101 474 1110 487; x_wconf 86' lang='lat'><strong>‚</strong></span> <span class='ocrx_word' id='word_1_39' title='bbox 1141 458 1195 483; x_wconf 91' lang='lat' dir='ltr'>aut</span> <span class='ocrx_word' id='word_1_40' title='bbox 1212 451 1328 483; x_wconf 89' lang='lat' dir='ltr'>Mensa</span> <span class='ocrx_word' id='word_1_41' title='bbox 1343 451 1569 489; x_wconf 75' lang='lat' dir='ltr'>Nummaria,</span> <span class='ocrx_word' id='word_1_42' title='bbox 1593 463 1651 484; x_wconf 74' lang='lat' dir='ltr'>seu</span> 
     </span>
     <span class='ocr_line' id='line_1_5' title="bbox 175 497 1652 545; baseline -0.003 -11"><span class='ocrx_word' id='word_1_43' title='bbox 175 502 289 536; x_wconf 86' lang='lat' dir='ltr'>Banco</span> <span class='ocrx_word' id='word_1_44' title='bbox 318 499 429 534; x_wconf 84' lang='lat' dir='ltr'>Sancti</span> <span class='ocrx_word' id='word_1_45' title='bbox 461 499 625 545; x_wconf 79' lang='lat' dir='ltr'>Spiritus,</span> <span class='ocrx_word' id='word_1_46' title='bbox 653 499 707 533; x_wconf 89' lang='lat' dir='ltr'>vel</span> <span class='ocrx_word' id='word_1_47' title='bbox 739 498 871 543; x_wconf 84' lang='lat' dir='ltr'>publici</span> <span class='ocrx_word' id='word_1_48' title='bbox 904 497 1047 535; x_wconf 78' lang='lat' dir='ltr'>alicuius</span> <span class='ocrx_word' id='word_1_49' title='bbox 1075 497 1274 532; x_wconf 85' lang='lat' dir='ltr'>Mercatoris</span> <span class='ocrx_word' id='word_1_50' title='bbox 1296 521 1306 537; x_wconf 94' lang='lat'>,</span> <span class='ocrx_word' id='word_1_51' title='bbox 1335 506 1390 531; x_wconf 87' lang='lat' dir='ltr'>aut</span> <span class='ocrx_word' id='word_1_52' title='bbox 1423 499 1521 533; x_wconf 82' lang='lat' dir='ltr'>etlam</span> <span class='ocrx_word' id='word_1_53' title='bbox 1553 499 1652 543; x_wconf 74' lang='lat' dir='ltr'>penes</span> 
     </span>
     <span class='ocr_line' id='line_1_6' title="bbox 177 545 1654 594; baseline -0.003 -10"><span class='ocrx_word' id='word_1_54' title='bbox 177 558 271 589; x_wconf 79' lang='lat' dir='ltr'>acta,</span> <span class='ocrx_word' id='word_1_55' title='bbox 306 550 344 583; x_wconf 84' lang='lat' dir='ltr'>ad</span> <span class='ocrx_word' id='word_1_56' title='bbox 372 548 551 588; x_wconf 83' lang='lat' dir='ltr'>effectum,</span> <span class='ocrx_word' id='word_1_57' title='bbox 583 556 614 582; x_wconf 87' lang='lat' dir='ltr'>et</span> <span class='ocrx_word' id='word_1_58' title='bbox 639 549 700 582; x_wconf 87' lang='lat' dir='ltr'>sub</span> <span class='ocrx_word' id='word_1_59' title='bbox 728 546 782 594; x_wconf 84' lang='lat' dir='ltr'>leg</span> <span class='ocrx_word' id='word_1_60' title='bbox 784 558 801 580; x_wconf 89' lang='lat' dir='ltr'>e</span> <span class='ocrx_word' id='word_1_61' title='bbox 829 545 1038 582; x_wconf 82' lang='lat' dir='ltr'>investiendi</span> <span class='ocrx_word' id='word_1_62' title='bbox 1059 558 1136 581; x_wconf 90' lang='lat' dir='ltr'>cum</span> <span class='ocrx_word' id='word_1_63' title='bbox 1165 545 1279 592; x_wconf 88' lang='lat' dir='ltr'>aliquo</span> <span class='ocrx_word' id='word_1_64' title='bbox 1305 557 1347 580; x_wconf 82' lang='lat' dir='ltr'>ex</span> <span class='ocrx_word' id='word_1_65' title='bbox 1377 545 1538 590; x_wconf 74' lang='lat' dir='ltr'>praedictis</span> <span class='ocrx_word' id='word_1_66' title='bbox 1557 571 1566 585; x_wconf 95' lang='lat'>,</span> <span class='ocrx_word' id='word_1_67' title='bbox 1595 555 1654 581; x_wconf 85' lang='lat' dir='ltr'>aut</span> 
     </span>
     <span class='ocr_line' id='line_1_7' title="bbox 177 593 1657 639; baseline -0.002 -7"><span class='ocrx_word' id='word_1_68' title='bbox 177 597 249 632; x_wconf 82' lang='lat' dir='ltr'>aliis</span> <span class='ocrx_word' id='word_1_69' title='bbox 278 596 422 632; x_wconf 91' lang='lat' dir='ltr'>vinculis</span> <span class='ocrx_word' id='word_1_70' title='bbox 453 598 484 631; x_wconf 89' lang='lat' dir='ltr'>in</span> <span class='ocrx_word' id='word_1_71' title='bbox 519 605 567 631; x_wconf 84' lang='lat' dir='ltr'>tot</span> <span class='ocrx_word' id='word_1_72' title='bbox 600 597 696 632; x_wconf 84' lang='lat' dir='ltr'>Locis</span> <span class='ocrx_word' id='word_1_73' title='bbox 726 596 923 630; x_wconf 86' lang='lat' dir='ltr'>Montium:</span> <span class='ocrx_word' id='word_1_74' title='bbox 947 593 1042 629; x_wconf 82' lang='lat' dir='ltr'>Nulli</span> <span class='ocrx_word' id='word_1_75' title='bbox 1062 607 1102 629; x_wconf 84' lang='lat' dir='ltr'>ex</span> <span class='ocrx_word' id='word_1_76' title='bbox 1119 595 1259 639; x_wconf 79' lang='lat' dir='ltr'>praefatis</span> <span class='ocrx_word' id='word_1_77' title='bbox 1278 594 1451 629; x_wconf 80' lang='lat' dir='ltr'>iudicibus</span> <span class='ocrx_word' id='word_1_78' title='bbox 1469 593 1570 629; x_wconf 86' lang='lat' dir='ltr'>licere</span> <span class='ocrx_word' id='word_1_79' title='bbox 1595 607 1657 631; x_wconf 87' lang='lat' dir='ltr'>vo·</span> 
     </span>
     <span class='ocr_line' id='line_1_8' title="bbox 180 642 1657 690; baseline -0.003 -9"><span class='ocrx_word' id='word_1_80' title='bbox 180 646 307 681; x_wconf 85' lang='lat' dir='ltr'>lumus</span> <span class='ocrx_word' id='word_1_81' title='bbox 325 658 365 680; x_wconf 87' lang='lat' dir='ltr'>ex</span> <span class='ocrx_word' id='word_1_82' title='bbox 393 645 560 685; x_wconf 85' lang='lat' dir='ltr'>eiusmodi</span> <span class='ocrx_word' id='word_1_83' title='bbox 590 646 700 690; x_wconf 89' lang='lat' dir='ltr'>pretio</span> <span class='ocrx_word' id='word_1_84' title='bbox 718 657 812 685; x_wconf 85' lang='lat' dir='ltr'>„seu</span> <span class='ocrx_word' id='word_1_85' title='bbox 848 644 999 689; x_wconf 87' lang='lat' dir='ltr'>pecuniis</span> <span class='ocrx_word' id='word_1_86' title='bbox 1030 643 1094 678; x_wconf 78' lang='lat' dir='ltr'>tale</span> <span class='ocrx_word' id='word_1_87' title='bbox 1114 642 1291 678; x_wconf 82' lang='lat' dir='ltr'>vinculum</span> <span class='ocrx_word' id='word_1_88' title='bbox 1322 643 1458 683; x_wconf 90' lang='lat' dir='ltr'>delere,</span> <span class='ocrx_word' id='word_1_89' title='bbox 1482 643 1536 678; x_wconf 86' lang='lat' dir='ltr'>vel</span> <span class='ocrx_word' id='word_1_90' title='bbox 1566 643 1657 679; x_wconf 87' lang='lat' dir='ltr'>inve-</span> 
     </span>
     <span class='ocr_line' id='line_1_9' title="bbox 178 691 1657 732; baseline -0.002 -2"><span class='ocrx_word' id='word_1_91' title='bbox 178 697 372 730; x_wconf 89' lang='lat' dir='ltr'>stimentum</span> <span class='ocrx_word' id='word_1_92' title='bbox 392 695 560 730; x_wconf 84' lang='lat' dir='ltr'>Locorum</span> <span class='ocrx_word' id='word_1_93' title='bbox 581 693 750 729; x_wconf 84' lang='lat' dir='ltr'>Montium</span> <span class='ocrx_word' id='word_1_94' title='bbox 768 706 843 728; x_wconf 86' lang='lat' dir='ltr'>cum</span> <span class='ocrx_word' id='word_1_95' title='bbox 865 693 931 727; x_wconf 81' lang='lat' dir='ltr'>alio</span> <span class='ocrx_word' id='word_1_96' title='bbox 958 701 1167 727; x_wconf 86' lang='lat' dir='ltr'>commutare</span> <span class='ocrx_word' id='word_1_97' title='bbox 1183 715 1193 732; x_wconf 92' lang='lat'>,</span> <span class='ocrx_word' id='word_1_98' title='bbox 1222 691 1281 727; x_wconf 87' lang='lat' dir='ltr'>nisi</span> <span class='ocrx_word' id='word_1_99' title='bbox 1299 692 1572 727; x_wconf 86' lang='lat' dir='ltr'>investimentum</span> <span class='ocrx_word' id='word_1_100' title='bbox 1590 694 1657 731; x_wconf 79' lang='lat' dir='ltr'>fiat,</span> 
     </span>
     <span class='ocr_line' id='line_1_10' title="bbox 177 741 1659 787; baseline -0.004 -7"><span class='ocrx_word' id='word_1_101' title='bbox 177 745 232 780; x_wconf 90' lang='lat' dir='ltr'>vel</span> <span class='ocrx_word' id='word_1_102' title='bbox 256 744 287 778; x_wconf 91' lang='lat' dir='ltr'>in</span> <span class='ocrx_word' id='word_1_103' title='bbox 306 749 356 777; x_wconf 86' lang='lat' dir='ltr'>tot</span> <span class='ocrx_word' id='word_1_104' title='bbox 384 743 558 778; x_wconf 85' lang='lat' dir='ltr'>stabilibus</span> <span class='ocrx_word' id='word_1_105' title='bbox 577 768 586 783; x_wconf 93' lang='lat'>,</span> <span class='ocrx_word' id='word_1_106' title='bbox 613 743 666 777; x_wconf 90' lang='lat' dir='ltr'>vel</span> <span class='ocrx_word' id='word_1_107' title='bbox 684 743 713 777; x_wconf 90' lang='lat' dir='ltr'>in</span> <span class='ocrx_word' id='word_1_108' title='bbox 730 754 797 777; x_wconf 90' lang='lat' dir='ltr'>uno</span> <span class='ocrx_word' id='word_1_109' title='bbox 813 767 823 782; x_wconf 88' lang='lat'>,</span> <span class='ocrx_word' id='word_1_110' title='bbox 853 751 909 775; x_wconf 83' lang='lat' dir='ltr'>aut</span> <span class='ocrx_word' id='word_1_111' title='bbox 926 741 1077 785; x_wconf 85' lang='lat' dir='ltr'>pluribus</span> <span class='ocrx_word' id='word_1_112' title='bbox 1095 741 1262 775; x_wconf 83' lang='lat' dir='ltr'>Censibus</span> <span class='ocrx_word' id='word_1_113' title='bbox 1279 741 1448 787; x_wconf 89' lang='lat' dir='ltr'>perpetuis</span> <span class='ocrx_word' id='word_1_114' title='bbox 1464 766 1474 780; x_wconf 94' lang='lat'>,</span> <span class='ocrx_word' id='word_1_115' title='bbox 1504 753 1596 786; x_wconf 82' lang='lat' dir='ltr'>quae,</span> <span class='ocrx_word' id='word_1_116' title='bbox 1626 749 1659 775; x_wconf 85' lang='lat' dir='ltr'>et</span> 
     </span>
     <span class='ocr_line' id='line_1_11' title="bbox 179 789 1661 839; baseline -0.003 -12"><span class='ocrx_word' id='word_1_117' title='bbox 179 792 236 839; x_wconf 91' lang='lat' dir='ltr'>qui</span> <span class='ocrx_word' id='word_1_118' title='bbox 258 791 413 837; x_wconf 72' lang='lat' dir='ltr'>legitime</span> <span class='ocrx_word' id='word_1_119' title='bbox 427 793 613 827; x_wconf 82' lang='lat' dir='ltr'>vendantur</span> <span class='ocrx_word' id='word_1_120' title='bbox 640 792 682 826; x_wconf 81' lang='lat' dir='ltr'>ab</span> <span class='ocrx_word' id='word_1_121' title='bbox 706 791 815 836; x_wconf 85' lang='lat' dir='ltr'>aliqua</span> <span class='ocrx_word' id='word_1_122' title='bbox 829 790 1109 829; x_wconf 86' lang='lat' dir='ltr'>Communitate‚</span> <span class='ocrx_word' id='word_1_123' title='bbox 1137 789 1189 823; x_wconf 89' lang='lat' dir='ltr'>vel</span> <span class='ocrx_word' id='word_1_124' title='bbox 1207 790 1246 822; x_wconf 88' lang='lat' dir='ltr'>ab</span> <span class='ocrx_word' id='word_1_125' title='bbox 1267 789 1379 834; x_wconf 87' lang='lat' dir='ltr'>aliquo</span> <span class='ocrx_word' id='word_1_126' title='bbox 1406 790 1497 824; x_wconf 90' lang='lat' dir='ltr'>Loco</span> <span class='ocrx_word' id='word_1_127' title='bbox 1513 791 1575 825; x_wconf 89' lang='lat' dir='ltr'>Pio</span> <span class='ocrx_word' id='word_1_128' title='bbox 1594 791 1661 823; x_wconf 84' lang='lat' dir='ltr'>Sta·</span> 
     </span>
     <span class='ocr_line' id='line_1_12' title="bbox 179 839 1661 886; baseline -0.003 -10"><span class='ocrx_word' id='word_1_129' title='bbox 179 850 234 876; x_wconf 86' lang='lat' dir='ltr'>tus</span> <span class='ocrx_word' id='word_1_130' title='bbox 248 839 492 882; x_wconf 84' lang='lat' dir='ltr'>Ecclesiastici‚</span> <span class='ocrx_word' id='word_1_131' title='bbox 525 850 557 875; x_wconf 88' lang='lat' dir='ltr'>et</span> <span class='ocrx_word' id='word_1_132' title='bbox 573 840 707 886; x_wconf 83' lang='lat' dir='ltr'>insuper</span> <span class='ocrx_word' id='word_1_133' title='bbox 725 840 882 879; x_wconf 84' lang='lat' dir='ltr'>accedat,</span> <span class='ocrx_word' id='word_1_134' title='bbox 914 848 1086 884; x_wconf 77' lang='lat' dir='ltr'>utsupra,</span> <span class='ocrx_word' id='word_1_135' title='bbox 1114 849 1293 872; x_wconf 83' lang='lat' dir='ltr'>consensus</span> <span class='ocrx_word' id='word_1_136' title='bbox 1315 849 1493 881; x_wconf 82' lang='lat' dir='ltr'>expressus</span> <span class='ocrx_word' id='word_1_137' title='bbox 1522 840 1661 873; x_wconf 81' lang='lat' dir='ltr'>interes-</span> 
     </span>
     <span class='ocr_line' id='line_1_13' title="bbox 179 886 1659 933; baseline -0.003 -8"><span class='ocrx_word' id='word_1_138' title='bbox 179 902 214 925; x_wconf 88' lang='lat' dir='ltr'>se</span> <span class='ocrx_word' id='word_1_139' title='bbox 233 890 424 924; x_wconf 75' lang='lat' dir='ltr'>habentium</span> <span class='ocrx_word' id='word_1_140' title='bbox 445 915 456 930; x_wconf 87' lang='lat'>,</span> <span class='ocrx_word' id='word_1_141' title='bbox 484 899 540 925; x_wconf 87' lang='lat' dir='ltr'>aut</span> <span class='ocrx_word' id='word_1_142' title='bbox 568 890 594 924; x_wconf 91' lang='lat' dir='ltr'>is</span> <span class='ocrx_word' id='word_1_143' title='bbox 626 891 664 926; x_wconf 78' lang='lat' dir='ltr'>ab</span> <span class='ocrx_word' id='word_1_144' title='bbox 692 890 809 925; x_wconf 86' lang='lat' dir='ltr'>eodem</span> <span class='ocrx_word' id='word_1_145' title='bbox 827 913 836 929; x_wconf 89' lang='lat'>,</span> <span class='ocrx_word' id='word_1_146' title='bbox 867 887 921 925; x_wconf 89' lang='lat' dir='ltr'>vel</span> <span class='ocrx_word' id='word_1_147' title='bbox 952 887 1018 922; x_wconf 86' lang='lat' dir='ltr'>alio</span> <span class='ocrx_word' id='word_1_148' title='bbox 1039 886 1157 923; x_wconf 84' lang='lat' dir='ltr'>Iudice</span> <span class='ocrx_word' id='word_1_149' title='bbox 1185 887 1410 931; x_wconf 74' lang='lat' dir='ltr'>praecedenter</span> <span class='ocrx_word' id='word_1_150' title='bbox 1435 911 1444 926; x_wconf 84' lang='lat'>,</span> <span class='ocrx_word' id='word_1_151' title='bbox 1470 895 1507 921; x_wconf 90' lang='lat' dir='ltr'>ut</span> <span class='ocrx_word' id='word_1_152' title='bbox 1534 898 1659 933; x_wconf 87' lang='lat' dir='ltr'>supra,</span> 
     </span>
     <span class='ocr_line' id='line_1_14' title="bbox 180 937 513 985; baseline 0.003 -13"><span class='ocrx_word' id='word_1_153' title='bbox 180 937 354 985; x_wconf 87' lang='lat' dir='ltr'>suppletus</span> <span class='ocrx_word' id='word_1_154' title='bbox 382 938 513 974; x_wconf 88' lang='lat' dir='ltr'>fuerit</span> 
     </span>
    </p>

    <p class='ocr_par' dir='ltr' id='par_1_2' title="bbox 179 983 1674 1472">
     <span class='ocr_line' id='line_1_15' title="bbox 279 983 1662 1034; baseline -0.003 -12"><span class='ocrx_word' id='word_1_155' title='bbox 279 988 316 1022; x_wconf 84' lang='lat' dir='ltr'>ln</span> <span class='ocrx_word' id='word_1_156' title='bbox 335 988 489 1023; x_wconf 86' lang='lat' dir='ltr'>omnibus</span> <span class='ocrx_word' id='word_1_157' title='bbox 503 997 611 1023; x_wconf 85' lang='lat' dir='ltr'>autem</span> <span class='ocrx_word' id='word_1_158' title='bbox 632 988 891 1034; x_wconf 79' lang='lat' dir='ltr'>praememoratis</span> <span class='ocrx_word' id='word_1_159' title='bbox 909 988 1063 1027; x_wconf 76' lang='lat' dir='ltr'>casibus,</span> <span class='ocrx_word' id='word_1_160' title='bbox 1090 996 1190 1032; x_wconf 88' lang='lat' dir='ltr'>prout</span> <span class='ocrx_word' id='word_1_161' title='bbox 1205 986 1301 1021; x_wconf 85' lang='lat' dir='ltr'>etiam</span> <span class='ocrx_word' id='word_1_162' title='bbox 1322 998 1397 1025; x_wconf 88' lang='lat' dir='ltr'>cum</span> <span class='ocrx_word' id='word_1_163' title='bbox 1416 986 1541 1031; x_wconf 86' lang='lat' dir='ltr'>petitur</span> <span class='ocrx_word' id='word_1_164' title='bbox 1558 983 1662 1019; x_wconf 87' lang='lat' dir='ltr'>deleri</span> 
     </span>
     <span class='ocr_line' id='line_1_16' title="bbox 179 1031 1665 1083; baseline -0.003 -11"><span class='ocrx_word' id='word_1_165' title='bbox 179 1036 354 1072; x_wconf 76' lang='lat' dir='ltr'>’vinculum</span> <span class='ocrx_word' id='word_1_166' title='bbox 373 1038 506 1083; x_wconf 83' lang='lat' dir='ltr'>aliquod</span> <span class='ocrx_word' id='word_1_167' title='bbox 525 1037 818 1077; x_wconf 87' lang='lat' dir='ltr'>Fideicommissi‚</span> <span class='ocrx_word' id='word_1_168' title='bbox 835 1036 1114 1082; x_wconf 68' lang='lat' dir='ltr'>primogeniturae</span> <span class='ocrx_word' id='word_1_169' title='bbox 1129 1060 1138 1076; x_wconf 92' lang='lat'>,</span> <span class='ocrx_word' id='word_1_170' title='bbox 1169 1036 1309 1081; x_wconf 78' lang='lat' dir='ltr'>Legati,</span> <span class='ocrx_word' id='word_1_171' title='bbox 1332 1034 1532 1069; x_wconf 86' lang='lat' dir='ltr'>Donationis</span> <span class='ocrx_word' id='word_1_172' title='bbox 1549 1058 1559 1074; x_wconf 94' lang='lat'>,</span> <span class='ocrx_word' id='word_1_173' title='bbox 1579 1031 1665 1067; x_wconf 88' lang='lat' dir='ltr'>Mul-</span> 
     </span>
     <span class='ocr_line' id='line_1_17' title="bbox 182 1082 1665 1132; baseline -0.002 -13"><span class='ocrx_word' id='word_1_174' title='bbox 182 1085 317 1130; x_wconf 84' lang='lat' dir='ltr'>tiplici,</span> <span class='ocrx_word' id='word_1_175' title='bbox 348 1097 405 1121; x_wconf 85' lang='lat' dir='ltr'>aut</span> <span class='ocrx_word' id='word_1_176' title='bbox 422 1085 511 1121; x_wconf 82' lang='lat' dir='ltr'>aliud</span> <span class='ocrx_word' id='word_1_177' title='bbox 527 1089 769 1132; x_wconf 81' lang='lat' dir='ltr'>quodcumque</span> <span class='ocrx_word' id='word_1_178' title='bbox 796 1099 835 1120; x_wconf 83' lang='lat' dir='ltr'>ex</span> <span class='ocrx_word' id='word_1_179' title='bbox 854 1097 953 1120; x_wconf 87' lang='lat' dir='ltr'>causa</span> <span class='ocrx_word' id='word_1_180' title='bbox 982 1084 1120 1123; x_wconf 79' lang='lat' dir='ltr'>alicujus</span> <span class='ocrx_word' id='word_1_181' title='bbox 1153 1083 1372 1119; x_wconf 82' lang='lat' dir='ltr'>detractionis</span> <span class='ocrx_word' id='word_1_182' title='bbox 1392 1082 1594 1128; x_wconf 77' lang='lat' dir='ltr'>caeteroquin</span> <span class='ocrx_word' id='word_1_183' title='bbox 1623 1083 1665 1116; x_wconf 89' lang='lat' dir='ltr'>de</span> 
     </span>
     <span class='ocr_line' id='line_1_18' title="bbox 181 1128 1667 1180; baseline -0.003 -12"><span class='ocrx_word' id='word_1_184' title='bbox 181 1134 256 1174; x_wconf 79' lang='lat' dir='ltr'>iure</span> <span class='ocrx_word' id='word_1_185' title='bbox 273 1136 440 1179; x_wconf 63' lang='lat' dir='ltr'>permissae</span> <span class='ocrx_word' id='word_1_186' title='bbox 457 1159 466 1174; x_wconf 90' lang='lat'>,</span> <span class='ocrx_word' id='word_1_187' title='bbox 496 1147 611 1180; x_wconf 82' lang='lat' dir='ltr'>nempe</span> <span class='ocrx_word' id='word_1_188' title='bbox 646 1135 819 1180; x_wconf 73' lang='lat' dir='ltr'>Legitima:</span> <span class='ocrx_word' id='word_1_189' title='bbox 837 1159 846 1173; x_wconf 90' lang='lat'>‚</span> <span class='ocrx_word' id='word_1_190' title='bbox 881 1132 1157 1173; x_wconf 82' lang='lat' dir='ltr'>Trebellianicae,</span> <span class='ocrx_word' id='word_1_191' title='bbox 1190 1132 1289 1167; x_wconf 88' lang='lat' dir='ltr'>Dotis</span> <span class='ocrx_word' id='word_1_192' title='bbox 1309 1133 1550 1167; x_wconf 81' lang='lat' dir='ltr'>constituendae</span> <span class='ocrx_word' id='word_1_193' title='bbox 1567 1155 1577 1170; x_wconf 95' lang='lat'>,</span> <span class='ocrx_word' id='word_1_194' title='bbox 1612 1128 1667 1163; x_wconf 90' lang='lat' dir='ltr'>vel</span> 
     </span>
     <span class='ocr_line' id='line_1_19' title="bbox 183 1177 1668 1225; baseline -0.003 -9"><span class='ocrx_word' id='word_1_195' title='bbox 183 1184 397 1218; x_wconf 73' lang='lat' dir='ltr'>restituenda:</span> <span class='ocrx_word' id='word_1_196' title='bbox 413 1208 423 1223; x_wconf 93' lang='lat'>,</span> <span class='ocrx_word' id='word_1_197' title='bbox 454 1185 505 1218; x_wconf 88' lang='lat' dir='ltr'>vel</span> <span class='ocrx_word' id='word_1_198' title='bbox 524 1184 611 1219; x_wconf 86' lang='lat' dir='ltr'>AEris</span> <span class='ocrx_word' id='word_1_199' title='bbox 632 1184 760 1218; x_wconf 83' lang='lat' dir='ltr'>alienia</span> <span class='ocrx_word' id='word_1_200' title='bbox 777 1183 1106 1225; x_wconf 82' lang='lat' dir='ltr'>Fideicommittente</span> <span class='ocrx_word' id='word_1_201' title='bbox 1136 1181 1319 1217; x_wconf 83' lang='lat' dir='ltr'>contracti·</span> <span class='ocrx_word' id='word_1_202' title='bbox 1311 1205 1321 1220; x_wconf 93' lang='lat'>,</span> <span class='ocrx_word' id='word_1_203' title='bbox 1353 1193 1415 1215; x_wconf 90' lang='lat' dir='ltr'>non</span> <span class='ocrx_word' id='word_1_204' title='bbox 1435 1181 1529 1215; x_wconf 73' lang='lat' dir='ltr'>aliter</span> <span class='ocrx_word' id='word_1_205' title='bbox 1556 1177 1668 1213; x_wconf 86' lang='lat' dir='ltr'>ludici</span> 
     </span>
     <span class='ocr_line' id='line_1_20' title="bbox 182 1227 1668 1276; baseline -0.004 -10"><span class='ocrx_word' id='word_1_206' title='bbox 182 1230 282 1266; x_wconf 84' lang='lat' dir='ltr'>liceat</span> <span class='ocrx_word' id='word_1_207' title='bbox 309 1244 468 1276; x_wconf 82' lang='lat' dir='ltr'>expresse</span> <span class='ocrx_word' id='word_1_208' title='bbox 483 1257 493 1273; x_wconf 90' lang='lat'>,</span> <span class='ocrx_word' id='word_1_209' title='bbox 523 1233 573 1267; x_wconf 81' lang='lat' dir='ltr'>vel</span> <span class='ocrx_word' id='word_1_210' title='bbox 594 1233 691 1267; x_wconf 85' lang='lat' dir='ltr'>tacite</span> <span class='ocrx_word' id='word_1_211' title='bbox 711 1233 893 1276; x_wconf 81' lang='lat' dir='ltr'>procedere</span> <span class='ocrx_word' id='word_1_212' title='bbox 919 1232 959 1266; x_wconf 85' lang='lat' dir='ltr'>ad</span> <span class='ocrx_word' id='word_1_213' title='bbox 975 1230 1188 1265; x_wconf 86' lang='lat' dir='ltr'>vinculorum</span> <span class='ocrx_word' id='word_1_214' title='bbox 1207 1230 1400 1268; x_wconf 83' lang='lat' dir='ltr'>hujusmodi</span> <span class='ocrx_word' id='word_1_215' title='bbox 1430 1227 1668 1266; x_wconf 81' lang='lat' dir='ltr'>cassationem,</span> 
     </span>
     <span class='ocr_line' id='line_1_21' title="bbox 182 1277 1672 1327; baseline -0.003 -13"><span class='ocrx_word' id='word_1_216' title='bbox 182 1291 240 1314; x_wconf 87' lang='lat' dir='ltr'>seu</span> <span class='ocrx_word' id='word_1_217' title='bbox 260 1280 461 1315; x_wconf 81' lang='lat' dir='ltr'>deletionem</span> <span class='ocrx_word' id='word_1_218' title='bbox 480 1306 489 1322; x_wconf 88' lang='lat'>,</span> <span class='ocrx_word' id='word_1_219' title='bbox 519 1295 616 1327; x_wconf 84' lang='lat' dir='ltr'>quam</span> <span class='ocrx_word' id='word_1_220' title='bbox 636 1294 734 1316; x_wconf 85' lang='lat' dir='ltr'>causa</span> <span class='ocrx_word' id='word_1_221' title='bbox 749 1282 881 1326; x_wconf 82' lang='lat' dir='ltr'>cognita</span> <span class='ocrx_word' id='word_1_222' title='bbox 895 1305 905 1320; x_wconf 94' lang='lat'>,</span> <span class='ocrx_word' id='word_1_223' title='bbox 932 1291 964 1314; x_wconf 91' lang='lat' dir='ltr'>et</span> <span class='ocrx_word' id='word_1_224' title='bbox 982 1280 1133 1324; x_wconf 77' lang='lat' dir='ltr'>legitime</span> <span class='ocrx_word' id='word_1_225' title='bbox 1163 1278 1272 1313; x_wconf 67' lang='lat' dir='ltr'>citatis</span> <span class='ocrx_word' id='word_1_226' title='bbox 1298 1279 1452 1313; x_wconf 88' lang='lat' dir='ltr'>omnibus</span> <span class='ocrx_word' id='word_1_227' title='bbox 1467 1302 1476 1317; x_wconf 91' lang='lat'>,</span> <span class='ocrx_word' id='word_1_228' title='bbox 1506 1288 1538 1312; x_wconf 88' lang='lat' dir='ltr'>et</span> <span class='ocrx_word' id='word_1_229' title='bbox 1556 1277 1672 1321; x_wconf 83' lang='lat' dir='ltr'>singu-</span> 
     </span>
     <span class='ocr_line' id='line_1_22' title="bbox 184 1327 1669 1385; baseline -0.002 -23"><span class='ocrx_word' id='word_1_230' title='bbox 184 1327 225 1362; x_wconf 87' lang='lat' dir='ltr'>lis</span> <span class='ocrx_word' id='word_1_231' title='bbox 256 1328 342 1368; x_wconf 86' lang='lat' dir='ltr'>illis,</span> <span class='ocrx_word' id='word_1_232' title='bbox 369 1342 516 1385; x_wconf 80' lang='lat' dir='ltr'>quorum</span> <span class='ocrx_word' id='word_1_233' title='bbox 547 1330 684 1365; x_wconf 90' lang='lat' dir='ltr'>interest</span> <span class='ocrx_word' id='word_1_234' title='bbox 712 1330 904 1370; x_wconf 80' lang='lat' dir='ltr'>hujusmodi</span> <span class='ocrx_word' id='word_1_235' title='bbox 925 1330 1059 1364; x_wconf 88' lang='lat' dir='ltr'>vincula</span> <span class='ocrx_word' id='word_1_236' title='bbox 1088 1341 1150 1362; x_wconf 92' lang='lat' dir='ltr'>non</span> <span class='ocrx_word' id='word_1_237' title='bbox 1167 1327 1294 1367; x_wconf 89' lang='lat' dir='ltr'>deleri,</span> <span class='ocrx_word' id='word_1_238' title='bbox 1323 1339 1376 1362; x_wconf 85' lang='lat' dir='ltr'>aut</span> <span class='ocrx_word' id='word_1_239' title='bbox 1393 1339 1538 1372; x_wconf 87' lang='lat' dir='ltr'>quorum</span> <span class='ocrx_word' id='word_1_240' title='bbox 1562 1337 1669 1370; x_wconf 89' lang='lat' dir='ltr'>quan-</span> 
     </span>
     <span class='ocr_line' id='line_1_23' title="bbox 184 1374 1674 1424; baseline -0.001 -14"><span class='ocrx_word' id='word_1_241' title='bbox 184 1378 378 1421; x_wconf 87' lang='lat' dir='ltr'>documque</span> <span class='ocrx_word' id='word_1_242' title='bbox 402 1379 558 1414; x_wconf 86' lang='lat' dir='ltr'>interesse</span> <span class='ocrx_word' id='word_1_243' title='bbox 585 1380 734 1424; x_wconf 89' lang='lat' dir='ltr'>poterit,</span> <span class='ocrx_word' id='word_1_244' title='bbox 760 1379 859 1414; x_wconf 82' lang='lat' dir='ltr'>etiam</span> <span class='ocrx_word' id='word_1_245' title='bbox 889 1390 950 1424; x_wconf 90' lang='lat' dir='ltr'>pro</span> <span class='ocrx_word' id='word_1_246' title='bbox 971 1388 1148 1422; x_wconf 85' lang='lat' dir='ltr'>tempore,</span> <span class='ocrx_word' id='word_1_247' title='bbox 1176 1386 1209 1411; x_wconf 89' lang='lat' dir='ltr'>et</span> <span class='ocrx_word' id='word_1_248' title='bbox 1236 1389 1313 1412; x_wconf 83' lang='lat' dir='ltr'>casu</span> <span class='ocrx_word' id='word_1_249' title='bbox 1345 1375 1593 1414; x_wconf 77' lang='lat' dir='ltr'>remotissimo,</span> <span class='ocrx_word' id='word_1_250' title='bbox 1624 1374 1674 1413; x_wconf 61' lang='lat' dir='ltr'>ju*v</span> 
     </span>
     <span class='ocr_line' id='line_1_24' title="bbox 183 1427 950 1472; baseline 0.003 -13"><span class='ocrx_word' id='word_1_251' title='bbox 183 1434 242 1460; x_wconf 86' lang='lat' dir='ltr'>xta</span> <span class='ocrx_word' id='word_1_252' title='bbox 263 1427 401 1459; x_wconf 85' lang='lat' dir='ltr'>modum</span> <span class='ocrx_word' id='word_1_253' title='bbox 424 1451 434 1466; x_wconf 93' lang='lat'>,</span> <span class='ocrx_word' id='word_1_254' title='bbox 465 1438 495 1461; x_wconf 92' lang='lat' dir='ltr'>et</span> <span class='ocrx_word' id='word_1_255' title='bbox 513 1428 652 1462; x_wconf 86' lang='lat' dir='ltr'>formam</span> <span class='ocrx_word' id='word_1_256' title='bbox 683 1428 950 1472; x_wconf 84' lang='lat' dir='ltr'>infrascriptam.</span> 
     </span>
    </p>

    <p class='ocr_par' dir='ltr' id='par_1_3' title="bbox 185 1469 1687 2248">
     <span class='ocr_line' id='line_1_25' title="bbox 282 1469 1675 1517; baseline -0.002 -11"><span class='ocrx_word' id='word_1_257' title='bbox 282 1472 461 1517; x_wconf 86' lang='lat' dir='ltr'>Quatenus</span> <span class='ocrx_word' id='word_1_258' title='bbox 497 1475 653 1509; x_wconf 90' lang='lat' dir='ltr'>videlicet</span> <span class='ocrx_word' id='word_1_259' title='bbox 682 1477 735 1510; x_wconf 81' lang='lat' dir='ltr'>ads</span> <span class='ocrx_word' id='word_1_260' title='bbox 740 1476 788 1510; x_wconf 90' lang='lat' dir='ltr'>int</span> <span class='ocrx_word' id='word_1_261' title='bbox 815 1476 844 1508; x_wconf 94' lang='lat' dir='ltr'>in</span> <span class='ocrx_word' id='word_1_262' title='bbox 870 1476 960 1508; x_wconf 86' lang='lat' dir='ltr'>Urbe</span> <span class='ocrx_word' id='word_1_263' title='bbox 977 1498 986 1512; x_wconf 88' lang='lat'><strong>‚</strong></span> <span class='ocrx_word' id='word_1_264' title='bbox 1018 1483 1074 1508; x_wconf 80' lang='lat' dir='ltr'>aut</span> <span class='ocrx_word' id='word_1_265' title='bbox 1107 1475 1202 1508; x_wconf 81' lang='lat' dir='ltr'>Statu</span> <span class='ocrx_word' id='word_1_266' title='bbox 1230 1473 1485 1512; x_wconf 82' lang='lat' dir='ltr'>Ecclesiastico,</span> <span class='ocrx_word' id='word_1_267' title='bbox 1516 1473 1604 1507; x_wconf 88' lang='lat' dir='ltr'>ultra</span> <span class='ocrx_word' id='word_1_268' title='bbox 1623 1469 1675 1504; x_wconf 83' lang='lat' dir='ltr'>Fi-</span> 
     </span>
     <span class='ocr_line' id='line_1_26' title="bbox 186 1519 1677 1568; baseline -0.002 -13"><span class='ocrx_word' id='word_1_269' title='bbox 186 1520 250 1555; x_wconf 65' lang='lat' dir='ltr'>lios</span> <span class='ocrx_word' id='word_1_270' title='bbox 267 1545 276 1560; x_wconf 92' lang='lat'><em>‚</em></span> <span class='ocrx_word' id='word_1_271' title='bbox 307 1534 342 1555; x_wconf 89' lang='lat' dir='ltr'>ac</span> <span class='ocrx_word' id='word_1_272' title='bbox 357 1522 532 1557; x_wconf 78' lang='lat' dir='ltr'>Descende</span> <span class='ocrx_word' id='word_1_273' title='bbox 519 1532 608 1557; x_wconf 86' lang='lat' dir='ltr'>ntes</span> <span class='ocrx_word' id='word_1_274' title='bbox 628 1524 716 1558; x_wconf 87' lang='lat' dir='ltr'>illius</span> <span class='ocrx_word' id='word_1_275' title='bbox 735 1548 745 1563; x_wconf 89' lang='lat'>‚</span> <span class='ocrx_word' id='word_1_276' title='bbox 772 1522 929 1568; x_wconf 84' lang='lat' dir='ltr'>quipetit</span> <span class='ocrx_word' id='word_1_277' title='bbox 947 1522 1166 1557; x_wconf 77' lang='lat' dir='ltr'>cassationem</span> <span class='ocrx_word' id='word_1_278' title='bbox 1186 1522 1401 1556; x_wconf 89' lang='lat' dir='ltr'>vinculorum</span> <span class='ocrx_word' id='word_1_279' title='bbox 1422 1547 1432 1562; x_wconf 90' lang='lat'><strong>‚</strong></span> <span class='ocrx_word' id='word_1_280' title='bbox 1465 1521 1520 1556; x_wconf 89' lang='lat' dir='ltr'>alii</span> <span class='ocrx_word' id='word_1_281' title='bbox 1541 1519 1677 1555; x_wconf 89' lang='lat' dir='ltr'>ulterio-</span> 
     </span>
     <span class='ocr_line' id='line_1_27' title="bbox 186 1569 1683 1614; baseline -0.003 -9"><span class='ocrx_word' id='word_1_282' title='bbox 186 1581 240 1605; x_wconf 88' lang='lat' dir='ltr'>res</span> <span class='ocrx_word' id='word_1_283' title='bbox 269 1570 469 1608; x_wconf 83' lang='lat' dir='ltr'>substituti,</span> <span class='ocrx_word' id='word_1_284' title='bbox 495 1581 526 1604; x_wconf 91' lang='lat' dir='ltr'>et</span> <span class='ocrx_word' id='word_1_285' title='bbox 544 1573 725 1614; x_wconf 75' lang='lat' dir='ltr'>praesertim</span> <span class='ocrx_word' id='word_1_286' title='bbox 761 1571 940 1610; x_wconf 75' lang='lat' dir='ltr'>Ecclesiae,</span> <span class='ocrx_word' id='word_1_287' title='bbox 970 1570 1152 1614; x_wconf 76' lang='lat' dir='ltr'>Collegia,</span> <span class='ocrx_word' id='word_1_288' title='bbox 1191 1571 1466 1604; x_wconf 85' lang='lat' dir='ltr'>Communitates</span> <span class='ocrx_word' id='word_1_289' title='bbox 1484 1593 1493 1608; x_wconf 92' lang='lat'>,</span> <span class='ocrx_word' id='word_1_290' title='bbox 1525 1579 1558 1602; x_wconf 90' lang='lat' dir='ltr'>et</span> <span class='ocrx_word' id='word_1_291' title='bbox 1587 1569 1683 1601; x_wconf 84' lang='lat' dir='ltr'>Loca.</span> 
     </span>
     <span class='ocr_line' id='line_1_28' title="bbox 185 1618 1677 1675; baseline -0.002 -23"><span class='ocrx_word' id='word_1_292' title='bbox 185 1619 270 1657; x_wconf 85' lang='lat' dir='ltr'>Pia,</span> <span class='ocrx_word' id='word_1_293' title='bbox 297 1618 379 1663; x_wconf 82' lang='lat' dir='ltr'>qui,</span> <span class='ocrx_word' id='word_1_294' title='bbox 420 1630 479 1652; x_wconf 90' lang='lat' dir='ltr'>seu</span> <span class='ocrx_word' id='word_1_295' title='bbox 507 1630 579 1675; x_wconf 83' lang='lat' dir='ltr'>quae</span> <span class='ocrx_word' id='word_1_296' title='bbox 593 1619 729 1673; x_wconf 84' lang='lat' dir='ltr'>aliquod</span> <span class='ocrx_word' id='word_1_297' title='bbox 763 1621 923 1654; x_wconf 83' lang='lat' dir='ltr'>interesse</span> <span class='ocrx_word' id='word_1_298' title='bbox 951 1620 1071 1653; x_wconf 86' lang='lat' dir='ltr'>habere</span> <span class='ocrx_word' id='word_1_299' title='bbox 1100 1618 1228 1662; x_wconf 88' lang='lat' dir='ltr'>possint</span> <span class='ocrx_word' id='word_1_300' title='bbox 1246 1641 1257 1656; x_wconf 91' lang='lat'>,</span> <span class='ocrx_word' id='word_1_301' title='bbox 1288 1619 1385 1651; x_wconf 79' lang='lat' dir='ltr'>etiarn</span> <span class='ocrx_word' id='word_1_302' title='bbox 1413 1629 1476 1662; x_wconf 87' lang='lat' dir='ltr'>pro</span> <span class='ocrx_word' id='word_1_303' title='bbox 1504 1628 1609 1655; x_wconf 88' lang='lat' dir='ltr'>casu,</span> <span class='ocrx_word' id='word_1_304' title='bbox 1643 1623 1677 1649; x_wconf 88' lang='lat' dir='ltr'>et</span> 
     </span>
     <span class='ocr_line' id='line_1_29' title="bbox 187 1666 1682 1712; baseline -0.003 -11"><span class='ocrx_word' id='word_1_305' title='bbox 187 1675 341 1712; x_wconf 85' lang='lat' dir='ltr'>tempore</span> <span class='ocrx_word' id='word_1_306' title='bbox 360 1666 585 1701; x_wconf 82' lang='lat' dir='ltr'>remotissimo</span> <span class='ocrx_word' id='word_1_307' title='bbox 603 1691 614 1706; x_wconf 89' lang='lat'>,</span> <span class='ocrx_word' id='word_1_308' title='bbox 645 1667 673 1700; x_wconf 90' lang='lat' dir='ltr'>in</span> <span class='ocrx_word' id='word_1_309' title='bbox 690 1667 864 1711; x_wconf 82' lang='lat' dir='ltr'>Depositis</span> <span class='ocrx_word' id='word_1_310' title='bbox 883 1667 1100 1711; x_wconf 86' lang='lat' dir='ltr'>pecuniarum</span> <span class='ocrx_word' id='word_1_311' title='bbox 1130 1669 1453 1711; x_wconf 72' lang='lat' dir='ltr'>quomodocumque</span> <span class='ocrx_word' id='word_1_312' title='bbox 1468 1690 1478 1706; x_wconf 89' lang='lat'>,</span> <span class='ocrx_word' id='word_1_313' title='bbox 1510 1674 1546 1699; x_wconf 72' lang='lat' dir='ltr'>ut</span> <span class='ocrx_word' id='word_1_314' title='bbox 1562 1675 1682 1707; x_wconf 84' lang='lat' dir='ltr'>supra,</span> 
     </span>
     <span class='ocr_line' id='line_1_30' title="bbox 187 1711 1679 1760; baseline -0.003 -10"><span class='ocrx_word' id='word_1_315' title='bbox 187 1715 393 1755; x_wconf 84' lang='lat' dir='ltr'>vinculatis,</span> <span class='ocrx_word' id='word_1_316' title='bbox 422 1715 729 1754; x_wconf 81' lang='lat' dir='ltr'>Fideicommissis,</span> <span class='ocrx_word' id='word_1_317' title='bbox 756 1714 1062 1760; x_wconf 71' lang='lat' dir='ltr'>primogenituris,</span> <span class='ocrx_word' id='word_1_318' title='bbox 1090 1715 1337 1750; x_wconf 81' lang='lat' dir='ltr'>Donationibus</span> <span class='ocrx_word' id='word_1_319' title='bbox 1357 1740 1366 1755; x_wconf 89' lang='lat'>‚</span> <span class='ocrx_word' id='word_1_320' title='bbox 1395 1714 1555 1760; x_wconf 59' lang='lat' dir='ltr'>Legaffls,</span> <span class='ocrx_word' id='word_1_321' title='bbox 1588 1711 1679 1747; x_wconf 92' lang='lat' dir='ltr'>Mul-</span> 
     </span>
     <span class='ocr_line' id='line_1_31' title="bbox 189 1760 1678 1810; baseline -0.002 -12"><span class='ocrx_word' id='word_1_322' title='bbox 189 1763 335 1809; x_wconf 82' lang='lat' dir='ltr'>tiplicis‚</span> <span class='ocrx_word' id='word_1_323' title='bbox 364 1764 620 1804; x_wconf 84' lang='lat' dir='ltr'>Evictionibus,</span> <span class='ocrx_word' id='word_1_324' title='bbox 647 1764 940 1810; x_wconf 84' lang='lat' dir='ltr'>Attergatiouibus</span> <span class='ocrx_word' id='word_1_325' title='bbox 955 1788 966 1803; x_wconf 84' lang='lat'>,</span> <span class='ocrx_word' id='word_1_326' title='bbox 995 1771 1029 1797; x_wconf 90' lang='lat' dir='ltr'>et</span> <span class='ocrx_word' id='word_1_327' title='bbox 1046 1763 1364 1799; x_wconf 84' lang='lat' dir='ltr'>Reinvestimentis:</span> <span class='ocrx_word' id='word_1_328' title='bbox 1385 1763 1508 1799; x_wconf 89' lang='lat' dir='ltr'>nemini</span> <span class='ocrx_word' id='word_1_329' title='bbox 1526 1760 1678 1797; x_wconf 77' lang='grc' dir='ltr'>611111ἀί-</span> 
     </span>
     <span class='ocr_line' id='line_1_32' title="bbox 189 1809 1678 1869; baseline -0.001 -22"><span class='ocrx_word' id='word_1_330' title='bbox 189 1813 284 1848; x_wconf 91' lang='lat' dir='ltr'>cibus</span> <span class='ocrx_word' id='word_1_331' title='bbox 312 1812 505 1848; x_wconf 84' lang='lat' dir='ltr'>Ordinariis</span> <span class='ocrx_word' id='word_1_332' title='bbox 534 1812 634 1848; x_wconf 83' lang='lat' dir='ltr'>liceat</span> <span class='ocrx_word' id='word_1_333' title='bbox 663 1812 800 1869; x_wconf 78' lang='lat' dir='ltr'>aliquod</span> <span class='ocrx_word' id='word_1_334' title='bbox 829 1824 871 1848; x_wconf 85' lang='lat' dir='ltr'>ex</span> <span class='ocrx_word' id='word_1_335' title='bbox 893 1811 1070 1858; x_wconf 85' lang='lat' dir='ltr'>praedictis</span> <span class='ocrx_word' id='word_1_336' title='bbox 1098 1811 1243 1847; x_wconf 88' lang='lat' dir='ltr'>vinculis</span> <span class='ocrx_word' id='word_1_337' title='bbox 1281 1824 1515 1868; x_wconf 78' lang='lat' dir='ltr'>expresse‚v</span> <span class='ocrx_word' id='word_1_338' title='bbox 1491 1812 1546 1847; x_wconf 83' lang='lat' dir='ltr'>vel</span> <span class='ocrx_word' id='word_1_339' title='bbox 1577 1809 1678 1845; x_wconf 84' lang='lat' dir='ltr'>tacite</span> 
     </span>
     <span class='ocr_line' id='line_1_33' title="bbox 189 1857 1681 1907; baseline -0.003 -10"><span class='ocrx_word' id='word_1_340' title='bbox 189 1872 321 1897; x_wconf 88' lang='lat' dir='ltr'>cassare</span> <span class='ocrx_word' id='word_1_341' title='bbox 339 1885 350 1901; x_wconf 85' lang='lat'>,</span> <span class='ocrx_word' id='word_1_342' title='bbox 383 1871 416 1896; x_wconf 90' lang='lat' dir='ltr'>et</span> <span class='ocrx_word' id='word_1_343' title='bbox 442 1861 556 1897; x_wconf 87' lang='lat' dir='ltr'>delere</span> <span class='ocrx_word' id='word_1_344' title='bbox 574 1887 584 1902; x_wconf 93' lang='lat'>,</span> <span class='ocrx_word' id='word_1_345' title='bbox 616 1861 678 1897; x_wconf 90' lang='lat' dir='ltr'>nisi</span> <span class='ocrx_word' id='word_1_346' title='bbox 692 1862 800 1897; x_wconf 79' lang='lat' dir='ltr'>citatis</span> <span class='ocrx_word' id='word_1_347' title='bbox 817 1861 906 1905; x_wconf 88' lang='lat' dir='ltr'>prius</span> <span class='ocrx_word' id='word_1_348' title='bbox 923 1861 1070 1906; x_wconf 83' lang='lat' dir='ltr'>legitime</span> <span class='ocrx_word' id='word_1_349' title='bbox 1089 1885 1100 1901; x_wconf 93' lang='lat'>,</span> <span class='ocrx_word' id='word_1_350' title='bbox 1127 1869 1160 1895; x_wconf 92' lang='lat' dir='ltr'>et</span> <span class='ocrx_word' id='word_1_351' title='bbox 1172 1861 1410 1906; x_wconf 82' lang='lat' dir='ltr'>personaliter</span> <span class='ocrx_word' id='word_1_352' title='bbox 1403 1874 1432 1896; x_wconf 80' lang='lat' dir='ltr'>tn</span> <span class='ocrx_word' id='word_1_353' title='bbox 1448 1859 1587 1907; x_wconf 76' lang='lat' dir='ltr'>sinonlis</span> <span class='ocrx_word' id='word_1_354' title='bbox 1602 1857 1681 1893; x_wconf 85' lang='lat' dir='ltr'>acti-</span> 
     </span>
     <span class='ocr_line' id='line_1_34' title="bbox 189 1908 1681 1955; baseline -0.001 -10"><span class='ocrx_word' id='word_1_355' title='bbox 189 1912 254 1946; x_wconf 91' lang='lat' dir='ltr'>bus</span> <span class='ocrx_word' id='word_1_356' title='bbox 274 1934 284 1950; x_wconf 86' lang='lat'>,</span> <span class='ocrx_word' id='word_1_357' title='bbox 319 1912 423 1945; x_wconf 92' lang='lat' dir='ltr'>modo</span> <span class='ocrx_word' id='word_1_358' title='bbox 440 1911 610 1946; x_wconf 86' lang='lat' dir='ltr'>observari</span> <span class='ocrx_word' id='word_1_359' title='bbox 626 1910 728 1946; x_wconf 88' lang='lat' dir='ltr'>solito</span> <span class='ocrx_word' id='word_1_360' title='bbox 756 1911 787 1945; x_wconf 93' lang='lat' dir='ltr'>in</span> <span class='ocrx_word' id='word_1_361' title='bbox 803 1908 946 1949; x_wconf 77' lang='lat' dir='ltr'>Catisis‚</span> <span class='ocrx_word' id='word_1_362' title='bbox 977 1921 1049 1954; x_wconf 86' lang='lat' dir='ltr'>quae</span> <span class='ocrx_word' id='word_1_363' title='bbox 1062 1909 1230 1955; x_wconf 80' lang='lat' dir='ltr'>agitantur</span> <span class='ocrx_word' id='word_1_364' title='bbox 1256 1922 1367 1946; x_wconf 85' lang='lat' dir='ltr'>coram</span> <span class='ocrx_word' id='word_1_365' title='bbox 1385 1910 1557 1946; x_wconf 87' lang='lat' dir='ltr'>Iudicibus</span> <span class='ocrx_word' id='word_1_366' title='bbox 1577 1908 1681 1943; x_wconf 83' lang='lat' dir='ltr'>Gom-</span> 
     </span>
     <span class='ocr_line' id='line_1_35' title="bbox 188 1957 1685 2014; baseline -0.003 -20"><span class='ocrx_word' id='word_1_367' title='bbox 188 1959 350 1994; x_wconf 85' lang='lat' dir='ltr'>missariis</span> <span class='ocrx_word' id='word_1_368' title='bbox 370 1984 380 1999; x_wconf 90' lang='lat'>,</span> <span class='ocrx_word' id='word_1_369' title='bbox 407 1960 562 1995; x_wconf 87' lang='lat' dir='ltr'>omnibus</span> <span class='ocrx_word' id='word_1_370' title='bbox 578 1959 745 2005; x_wconf 85' lang='lat' dir='ltr'>praedictis</span> <span class='ocrx_word' id='word_1_371' title='bbox 774 1960 930 1995; x_wconf 88' lang='lat' dir='ltr'>interesse</span> <span class='ocrx_word' id='word_1_372' title='bbox 960 1958 1160 1993; x_wconf 84' lang='lat' dir='ltr'>habentibus</span> <span class='ocrx_word' id='word_1_373' title='bbox 1179 1983 1188 1998; x_wconf 90' lang='lat'><em>‚</em></span> <span class='ocrx_word' id='word_1_374' title='bbox 1216 1959 1297 2000; x_wconf 90' lang='lat' dir='ltr'>vel,</span> <span class='ocrx_word' id='word_1_375' title='bbox 1324 1970 1400 2014; x_wconf 77' lang='lat' dir='ltr'>post</span> <span class='ocrx_word' id='word_1_376' title='bbox 1430 1960 1578 2012; x_wconf 82' lang='lat' dir='ltr'>primam</span> <span class='ocrx_word' id='word_1_377' title='bbox 1593 1957 1685 2002; x_wconf 73' lang='lat' dir='ltr'>ipso-</span> 
     </span>
     <span class='ocr_line' id='line_1_36' title="bbox 191 2005 1680 2053; baseline -0.002 -11"><span class='ocrx_word' id='word_1_378' title='bbox 191 2018 265 2042; x_wconf 88' lang='lat' dir='ltr'>rum</span> <span class='ocrx_word' id='word_1_379' title='bbox 297 2008 506 2044; x_wconf 87' lang='lat' dir='ltr'>Citationem</span> <span class='ocrx_word' id='word_1_380' title='bbox 539 2008 820 2044; x_wconf 75' lang='lat' dir='ltr'>procuratoribus</span> <span class='ocrx_word' id='word_1_381' title='bbox 848 2019 913 2053; x_wconf 86' lang='lat' dir='ltr'>per</span> <span class='ocrx_word' id='word_1_382' title='bbox 940 2019 1007 2042; x_wconf 88' lang='lat' dir='ltr'>eos</span> <span class='ocrx_word' id='word_1_383' title='bbox 1023 2007 1176 2053; x_wconf 78' lang='lat' dir='ltr'>legitime</span> <span class='ocrx_word' id='word_1_384' title='bbox 1202 2009 1393 2044; x_wconf 89' lang='lat' dir='ltr'>constitutis</span> <span class='ocrx_word' id='word_1_385' title='bbox 1410 2033 1422 2049; x_wconf 88' lang='lat'>,</span> <span class='ocrx_word' id='word_1_386' title='bbox 1450 2005 1580 2043; x_wconf 86' lang='lat' dir='ltr'>etiamsi</span> <span class='ocrx_word' id='word_1_387' title='bbox 1597 2005 1680 2040; x_wconf 86' lang='lat' dir='ltr'>inte-</span> 
     </span>
     <span class='ocr_line' id='line_1_37' title="bbox 191 2054 1687 2113; baseline -0.001 -23"><span class='ocrx_word' id='word_1_388' title='bbox 191 2067 282 2091; x_wconf 84' lang='lat' dir='ltr'>resse</span> <span class='ocrx_word' id='word_1_389' title='bbox 298 2057 448 2101; x_wconf 85' lang='lat' dir='ltr'>ipsorum</span> <span class='ocrx_word' id='word_1_390' title='bbox 477 2059 617 2104; x_wconf 84' lang='lat' dir='ltr'>pendeat</span> <span class='ocrx_word' id='word_1_391' title='bbox 632 2059 671 2092; x_wconf 85' lang='lat' dir='ltr'>ab</span> <span class='ocrx_word' id='word_1_392' title='bbox 687 2069 775 2098; x_wconf 87' lang='lat' dir='ltr'>una,</span> <span class='ocrx_word' id='word_1_393' title='bbox 801 2057 855 2092; x_wconf 88' lang='lat' dir='ltr'>vel</span> <span class='ocrx_word' id='word_1_394' title='bbox 878 2056 1030 2113; x_wconf 76' lang='lat' dir='ltr'>pluribus</span> <span class='ocrx_word' id='word_1_395' title='bbox 1049 2056 1296 2093; x_wconf 86' lang='lat' dir='ltr'>conditionibus</span> <span class='ocrx_word' id='word_1_396' title='bbox 1328 2060 1418 2094; x_wconf 82' lang='lat' dir='ltr'>mere</span> <span class='ocrx_word' id='word_1_397' title='bbox 1435 2054 1687 2094; x_wconf 62' lang='lat' dir='ltr'>eventualibus,n</span> 
     </span>
     <span class='ocr_line' id='line_1_38' title="bbox 193 2103 1685 2151; baseline -0.003 -11"><span class='ocrx_word' id='word_1_398' title='bbox 193 2104 265 2140; x_wconf 85' lang='lat' dir='ltr'>sive</span> <span class='ocrx_word' id='word_1_399' title='bbox 295 2117 313 2140; x_wconf 87' lang='lat' dir='ltr'>a</span> <span class='ocrx_word' id='word_1_400' title='bbox 329 2106 458 2141; x_wconf 88' lang='lat' dir='ltr'>casibus</span> <span class='ocrx_word' id='word_1_401' title='bbox 475 2131 486 2146; x_wconf 88' lang='lat'>,</span> <span class='ocrx_word' id='word_1_402' title='bbox 514 2116 547 2140; x_wconf 88' lang='lat' dir='ltr'>et</span> <span class='ocrx_word' id='word_1_403' title='bbox 563 2107 772 2151; x_wconf 89' lang='lat' dir='ltr'>temporibus</span> <span class='ocrx_word' id='word_1_404' title='bbox 797 2105 1053 2145; x_wconf 81' lang='lat' dir='ltr'>remotissimis,</span> <span class='ocrx_word' id='word_1_405' title='bbox 1078 2106 1266 2141; x_wconf 82' lang='lat' dir='ltr'>dummodo</span> <span class='ocrx_word' id='word_1_406' title='bbox 1294 2117 1402 2142; x_wconf 88' lang='lat' dir='ltr'>tamen</span> <span class='ocrx_word' id='word_1_407' title='bbox 1420 2104 1573 2151; x_wconf 83' lang='lat' dir='ltr'>praedicti</span> <span class='ocrx_word' id='word_1_408' title='bbox 1600 2103 1685 2137; x_wconf 87' lang='lat' dir='ltr'>inte-</span> 
     </span>
     <span class='ocr_line' id='line_1_39' title="bbox 193 2152 1687 2193; baseline -0.003 -4"><span class='ocrx_word' id='word_1_409' title='bbox 193 2165 284 2189; x_wconf 85' lang='lat' dir='ltr'>resse</span> <span class='ocrx_word' id='word_1_410' title='bbox 309 2154 467 2189; x_wconf 88' lang='lat' dir='ltr'>habentes</span> <span class='ocrx_word' id='word_1_411' title='bbox 485 2155 629 2189; x_wconf 86' lang='lat' dir='ltr'>habeant</span> <span class='ocrx_word' id='word_1_412' title='bbox 653 2154 879 2188; x_wconf 83' lang='lat' dir='ltr'>Domicilium</span> <span class='ocrx_word' id='word_1_413' title='bbox 908 2153 939 2187; x_wconf 89' lang='lat' dir='ltr'>in</span> <span class='ocrx_word' id='word_1_414' title='bbox 954 2155 1067 2193; x_wconf 84' lang='lat' dir='ltr'>Urbe,</span> <span class='ocrx_word' id='word_1_415' title='bbox 1100 2164 1156 2189; x_wconf 80' lang='lat' dir='ltr'>aut</span> <span class='ocrx_word' id='word_1_416' title='bbox 1185 2156 1280 2191; x_wconf 80' lang='lat' dir='ltr'>Statu</span> <span class='ocrx_word' id='word_1_417' title='bbox 1306 2154 1543 2192; x_wconf 83' lang='lat' dir='ltr'>Ecclesiastico</span> <span class='ocrx_word' id='word_1_418' title='bbox 1561 2176 1587 2192; x_wconf 89' lang='lat'>,</span> <span class='ocrx_word' id='word_1_419' title='bbox 1602 2152 1687 2186; x_wconf 84' lang='lat' dir='ltr'>itaut</span> 
     </span>
     <span class='ocr_line' id='line_1_40' title="bbox 195 2200 1174 2248; baseline -0.001 -11"><span class='ocrx_word' id='word_1_420' title='bbox 195 2202 314 2237; x_wconf 84' lang='lat' dir='ltr'>saltem</span> <span class='ocrx_word' id='word_1_421' title='bbox 347 2213 410 2247; x_wconf 81' lang='lat' dir='ltr'>pro</span> <span class='ocrx_word' id='word_1_422' title='bbox 426 2203 622 2247; x_wconf 85' lang='lat' dir='ltr'>primavice</span> <span class='ocrx_word' id='word_1_423' title='bbox 656 2201 876 2248; x_wconf 81' lang='lat' dir='ltr'>personaliter</span> <span class='ocrx_word' id='word_1_424' title='bbox 896 2200 1007 2236; x_wconf 85' lang='lat' dir='ltr'>citari·</span> <span class='ocrx_word' id='word_1_425' title='bbox 1020 2202 1174 2245; x_wconf 86' lang='lat' dir='ltr'>possint</span> 
     </span>
    </p>

    <p class='ocr_par' dir='ltr' id='par_1_4' title="bbox 199 2232 1691 2588">
     <span class='ocr_line' id='line_1_41' title="bbox 296 2232 1687 2294; baseline 0.001 -10"><span class='ocrx_word' id='word_1_426' title='bbox 296 2249 329 2284; x_wconf 89' lang='lat' dir='ltr'>Si</span> <span class='ocrx_word' id='word_1_427' title='bbox 349 2261 427 2285; x_wconf 87' lang='lat' dir='ltr'>vero</span> <span class='ocrx_word' id='word_1_428' title='bbox 444 2249 555 2286; x_wconf 86' lang='lat' dir='ltr'>nullus</span> <span class='ocrx_word' id='word_1_429' title='bbox 572 2250 654 2285; x_wconf 81' lang='lat' dir='ltr'>alius</span> <span class='ocrx_word' id='word_1_430' title='bbox 682 2251 747 2284; x_wconf 85' lang='lat' dir='ltr'>er-it</span> <span class='ocrx_word' id='word_1_431' title='bbox 768 2249 908 2285; x_wconf 83' lang='lat' dir='ltr'>ulterior</span> <span class='ocrx_word' id='word_1_432' title='bbox 923 2249 1129 2286; x_wconf 88' lang='lat' dir='ltr'>Substitutus</span> <span class='ocrx_word' id='word_1_433' title='bbox 1143 2275 1152 2290; x_wconf 90' lang='lat'><em>‚</em></span> <span class='ocrx_word' id='word_1_434' title='bbox 1181 2232 1239 2286; x_wconf 74' lang='lat' dir='ltr'>aut</span> <span class='ocrx_word' id='word_1_435' title='bbox 1254 2252 1413 2292; x_wconf 83' lang='lat' dir='ltr'>interesse</span> <span class='ocrx_word' id='word_1_436' title='bbox 1430 2254 1553 2288; x_wconf 82' lang='lat' dir='ltr'>habens</span> <span class='ocrx_word' id='word_1_437' title='bbox 1569 2275 1580 2291; x_wconf 92' lang='lat'>,</span> <span class='ocrx_word' id='word_1_438' title='bbox 1608 2259 1687 2294; x_wconf 54' lang='lat' dir='ltr'>praez</span> 
     </span>
     <span class='ocr_line' id='line_1_42' title="bbox 199 2295 1688 2340; baseline 0.001 -8"><span class='ocrx_word' id='word_1_439' title='bbox 199 2305 250 2333; x_wconf 88' lang='lat' dir='ltr'>ter</span> <span class='ocrx_word' id='word_1_440' title='bbox 262 2298 367 2333; x_wconf 89' lang='lat' dir='ltr'>Filios</span> <span class='ocrx_word' id='word_1_441' title='bbox 385 2323 394 2338; x_wconf 89' lang='lat'>‚</span> <span class='ocrx_word' id='word_1_442' title='bbox 424 2306 458 2334; x_wconf 87' lang='lat' dir='ltr'>et</span> <span class='ocrx_word' id='word_1_443' title='bbox 487 2295 739 2332; x_wconf 87' lang='lat' dir='ltr'>Descendentes</span> <span class='ocrx_word' id='word_1_444' title='bbox 768 2296 880 2335; x_wconf 87' lang='lat' dir='ltr'>illius,</span> <span class='ocrx_word' id='word_1_445' title='bbox 906 2298 964 2340; x_wconf 83' lang='lat' dir='ltr'>qui</span> <span class='ocrx_word' id='word_1_446' title='bbox 997 2298 1081 2340; x_wconf 82' lang='lat' dir='ltr'>petit</span> <span class='ocrx_word' id='word_1_447' title='bbox 1108 2299 1309 2334; x_wconf 81' lang='lat' dir='ltr'>deletionem</span> <span class='ocrx_word' id='word_1_448' title='bbox 1331 2302 1570 2336; x_wconf 83' lang='lat' dir='ltr'>vinculorum·</span> <span class='ocrx_word' id='word_1_449' title='bbox 1561 2323 1571 2338; x_wconf 88' lang='lat'>,</span> <span class='ocrx_word' id='word_1_450' title='bbox 1607 2296 1688 2336; x_wconf 83' lang='lat' dir='ltr'>vel,</span> 
     </span>
     <span class='ocr_line' id='line_1_43' title="bbox 200 2343 1690 2393; baseline -0.001 -12"><span class='ocrx_word' id='word_1_451' title='bbox 200 2345 329 2382; x_wconf 76' lang='lat' dir='ltr'>etiamsi</span> <span class='ocrx_word' id='word_1_452' title='bbox 359 2348 467 2383; x_wconf 79' lang='lat' dir='ltr'>adsint</span> <span class='ocrx_word' id='word_1_453' title='bbox 496 2345 674 2382; x_wconf 88' lang='lat' dir='ltr'>ulteriores</span> <span class='ocrx_word' id='word_1_454' title='bbox 709 2343 890 2379; x_wconf 86' lang='lat' dir='ltr'>Substituti</span> <span class='ocrx_word' id='word_1_455' title='bbox 910 2367 929 2382; x_wconf 91' lang='grc'>,</span> <span class='ocrx_word' id='word_1_456' title='bbox 954 2343 1026 2378; x_wconf 88' lang='lat' dir='ltr'>sive</span> <span class='ocrx_word' id='word_1_457' title='bbox 1043 2344 1203 2380; x_wconf 88' lang='lat' dir='ltr'>interesse</span> <span class='ocrx_word' id='word_1_458' title='bbox 1234 2349 1414 2387; x_wconf 84' lang='lat' dir='ltr'>habentes,</span> <span class='ocrx_word' id='word_1_459' title='bbox 1441 2347 1558 2393; x_wconf 83' lang='lat' dir='ltr'>aliquis</span> <span class='ocrx_word' id='word_1_460' title='bbox 1575 2355 1690 2380; x_wconf 88' lang='lat' dir='ltr'>tamen</span> 
     </span>
     <span class='ocr_line' id='line_1_44' title="bbox 202 2392 1688 2436; baseline 0.001 -7"><span class='ocrx_word' id='word_1_461' title='bbox 202 2406 242 2430; x_wconf 84' lang='lat' dir='ltr'>ex</span> <span class='ocrx_word' id='word_1_462' title='bbox 268 2395 324 2428; x_wconf 86' lang='lat' dir='ltr'>eis</span> <span class='ocrx_word' id='word_1_463' title='bbox 320 2395 555 2432; x_wconf 85' lang='lat' dir='ltr'>Domicilium</span> <span class='ocrx_word' id='word_1_464' title='bbox 583 2406 680 2429; x_wconf 85' lang='lat' dir='ltr'>suum</span> <span class='ocrx_word' id='word_1_465' title='bbox 709 2394 829 2428; x_wconf 86' lang='lat' dir='ltr'>habeat</span> <span class='ocrx_word' id='word_1_466' title='bbox 850 2400 947 2427; x_wconf 83' lang='lat' dir='ltr'>extra</span> <span class='ocrx_word' id='word_1_467' title='bbox 961 2392 1092 2427; x_wconf 87' lang='lat' dir='ltr'>Statum</span> <span class='ocrx_word' id='word_1_468' title='bbox 1112 2393 1382 2433; x_wconf 77' lang='lat' dir='ltr'>Ecclesiasticum</span> <span class='ocrx_word' id='word_1_469' title='bbox 1398 2420 1408 2436; x_wconf 91' lang='lat'>‚</span> <span class='ocrx_word' id='word_1_470' title='bbox 1439 2396 1524 2431; x_wconf 88' lang='lat' dir='ltr'>itaut</span> <span class='ocrx_word' id='word_1_471' title='bbox 1539 2407 1688 2430; x_wconf 87' lang='lat' dir='ltr'>commo-</span> 
     </span>
     <span class='ocr_line' id='line_1_45' title="bbox 202 2439 1684 2490; baseline -0.007 -11"><span class='ocrx_word' id='word_1_472' title='bbox 202 2445 249 2480; x_wconf 80' lang='lat' dir='ltr'>de·</span> <span class='ocrx_word' id='word_1_473' title='bbox 272 2442 367 2477; x_wconf 82' lang='lat' dir='ltr'>citari</span> <span class='ocrx_word' id='word_1_474' title='bbox 383 2454 549 2490; x_wconf 84' lang='lat' dir='ltr'>nequeat</span> <span class='ocrx_word' id='word_1_475' title='bbox 577 2444 670 2478; x_wconf 86' lang='lat' dir='ltr'>Tunc</span> <span class='ocrx_word' id='word_1_476' title='bbox 700 2443 816 2487; x_wconf 82' lang='lat' dir='ltr'>Caput</span> <span class='ocrx_word' id='word_1_477' title='bbox 833 2439 922 2475; x_wconf 90' lang='lat' dir='ltr'>illius</span> <span class='ocrx_word' id='word_1_478' title='bbox 945 2439 1162 2481; x_wconf 85' lang='lat' dir='ltr'>Tribunalis,</span> <span class='ocrx_word' id='word_1_479' title='bbox 1194 2443 1226 2477; x_wconf 91' lang='lat' dir='ltr'>in</span> <span class='ocrx_word' id='word_1_480' title='bbox 1256 2457 1325 2489; x_wconf 89' lang='lat' dir='ltr'>quo</span> <span class='ocrx_word' id='word_1_481' title='bbox 1342 2445 1468 2489; x_wconf 77' lang='lat' dir='ltr'>petitur</span> <span class='ocrx_word' id='word_1_482' title='bbox 1492 2444 1594 2479; x_wconf 64' lang='lat' dir='ltr'>deleri</span> <span class='ocrx_word' id='word_1_483' title='bbox 1621 2443 1684 2478; x_wconf 69' lang='lat' dir='ltr'>ali-</span> 
     </span>
     <span class='ocr_line' id='line_1_46' title="bbox 204 2490 1689 2538; baseline -0.001 -11"><span class='ocrx_word' id='word_1_484' title='bbox 204 2493 296 2537; x_wconf 82' lang='lat' dir='ltr'>quod</span> <span class='ocrx_word' id='word_1_485' title='bbox 329 2503 369 2531; x_wconf 77' lang='lat' dir='ltr'>ex</span> <span class='ocrx_word' id='word_1_486' title='bbox 383 2493 548 2537; x_wconf 71' lang='lat' dir='ltr'>praedictis</span> <span class='ocrx_word' id='word_1_487' title='bbox 563 2490 731 2531; x_wconf 82' lang='lat' dir='ltr'>vinculis,</span> <span class='ocrx_word' id='word_1_488' title='bbox 761 2492 924 2535; x_wconf 82' lang='lat' dir='ltr'>deputare</span> <span class='ocrx_word' id='word_1_489' title='bbox 952 2498 1104 2525; x_wconf 87' lang='lat' dir='ltr'>teneatur</span> <span class='ocrx_word' id='word_1_490' title='bbox 1129 2492 1307 2535; x_wconf 85' lang='lat' dir='ltr'>specialem</span> <span class='ocrx_word' id='word_1_491' title='bbox 1326 2494 1530 2531; x_wconf 88' lang='lat' dir='ltr'>Curatorem</span> <span class='ocrx_word' id='word_1_492' title='bbox 1557 2504 1620 2538; x_wconf 82' lang='lat' dir='ltr'>pro</span> <span class='ocrx_word' id='word_1_493' title='bbox 1636 2491 1689 2527; x_wconf 40' lang='lat' dir='ltr'>Fi,</span> 
     </span>
     <span class='ocr_line' id='line_1_47' title="bbox 206 2538 1691 2588; baseline 0.002 -12"><span class='ocrx_word' id='word_1_494' title='bbox 206 2539 259 2581; x_wconf 81' lang='lat' dir='ltr'>liis</span> <span class='ocrx_word' id='word_1_495' title='bbox 286 2564 297 2581; x_wconf 83' lang='grc'>,</span> <span class='ocrx_word' id='word_1_496' title='bbox 324 2541 674 2581; x_wconf 75' lang='lat' dir='ltr'>etDescendentibus</span> <span class='ocrx_word' id='word_1_497' title='bbox 704 2539 878 2588; x_wconf 87' lang='lat' dir='ltr'>petentis,</span> <span class='ocrx_word' id='word_1_498' title='bbox 911 2547 1073 2586; x_wconf 86' lang='lat' dir='ltr'>quatenus</span> <span class='ocrx_word' id='word_1_499' title='bbox 1105 2538 1158 2576; x_wconf 89' lang='lat' dir='ltr'>isti</span> <span class='ocrx_word' id='word_1_500' title='bbox 1185 2543 1298 2582; x_wconf 83' lang='lat' dir='ltr'>vocati</span> <span class='ocrx_word' id='word_1_501' title='bbox 1327 2542 1516 2585; x_wconf 72' lang='lat' dir='ltr'>sint.‚,aut</span> <span class='ocrx_word' id='word_1_502' title='bbox 1548 2541 1691 2588; x_wconf 78' lang='lat' dir='ltr'>aliquod.</span> 
     </span>
    </p>
   </div>
   <div class='ocr_carea' id='block_1_2' title="bbox 1629 2588 1696 2636">
    <p class='ocr_par' dir='ltr' id='par_1_5' title="bbox 1629 2588 1696 2636">
     <span class='ocr_line' id='line_1_48' title="bbox 1629 2588 1696 2636; baseline 0.015 -20"><span class='ocrx_word' id='word_1_503' title='bbox 1629 2588 1678 2636; x_wconf 51' lang='lat' dir='ltr'>jn,</span> <span class='ocrx_word' id='word_1_504' title='bbox 1693 2615 1696 2617; x_wconf 74' lang='grc'><strong>,</strong></span> 
     </span>
    </p>
   </div>
  </div>
 </body>
</html>
