1952 3167
349 327 391 352 12
713 317 774 352 DE
802 315 914 360 JURE
948 315 1226 352 SIGNATURAE
1253 316 1468 360 JUSTITIAE

347 375 421 409 quae
449 374 489 397 ex
506 362 619 399 eadem
649 376 746 401 causa
773 378 885 401 secum
920 367 1188 411 permutantibus
1217 367 1390 412 personis.
1417 366 1505 410 Qua:
1533 375 1615 400 vero
1646 365 1724 410 ipsa:
1744 375 1835 400 com-

315 427 318 436 τ
344 420 574 460 permutantes
593 425 740 457 persona:
767 414 1009 461 resignaverint
1034 439 1045 454 ‚
1074 416 1235 450 beneficia
1256 415 1448 455 hujusmodi
1468 439 1477 453 ‚
1508 415 1639 449 etiamsi
1655 439 1664 453 ,
1698 425 1732 449 ut
1752 426 1835 458 prae-

342 463 478 500 fertur,
513 461 724 505 qualificata‚
753 472 785 498 et
804 475 862 508 per
890 476 946 497 cos
975 473 1035 508 pro
1060 472 1210 507 tempore
1236 466 1376 497 obtenta
1394 485 1404 500 ‚
1432 474 1474 495 ex
1505 464 1657 505 personis
1681 459 1831 507 ipsorum

342 510 662 546 Referendarioriim
682 536 691 551 ,
719 521 752 546 et
778 513 921 547 aliorum
962 511 1250 555 infrascriptorum
1285 535 1295 550 ,
1336 507 1388 544 vel
1417 511 1532 553 quavis
1573 510 1636 544 alia
1661 523 1759 546 causa
1785 510 1834 545 di-

343 559 520 604 spositioni
554 561 759 604 Apostolicae
787 559 988 605 generaliter
1018 567 1186 594 reservata
1213 582 1222 598 ,
1264 571 1320 593 seu
1361 569 1401 593 ex
1434 557 1578 602 generali
1608 560 1833 594 reservatione

343 606 544 652 Apostolica
584 609 698 642 afficta
720 609 843 642 fuerint
869 608 1081 648 (dummodo
1102 606 1268 651 prioratus
1291 632 1300 647 ,
1327 607 1380 642 vel
1420 606 1483 641 alia
1518 607 1660 652 dignitas
1677 607 1834 642 Conven-

340 656 466 695 tualis‚
505 656 611 690 autin
649 655 912 700 Metropolitana
947 654 1000 689 vel
1031 654 1101 690 aliis
1129 656 1390 702 Cathedralibus
1420 664 1496 697 post
1523 654 1735 690 l'ontificales
1764 668 1834 690 ma-

342 705 456 745 iores,
498 716 555 738 seu
583 703 784 750 Collegiatis
817 704 972 739 Ecclesiis
1016 706 1209 744 hujusmodi
1240 701 1437 750 principales
1457 729 1467 744 ‚
1498 716 1534 739 ac
1563 712 1834 748 compermutan-

343 753 429 787 tium
460 764 672 795 personarum
704 752 843 788 similem
872 753 1058 788 facultatem
1092 766 1157 788 non
1189 755 1382 789 habentium
1405 775 1414 789 ‚
1448 753 1607 789 beneficia
1637 753 1832 790 huiusmodi

343 800 566 842 dispositioni
612 802 818 846 Apostolicae
863 801 1063 847 generaliter
1102 812 1370 841 reservata‚seu
1412 803 1530 838 affecta
1570 814 1633 836 non
1664 801 1833 847 existant)

345 850 471 884 eisdem
494 849 738 885 Referendariis
756 874 766 890 ,
784 860 815 884 et
834 850 906 886 aliis
932 851 1149 896 infrascriptis
1166 875 1176 890 ,
1206 863 1266 897 per
1282 864 1337 887 eos
1351 877 1360 893 ‚
1392 853 1500 893 quoad
1518 851 1665 885 vixerint
1678 852 1772 888 juxta
1789 860 1834 884 te-

340 909 457 933 norem
477 898 758 941 dispensationum
776 922 786 937 ,
817 899 862 933 eis
883 911 944 944 pro
970 908 1123 944 tempore
1139 912 1369 936 concessarum
1384 926 1394 942 ,
1424 897 1454 934 in
1475 898 1636 938 titulum,
1659 898 1710 932 vel
1729 898 1838 934 Com-

340 949 502 982 mendam
532 947 672 979 tenenda
702 969 713 984 ‚
740 946 931 980 conferendi
963 971 973 986 ,
1007 957 1038 981 et
1069 949 1110 982 dc
1144 948 1208 983 illis
1239 950 1338 983 etiarn
1370 948 1596 995 providendi,
1626 946 1831 990 omniaque,

343 1003 379 1028 et
406 992 536 1036 singula
562 992 621 1025 alia
652 992 682 1026 in
711 993 909 1037 praemissis,
936 1004 968 1028 et
991 995 1078 1030 circa
1108 1008 1170 1035 ea,
1188 998 1371 1032 necessaria
1389 1024 1399 1038 ‚
1427 1009 1484 1033 seu
1502 995 1759 1040 quomodolibet
1774 1006 1833 1040 op-

343 1050 492 1087 portuna
525 1040 666 1074 faciendi
695 1065 704 1081 ‚
734 1050 765 1075 et
791 1043 1003 1088 exequendi,
1031 1045 1129 1079 etiam
1159 1045 1184 1078 si
1212 1045 1292 1080 dicti
1327 1045 1554 1082 Referendarii
1581 1043 1832 1079 Beneficiorum

341 1088 541 1128 huiusmodi
577 1090 818 1133 possessionem
860 1102 921 1136 per
944 1101 1091 1136 quatuor
1131 1105 1258 1128 menses
1291 1106 1356 1129 non
1381 1094 1622 1134 obtinuerint,
1658 1102 1715 1127 aut
1742 1089 1832 1128 illam

339 1139 488 1175 nondum
519 1137 659 1172 assecuti
678 1138 823 1180 fuerint,
854 1140 1009 1183 plenam,
1043 1151 1075 1176 et
1102 1141 1236 1177 liberam
1266 1142 1457 1179 facultatem
1492 1143 1733 1177 concedimus.

332 1199 334 1201 ·
428 1187 540 1220 xxii.
561 1187 784 1222 Decernentes
802 1189 902 1223 semel
923 1190 1104 1224 admissum
1127 1214 1137 1230 ‚
1155 1200 1187 1224 et
1203 1201 1378 1236 receptum
1397 1194 1427 1226 in
1445 1191 1722 1227 Referendarium
1740 1213 1750 1228 ,
1777 1191 1832 1224 ha-

340 1241 481 1273 ctenus,
509 1234 591 1268 etin
626 1235 777 1271 futurum
808 1248 942 1282 semper
979 1238 1253 1273 Referendarium
1288 1240 1431 1274 existere
1458 1265 1468 1280 ,
1497 1251 1534 1273 ac
1554 1241 1627 1278 eius
1654 1239 1829 1277 officium,

337 1284 448 1326 quoad
469 1282 619 1322 vixerit,
652 1285 799 1325 durare,
833 1295 865 1319 et
883 1285 1073 1330 privilegiis
1089 1286 1162 1319 aliis
1191 1287 1444 1322 Referendariis
1461 1287 1629 1322 concessis
1659 1296 1718 1329 pro
1747 1293 1831 1319 tem-

339 1341 425 1375 pore
458 1332 626 1376 gaudere‚
657 1340 689 1365 et
719 1333 896 1367 interillos
914 1333 1024 1376 primo
1062 1334 1347 1380 quandocumque
1377 1335 1559 1370 admissum
1584 1333 1735 1373 ‚caeteris
1749 1345 1829 1377 qua-

336 1391 484 1424 cumque
503 1404 513 1419 ,
540 1381 639 1415 etiam
669 1381 859 1418 pontificali
891 1381 1068 1429 dignitate
1098 1382 1319 1428 fungentibus
1338 1383 1369 1419 in
1397 1385 1509 1420 officio
1529 1380 1826 1418 Referendariatus

332 1428 532 1465 hujusmodi
560 1429 706 1472 praeferri
724 1454 733 1464 .
1169 1430 1174 1432 ”

434 1476 560 1510 xxiii.
589 1475 712 1521 Sicque
740 1489 802 1521 pro
832 1480 1081 1521 praemissorum
1116 1481 1267 1516 omnium
1296 1483 1495 1522 validitate,
1515 1481 1685 1519 efficacia,
1712 1481 1826 1515 obser-

332 1524 474 1558 vatione
493 1535 554 1567 per
578 1536 809 1571 quoscumqpe
837 1527 975 1567 judices
995 1551 1004 1567 ,
1037 1535 1070 1562 et
1101 1528 1365 1566 Commissarios
1384 1555 1394 1570 ,
1430 1531 1530 1565 etiam
1567 1539 1741 1564 causarum
1764 1529 1823 1563 Pa-

333 1570 409 1605 latii
440 1572 632 1610 huiusmodi
662 1575 846 1609 Auditores
869 1599 878 1613 ‚
911 1574 1038 1609 sublata
1065 1576 1137 1616 eis,
1164 1587 1196 1612 et
1233 1589 1348 1614 eorum
1379 1579 1550 1618 cuilibet,
1578 1575 1694 1621 quavis
1726 1575 1824 1611 aliter

334 1620 585 1659 sententiandi,
612 1620 787 1658 judicandi
819 1646 829 1660 ,
856 1622 1097 1666 interpretandi
1132 1625 1292 1659 facultate
1309 1650 1320 1666 ,
1348 1627 1538 1662 sententiari
1555 1650 1566 1665 ,
1585 1626 1732 1665 iudicari
1748 1649 1758 1665 ,
1775 1625 1823 1659 in-

335 1668 539 1713 terpretari,
570 1676 604 1702 et
633 1668 766 1703 diffiniri
797 1671 945 1710 debere,
981 1682 1039 1704 nec
1069 1683 1132 1705 non
1168 1672 1300 1708 irritum
1325 1699 1335 1715 ‚
1357 1685 1389 1710 et
1416 1676 1511 1710 inane
1540 1674 1703 1721 quicquid
1725 1675 1823 1709 desu-

332 1728 396 1771 per
430 1729 741 1773 perquoscumque
773 1718 891 1766 quavis
923 1718 1125 1757 auctoritate
1153 1720 1321 1764 scienter,
1351 1723 1406 1759 vel
1443 1725 1637 1770 ignoranter
1666 1723 1822 1769 contige-

333 1774 403 1806 rit,
432 1775 587 1802 attentari
604 1791 613 1801 .

428 1815 560 1870 XXIV.
589 1816 672 1872 Quo
694 1818 781 1854 circa
810 1820 1065 1857 venerabilibus
1091 1823 1263 1859 Fratribus
1295 1824 1415 1860 nostris
1434 1849 1444 1865 ,
1464 1824 1733 1868 Archiepiscopo
1767 1821 1822 1856 Si·-

338 1873 508 1919 pontino,
536 1874 569 1900 et
599 1866 767 1913 Episcopo
783 1869 942 1905 Nuscano
959 1895 969 1910 ,
999 1883 1035 1906 ac
1052 1872 1176 1910 dilecto
1209 1872 1279 1908 filio
1295 1874 1433 1910 Vicario
1461 1872 1667 1909 Venerabilis
1688 1870 1813 1906 Fratris

333 1921 440 1967 nost-ri
467 1915 724 1970 Archiepiscopi
754 1917 1012 1955 Mediolanensis
1038 1919 1069 1955 in
1106 1921 1342 1967 spiritualibus
1369 1922 1515 1968 generali
1545 1947 1555 1962 ‚
1586 1932 1704 1957 tenore
1734 1928 1818 1964 prx-

331 1970 475 1997 sentium
504 1965 774 2005 committimus,
803 1973 837 2000 et
867 1969 1059 2004 mandamus
1087 1995 1096 2010 ‚
1117 1981 1281 2016 quatenus
1310 1971 1403 2014 ipsi,
1431 1971 1491 2006 -vel
1522 1973 1591 2006 duo
1610 1994 1620 2010 ,
1650 1977 1706 2003 aut
1728 1976 1812 2000 unus

333 2020 453 2044 eom-m
488 2024 548 2056 per
575 2024 612 2047 se
629 2037 640 2053 ,
673 2014 727 2049 vel
744 2015 873 2056 alium,
900 2029 958 2052 seu
975 2017 1084 2059 alios,
1111 2029 1286 2064 praesentes
1313 2019 1449 2060 literas,
1485 2030 1517 2055 et
1536 2019 1568 2054 in
1584 2018 1630 2053 eis
1659 2020 1815 2050 contenta

330 2069 555 2113 quaecumque
591 2062 671 2103 ubi,
703 2073 736 2098 et
763 2065 897 2109 quando
929 2078 1014 2111 opus
1041 2068 1167 2108 fuerit,
1198 2081 1236 2104 ac
1265 2069 1398 2114 quoties
1414 2076 1597 2113 prorparte
1611 2061 1814 2099 Referenda-

329 2116 455 2142 riorum
476 2134 486 2147 ,
513 2119 547 2144 et
567 2109 711 2147 aliorum
733 2112 1025 2158 infrascriptorum
1054 2116 1291 2157 praedictorum
1322 2117 1468 2158 desuper
1491 2113 1614 2148 fuerint
1633 2110 1808 2155 requisiti,

330 2152 528 2207 solemniter
558 2160 771 2202 publicantes
798 2184 809 2199 ,
838 2161 953 2202 eisque
980 2160 1012 2192 in
1039 2161 1217 2203 praemissis
1248 2161 1388 2195 efficacis
1426 2160 1629 2196 defensionis
1659 2157 1812 2206 praesidio

330 2210 522 2237 assistentes
538 2228 547 2242 ,
576 2205 697 2239 faciant
719 2206 921 2240 auctoritate
938 2215 1048 2241 nostra
1064 2231 1074 2245 ‚
1107 2216 1282 2252 praesentes
1307 2207 1417 2244 literas
1433 2234 1444 2249 ‚
1474 2218 1508 2243 et
1526 2211 1557 2244 in
1576 2212 1621 2244 eis
1652 2215 1810 2244 contenta

331 2261 555 2296 quaecumque
585 2253 726 2287 firmiter
753 2253 926 2288 observari
956 2279 966 2294 ,
995 2267 1031 2289 ac
1058 2267 1119 2299 per
1152 2257 1409 2291 Referendarios
1441 2281 1452 2295 ‚
1480 2269 1514 2292 et
1536 2258 1616 2293 alios
1647 2255 1810 2292 infrascri-

329 2308 406 2342 ptos
422 2322 433 2338 ,
452 2310 592 2334 necnon
621 2301 769 2346 singulos
786 2302 868 2336 alios
886 2326 896 2341 ‚
913 2315 996 2347 quos
1029 2303 1108 2348 ipsae
1137 2314 1316 2348 praesentes
1332 2305 1439 2340 literae
1452 2331 1461 2345 ‚
1493 2316 1691 2342 concernunt
1710 2329 1721 2343 ‚
1741 2304 1807 2338 illis

324 2346 481 2382 omnibus
513 2349 652 2392 pacifice
680 2351 826 2394 gaudere
852 2374 862 2389 ‚
891 2362 927 2384 ac
958 2351 1085 2385 fructus
1105 2376 1114 2391 ,
1143 2353 1294 2388 redditus
1319 2378 1330 2393 ,
1361 2363 1394 2389 et
1427 2365 1607 2399 proventus
1625 2356 1712 2399 praed
1724 2354 1806 2388 ictos

328 2395 451 2430 eisdem
499 2397 746 2432 Referendariis
775 2406 808 2432 et
835 2398 907 2432 aliis
939 2398 1157 2443 infrascriptis
1187 2425 1197 2440 ‚
1228 2402 1323 2440 juxta
1349 2404 1542 2442 huiusmodi
1576 2413 1696 2438 nostrae
1729 2411 1808 2436 c0n⁴

327 2443 485 2479 cessionis
513 2445 556 2478 de
574 2445 640 2480 illis
657 2445 688 2479 in
713 2445 863 2481 absentia
892 2447 1112 2492 percipiendis
1129 2472 1140 2488 ,
1167 2449 1406 2486 continentiam
1423 2476 1434 2492 ‚
1468 2461 1502 2487 et
1519 2462 1670 2487 tenorem
1688 2475 1699 2491 ,
1723 2450 1805 2484 inte-

325 2503 382 2536 gre
404 2493 580 2528 ministrari
601 2518 611 2528 .
629 2495 704 2529 Non
721 2495 953 2538 permittentes
974 2508 1031 2530 eos
1049 2507 1109 2539 per
1134 2498 1423 2544 Archiepiscopos
1438 2525 1448 2540 ‚
1475 2502 1663 2546 Episcopos
1679 2524 1689 2540 ‚
1714 2499 1804 2532 Prae·

324 2541 410 2575 iatos
426 2564 437 2582 ‚
463 2541 688 2583 ordinarios,
718 2543 874 2580 vicarios
902 2567 913 2583 ,
943 2543 1144 2586 Officiales,
1175 2547 1416 2584 Locatenentes
1432 2573 1442 2589 ‚
1474 2545 1608 2591 ludices
1624 2574 1636 2589 ,
1659 2558 1693 2582 et
1723 2557 1803 2580 exa·

1693 2602 1802 2630 ctores
