1952 3167
353 357 428 392 qua:
458 345 697 381 unicatantum
715 347 1018 389 parteinformante
1047 357 1283 392 proponuntur
1311 372 1320 381 .
1349 347 1476 381 Addito
1513 346 1670 392 insuper,
1699 355 1738 382 ut
1764 349 1836 394 qui-

354 393 436 430 libet
463 395 592 429 Ponens
626 395 655 429 in
670 396 905 430 subscribenda
934 396 1162 439 propositione
1177 407 1282 430 causa:
1310 395 1519 430 teneaturibi
1536 396 1737 436 enunciare,
1767 409 1834 443 quo

352 443 453 483 loco,
481 456 520 478 an
549 444 683 488 primo,
716 447 882 484 secundm
914 445 1039 483 tertio,
1075 445 1127 478 vel
1159 454 1276 488 quarto
1304 444 1405 482 loco,
1442 445 1543 477 modo
1570 456 1639 487 quo
1665 456 1762 489 supra
1795 445 1834 479 il—

351 491 414 526 lam
443 502 634 536 proponet.
660 495 897 527 Procuratores
919 501 1029 525 autem
1058 501 1194 525 caveant
1223 491 1314 524 adire
1347 493 1513 524 Ponentes
1544 492 1726 535 impeditos
1759 493 1832 528 aliis

349 541 660 575 Commissionibus
691 544 752 575 sub
779 552 837 585 spe
854 539 1016 573 facuitatis
1036 540 1257 582 proponendae
1272 546 1365 572 extra
1391 549 1567 572 numerum
1586 563 1595 578 ‚
1624 540 1701 584 quia
1728 541 1757 575 in
1779 554 1840 586 po-

346 597 471 624 sterum
491 601 554 623 non
571 589 635 623 erit
651 589 779 623 licitum
798 598 985 632 proponere
1002 587 1088 620 ultra
1104 586 1229 620 dictum
1250 597 1427 621 numerum
1444 611 1453 626 ,
1484 595 1518 620 ut
1535 599 1634 632 supra
1649 589 1837 631 praefixum,

348 637 425 672 alias
451 649 556 672 causa:
571 637 769 671 excedentes
798 636 927 669 dictum
953 646 1131 669 numerum
1161 647 1225 668 non
1256 644 1488 679 proponentur
1515 660 1524 675 ,
1553 645 1586 670 et
1615 637 1834 678 Procurator,

349 687 520 730 qui-extra
549 696 725 720 numerum
758 683 969 725 obtinuerit,
995 683 1333 729 propositionemque
1352 683 1582 725 intimaverit,
1604 687 1643 720 ad
1677 685 1836 721 refectio-

349 745 424 768 nem
444 745 661 780 expensarum
684 734 797 767 favore
824 731 958 766 alterius
985 731 1084 776 partis
1107 732 1277 765 tenebitur
1297 756 1306 765 .

398 783 457 816 IX.
511 782 741 817 Intimationes
772 780 1040 825 propositionum
1071 791 1242 815 causarum
1263 789 1328 815 tam
1356 789 1508 826 tempore
1526 782 1697 827 hyemali,
1735 796 1832 829 quam

348 830 465 866 aestivo
493 832 570 866 fiant
600 831 654 864 die
670 831 758 865 Iovis
777 839 851 864 ante
870 829 1076 874 Signaturam
1098 853 1107 869 ,
1130 838 1161 863 et
1188 828 1436 864 informationes
1464 831 1707 866 distribuantur
1728 833 1839 867 omni-

346 891 392 914 no
418 879 472 913 die
507 879 638 914 Sabathi
678 889 741 913 tam
779 878 860 911 DD.
889 878 1091 912 Votantibus
1116 902 1126 918 ‚
1159 878 1257 912 etiam
1287 889 1350 911 non
1378 877 1672 914 intervenientibus
1691 904 1700 918 ‚
1728 893 1829 926 quam

346 928 396 961 D,
413 936 525 961 nostro
550 927 707 960 Auditori
739 938 802 959 una
828 937 903 959 cum
934 926 1119 970 Proponam
1147 924 1362 971 originalibus
1383 939 1398 959 a
1427 927 1509 960 DD.
1526 927 1733 962 Ponentibus
1759 931 1835 964 sub-

346 975 501 1019 scriptis3
526 975 757 1019 responsiones
785 985 868 1007 vero
896 972 1136 1009 distribuantur
1162 973 1300 1009 omnino
1327 974 1482 1010 omnibus
1511 1000 1521 1016 ‚
1551 985 1589 1011 ut
1620 988 1742 1022 supra,
1779 977 1834 1012 die

345 1023 464 1057 Martis
481 1048 490 1057 .

394 1073 436 1107 X.
489 1072 662 1113 Ulterius,
692 1082 728 1108 ut
744 1082 832 1108 certa
868 1074 1088 1119 inposterum
1121 1075 1287 1109 habeatur
1320 1075 1460 1110 scientia
1492 1074 1628 1111 illorum
1647 1099 1657 1115 ,
1686 1075 1742 1121 qui
1759 1077 1831 1111 for-

333 1134 399 1156 ean
435 1123 526 1167 quod
555 1133 618 1156 non
641 1123 807 1157 credimus
834 1135 850 1157 a
869 1123 1118 1163 moderamine,
1151 1133 1183 1157 et
1199 1126 1370 1158 honestate
1396 1124 1590 1165 scribendi,
1621 1124 1674 1158 vel
1701 1137 1719 1159 a
1738 1125 1834 1159 Sum-

345 1169 532 1205 mariorum
562 1171 726 1216 legalitate
755 1172 914 1206 deficiunt
944 1195 954 1210 ,
991 1171 1148 1207 volumus
1177 1196 1185 1210 ,
1227 1180 1261 1205 et
1295 1173 1512 1211 mandamus,
1554 1173 1645 1218 quod
1674 1172 1834 1217 quaelibet

343 1219 451 1263 copix
482 1219 750 1262 scripturarum,
781 1231 852 1265 quae
867 1220 986 1259 nobis,
1013 1219 1066 1254 vel
1092 1222 1138 1254 D.
1155 1221 1311 1254 Auditori
1345 1229 1462 1254 nostro
1493 1221 1741 1256 distribuuntur
1764 1221 1831 1254 sint

345 1268 487 1311 proprio
517 1270 709 1302 charactere
735 1270 993 1303 Procuratorum
1012 1269 1042 1302 in
1058 1269 1164 1303 causis
1184 1269 1452 1311 comparentium
1477 1271 1695 1313 subscriptae,
1722 1267 1775 1302 vel
1792 1269 1833 1302 ab

347 1327 464 1351 eorum
501 1316 601 1350 studii
629 1317 902 1352 sollicitatoribus
917 1318 958 1351 de
976 1319 1153 1357 mandato,
1183 1328 1243 1359 pro
1257 1317 1378 1362 quibus
1403 1325 1511 1351 tamen
1531 1317 1561 1350 in
1583 1318 1714 1352 casibus
1730 1327 1832 1360 supru

349 1364 515 1408 expressis
543 1364 676 1409 ipsimet
704 1367 944 1400 Procuratores
978 1375 1153 1400 teneantur
1172 1366 1233 1399 sub
1264 1377 1359 1408 poena
1382 1375 1554 1399 scutorum
1587 1375 1734 1410 quatuor
1760 1376 1832 1398 mo-

346 1422 430 1448 netae
459 1425 519 1456 pro
550 1414 701 1458 qualibet
729 1415 804 1449 vice
833 1413 1027 1458 applicanda
1054 1413 1323 1459 Congregationi
1352 1414 1382 1447 S.
1400 1414 1536 1452 lvonis,
1571 1413 1710 1457 aliisque
1725 1412 1830 1458 poenis

349 1461 490 1495 arbitrio
518 1471 634 1495 nostro
661 1463 858 1496 reservatis:
889 1463 961 1495 etsi
990 1466 1058 1496 haec
1073 1462 1184 1495 omnia
1210 1464 1449 1496 Procuratores
1477 1473 1540 1496 non
1558 1461 1828 1504 adimpleverint,

345 1520 452 1543 causae
469 1510 632 1553 praedictae
651 1522 716 1544 non
733 1519 985 1554 proponentur,
1017 1519 1048 1543 et
1075 1509 1291 1549 nihilominus
1317 1509 1608 1545 controvenientes
1637 1517 1732 1543 scuta
1750 1521 1831 1554 qua-

350 1566 429 1591 tuor
458 1568 517 1601 pro
543 1559 693 1601 expensis
726 1560 859 1592 reficere
889 1559 1112 1603 tenebuntur.

392 1606 452 1640 Xl.
505 1606 544 1639 In
569 1607 698 1645 causis,
732 1606 762 1640 in
791 1605 910 1649 quibus
923 1605 1074 1649 pxpirata
1088 1607 1149 1641 fuit
1164 1607 1435 1650 supersessoria,
1462 1618 1520 1641 seu
1548 1608 1618 1646 ejus
1635 1606 1830 1653 prorogatio

346 1665 505 1691 concessa
521 1665 536 1688 a
557 1654 652 1688 nobis
666 1679 675 1694 ‚
692 1653 744 1688 vel
761 1667 777 1689 a
793 1654 839 1688 D.
859 1663 973 1688 nostro
994 1654 1161 1688 Auditore
1178 1679 1187 1693 ,
1208 1664 1264 1688 aut
1284 1655 1383 1689 etiam
1400 1657 1559 1701 denegata
1575 1679 1584 1694 ‚
1603 1655 1828 1690 intimationes

342 1714 405 1748 pro
437 1704 590 1737 adeunda
617 1704 793 1749 Signatum
819 1714 884 1737 non
915 1702 1104 1742 inhibeant,
1132 1714 1241 1748 neque
1269 1713 1404 1738 causent
1432 1712 1616 1743 attentata,
1645 1704 1705 1738 nisi
1736 1717 1753 1738 a
1773 1704 1828 1737 die

341 1752 436 1787 Iovis
460 1762 535 1786 ante
563 1751 772 1796 Signaturam
805 1751 988 1786 faciendam
1017 1761 1093 1796 post
1119 1761 1196 1786 octo
1222 1752 1290 1786 dies
1305 1754 1541 1796 subsequentes
1558 1777 1568 1791 ,
1597 1752 1726 1787 etiamsi
1747 1763 1829 1797 prae-

343 1801 442 1836 dictae
471 1800 697 1835 intimationes
717 1810 891 1845 exequutae
906 1800 1036 1835 fueriut
1062 1800 1161 1846 longe
1190 1809 1264 1834 ante
1291 1800 1413 1835 dictam
1443 1801 1530 1837 diem
1549 1801 1663 1836 Iovis:
1690 1801 1715 1835 si
1743 1811 1826 1835 vero

341 1850 545 1895 subsequens
571 1849 749 1896 Signatura
773 1850 829 1884 fiet
859 1859 934 1894 post
967 1848 1161 1895 quindecim
1180 1850 1272 1889 dies,
1299 1859 1356 1884 aut
1385 1850 1474 1884 aliud
1507 1850 1639 1899 longius
1668 1859 1826 1894 tempus,

341 1897 533 1933 nullatenus
568 1899 762 1939 inhibeant,
791 1908 823 1933 et
848 1897 973 1943 possint
1004 1898 1140 1942 impune
1174 1898 1285 1943 sperni
1315 1900 1440 1943 absque
1470 1899 1603 1934 incursu
1644 1906 1825 1934 attentato-

341 1960 416 1982 rum
439 1972 449 1987 ,
479 1947 538 1982 nisi
571 1959 743 1983 recurrens
772 1947 1014 1982 intimationem
1043 1957 1105 1991 pro
1139 1947 1287 1981 adeunda
1315 1947 1490 1991 Signatura
1520 1947 1641 1993 exequi
1669 1947 1770 1982 faciat
1785 1945 1816 1978 in

339 1996 397 2032 illa
426 1998 479 2030 die
510 1997 601 2030 Iovis
633 2006 786 2036 tantum,
820 2007 892 2041 qux
922 1996 1085 2040 praecedat
1117 1996 1310 2030 immediate
1338 1996 1531 2040 praedictam
1555 1991 1819 2040 'subsequentem

339 2045 577 2092 Signaturam3
604 2056 677 2091 qux
702 2045 870 2080 intimatio
898 2044 929 2079 in
960 2054 1104 2092 utroque
1135 2056 1215 2080 casu
1240 2055 1301 2091 pro
1331 2046 1430 2079 unica
1466 2054 1596 2082 tantum
1639 2044 1711 2081 vice
1753 2039 1822 2075 suf-

336 2093 486 2136 fragetur
513 2120 523 2129 .

385 2142 464 2176 XII.
516 2145 808 2189 Interpellationes
825 2157 907 2180 vero
933 2154 998 2179 tam
1017 2156 1119 2188 super
1151 2155 1214 2177 non
1240 2143 1473 2188 propositione
1503 2141 1821 2177 Commissionum‚

337 2201 435 2234 quam
466 2202 569 2234 super
602 2194 786 2226 mutatione
813 2193 1014 2225 Ponentium
1050 2215 1060 2230 ,
1090 2190 1186 2225 etiam
1220 2199 1372 2236 tempore
1413 2191 1573 2225 feriarum
1615 2187 1822 2240 generalium

337 2237 407 2272 fieri
439 2239 582 2272 debeant
616 2238 722 2282 pridie
757 2251 855 2283 quam
891 2239 1115 2276 informetur,
1149 2238 1278 2273 scilicet
1308 2251 1369 2283 per
1403 2248 1507 2273 totam
1541 2238 1632 2273 diem
1663 2238 1820 2274 Sabaon,

338 2294 370 2318 et
398 2285 492 2320 factae
525 2296 600 2330 post
629 2287 756 2321 dictum
787 2297 918 2331 tempus
945 2299 1009 2320 non
1050 2287 1302 2332 suffragentur,
1331 2298 1362 2320 et
1382 2287 1517 2332 insuper
1541 2286 1820 2331 partiinforman-

338 2333 364 2368 ti
393 2343 547 2368 teneatur
578 2335 835 2369 controveniens
858 2336 992 2369 reficere
1010 2344 1103 2369 scuta
1127 2344 1272 2380 quatuor
1301 2346 1362 2380 pro
1389 2337 1541 2380 expensis
1568 2361 1577 2369 .

388 2383 484 2417 XIII.
538 2384 573 2417 In
602 2383 708 2417 causis
735 2392 874 2422 autem,
900 2382 931 2417 in
961 2384 1081 2428 quibus
1113 2395 1172 2428 per
1198 2395 1256 2418 nos
1274 2407 1284 2423 ‚
1311 2383 1365 2418 vel
1393 2385 1520 2418 dictum
1542 2385 1587 2418 D.
1616 2383 1818 2418 Auditorem

337 2440 489 2466 nostrum
527 2432 727 2466 conceditur
753 2431 885 2466 licentia
917 2432 1076 2466 redeundi
1107 2432 1147 2466 ad
1175 2431 1305 2477 plenam
1348 2432 1558 2476 signaturam
1603 2432 1692 2466 facto
1720 2429 1820 2465 solito

337 2480 520 2524 deposito,
550 2481 710 2515 volumus
728 2505 738 2520 ‚
773 2483 863 2525 quod
894 2480 984 2514 dicta
1013 2480 1164 2525 deposita
1184 2481 1321 2515 omnino
1337 2480 1415 2516 fiant
1441 2493 1502 2527 per
1538 2489 1642 2516 totam
1659 2480 1749 2514 diem
1764 2477 1820 2509 10·

336 2530 412 2569 vis,
449 2531 698 2567 antecedentem
736 2528 996 2575 repropositioni
1026 2540 1129 2565 causae
1150 2552 1160 2562 .
1608 2575 1688 2611 XIV
1716 2573 1748 2608 C

291 2580 293 2582 '
1691 2598 1701 2609 .
1751 2584 1820 2607 om-
