1993 3195
681 277 718 316 C
754 275 794 315 Α
830 279 855 316 P
889 278 928 316 U
960 278 997 317 T
1058 280 1114 320 V,
1569 286 1647 341 267

185 341 358 386 indecisa
378 336 612 380 devolvatur
632 334 684 376 ad
700 333 881 382 judicem
902 334 954 375 ad
969 350 1089 390 quem
1106 353 1198 378 cum
1216 337 1390 379 clausula
1411 369 1422 387 ,
1440 342 1653 396 sineprae-

161 400 361 460 judiciot,
391 410 494 454 quae
525 396 642 443 licet,
674 406 719 435 ut
741 393 946 443 diximus,
981 395 1029 436 sit
1046 396 1344 453 praeservativa
1363 396 1531 449 judicati
1551 430 1563 447 ,
1598 415 1654 442 at-

188 474 320 504 tamen
355 455 527 501 devolvit
561 454 761 510 integrum
813 453 1020 511 negotium
1054 454 1273 513 principale
1309 456 1361 497 ad
1394 457 1579 510 Judicem
1606 459 1657 501 ad

189 533 311 575 quem
331 549 341 560 .

309 579 358 620 Et
376 576 417 617 in
436 572 808 632 Commissionibus
828 602 840 621 ,
857 575 900 613 in
920 573 1136 630 Signatura
1154 572 1370 633 propositis
1385 575 1439 617 ad
1465 573 1651 619 effectum

190 636 434 696 impediendi
469 632 782 690 exequutionem
798 632 978 674 mandati
997 633 1043 673 de
1062 634 1365 684 subhastando,
1401 636 1656 693 Rescriptum

192 697 372 750 ejusdem
391 695 625 751 Signaturae
644 723 656 741 ‚
670 693 750 734 sine
767 691 1024 749 praejudicio,
1044 693 1259 750 bonificazis
1274 694 1548 744 solutionibus,
1569 712 1652 738 non

192 755 360 813 impedit
391 767 619 811 processum
646 753 699 792 ad
733 752 924 793 ulteriora
958 751 1000 791 in
1032 753 1307 808 exequutione
1347 754 1527 797 mandati
1559 785 1572 803 ,
1618 769 1656 799 et

190 815 523 862 subhastatione‚
559 811 633 853 nisi
667 810 825 853 debitor
856 811 991 853 redeat
1020 811 1073 851 ad
1093 812 1275 859 judicem
1302 828 1323 854 a
1343 829 1454 869 quo,
1480 826 1518 856 et
1536 828 1657 870 petat,

192 875 452 930 obtineatque
485 872 558 915 sibi
579 870 786 914 bonificari
819 870 978 911 easdem
1009 870 1226 914 solutiones
1251 889 1263 922 3
1298 887 1419 929 prout
1446 873 1656 917 definitum

194 932 272 976 fuit
311 933 352 973 in
370 931 619 974 Praenestina
650 928 1026 985 circumscriptionis
1059 942 1125 983 14.
1143 929 1339 982 februarii
1362 931 1492 987 1788.

317 992 499 1047 Quando
533 1004 629 1034 vero
646 988 777 1036 judex
794 1004 816 1029 a
833 1003 916 1044 quo
931 1001 1151 1044 gravamen
1184 989 1318 1032 intulit
1336 1018 1350 1038 ‚
1376 999 1482 1033 ‘tunc
1501 989 1656 1033 ratione

193 1049 300 1092 illius
318 1052 519 1109 proposita
538 1064 659 1092 causa
679 1048 721 1088 in
735 1049 952 1106 'Signatura
973 1076 985 1094 ,
1002 1059 1039 1088 et
1058 1048 1177 1090 docto
1194 1050 1242 1090 de
1257 1050 1516 1104 gravamine,
1532 1049 1663 1091 Com-

193 1111 328 1150 missio
362 1109 641 1165 appellationis
669 1108 850 1162 signatur
881 1108 959 1146 sub
979 1105 1106 1147 tribus
1122 1108 1251 1148 modis
1267 1106 1382 1159 juxta
1399 1121 1547 1150 statum
1563 1123 1664 1150 cau-

194 1182 259 1209 sae
276 1198 290 1216 ‚
320 1167 368 1207 de
389 1183 468 1222 qua
487 1166 617 1222 agitur
636 1194 648 1213 ‚
677 1165 738 1205 vel
757 1164 805 1203 de
821 1163 1078 1220 appellatione
1095 1193 1109 1210 ‚
1136 1166 1196 1206 vel
1222 1165 1256 1206 si
1270 1165 1365 1222 quid
1378 1167 1660 1223 exequendum,

195 1225 277 1269 sive
310 1225 424 1267 alteri
441 1257 452 1274 ,
487 1224 553 1281 qui
571 1224 625 1263 ad
639 1222 852 1279 legitimam
873 1222 971 1278 (1);
1007 1235 1048 1264 et
1058 1223 1274 1279 Signatura
1300 1225 1555 1268 rescribendo
1570 1227 1662 1269 sim-

196 1284 373 1341 pliciter,
402 1282 562 1339 intelligi
581 1283 696 1322 debet
730 1282 782 1321 ad
801 1295 1020 1336 utrumque
1050 1280 1232 1325 effectum
1249 1315 1261 1332 ‚
1288 1284 1570 1342 suspensivum
1586 1287 1663 1328 sci-

197 1344 316 1390 licet,
358 1354 396 1383 et
439 1341 743 1387 devolutivum,
777 1355 822 1382 ut
845 1340 923 1382 fuit
948 1340 1041 1381 alias
1073 1343 1292 1384 resolutum
1343 1344 1385 1383 in
1419 1343 1662 1387 Urlvevetana

196 1402 385 1443 bonorum
410 1399 674 1454 26.janta‘1rii
695 1399 820 1451 1624.
850 1399 925 1454 (2)
944 1429 952 1437 .
991 1395 1052 1440 At
1071 1403 1280 1452 quomodo
1300 1402 1536 1456 hujusmodi
1556 1403 1661 1444 clau-

196 1462 292 1502 sulis
322 1474 459 1503 utatur
475 1460 713 1515 signaturae
750 1456 978 1505 Tribunal,
1011 1472 1124 1499 nunc
1160 1455 1372 1502 videamus
1405 1473 1591 1517 oportet;
1624 1475 1664 1505 et

198 1522 374 1577 primum
407 1534 500 1562 curn
527 1518 705 1559 clausula
721 1518 767 1557 cle
785 1516 1038 1575 appellatione
1057 1545 1070 1564 ‚
1101 1517 1162 1560 vel
1179 1519 1290 1561 alteri
1320 1516 1368 1559 de
1401 1521 1664 1577 appellatione

197 1579 413 1635 Signatura
449 1577 625 1619 rescribit
658 1578 776 1619 etiam
805 1576 952 1632 quoad
982 1574 1202 1621 sententias
1233 1608 1249 1628 ,
1291 1578 1542 1635 potissimum
1577 1594 1665 1635 pro-

197 1635 296 1680 latas
313 1639 354 1679 in
373 1637 524 1695 judicio
543 1637 749 1678 ordinario
770 1666 781 1685 ,
811 1649 848 1677 et
865 1637 1051 1691 petitorio
1067 1667 1081 1686 ‚
1111 1650 1149 1678 et
1168 1638 1337 1694 quando
1354 1651 1475 1678 cessat
1491 1637 1554 1681 via
1574 1651 1667 1680 exe-

199 1700 369 1751 quutiva
397 1713 444 1739 ex
463 1710 579 1753 pacto
601 1728 614 1745 ‚
650 1697 729 1753 lege
746 1728 759 1746 ,
791 1695 851 1738 vel
877 1708 1027 1738 statuto
1043 1727 1056 1744 ‚
1098 1710 1136 1738 et
1155 1696 1377 1755 saepissime
1413 1696 1455 1736 in
1476 1695 1667 1739 omnibus

198 1756 434 1803 sententiis,
476 1756 508 1795 si
543 1755 811 1796 Adversarius
843 1769 927 1794 non
964 1756 1138 1799 doceat,
1169 1771 1333 1798 causam
1359 1769 1442 1795 non
1478 1770 1558 1797 esse
1593 1770 1668 1812 ap-

199 1814 447 1870 pellabilem3
484 1826 617 1866 quum
640 1825 713 1866 pro
739 1811 826 1866 jure
847 1825 956 1852 certo
993 1813 1215 1862 habeatur,
1248 1813 1554 1870 appellationem
1587 1828 1668 1856 esse

200 1873 247 1913 de
268 1889 408 1929 genere
425 1871 736 1929 permissorum,
769 1868 864 1912 etin
883 1870 1013 1911 causis
1033 1871 1204 1912 omnino
1234 1873 1526 1914 admittendam
1542 1905 1555 1922 ,
1596 1873 1672 1914 nisi

199 1945 455 1988 proponatur
487 1928 700 1987 peculiaris
733 1929 834 1971 tatio
862 1956 878 1978 ³
924 1928 1004 1972 sive
1036 1928 1219 1972 limitatio
1245 1958 1263 1981 Β
1308 1946 1383 1974 cur
1414 1945 1500 1972 non
1526 1933 1675 1975 debeat

201 1991 359 2032 admitti
377 1991 452 2047 (3)
472 2021 480 2029 .
1212 2044 1215 2047 Ι
1614 2045 1619 2048 .

322 2050 420 2106 Qua
440 2050 604 2107 quidem
621 2046 798 2089 clausula
817 2047 916 2089 dum
935 2047 1150 2104 Signatura
1170 2050 1298 2092 utitur
1317 2079 1330 2098 ,
1349 2065 1513 2094 causam
1543 2051 1671 2093 decla-

204 2123 264 2151 rat
298 2124 427 2166 usque
459 2110 510 2152 ab
544 2108 659 2149 initio
690 2106 988 2162 appellabilemr,
1024 2106 1127 2149 itaut
1157 2107 1393 2160 hujusmodi
1422 2111 1673 2167 Rescriptum

206 2170 494 2212 retrotrahitur
514 2170 565 2210 ad
585 2168 688 2209 diem
710 2164 884 2223 evulgati
903 2165 1081 2215 decreti,
1107 2166 1187 2210 sive
1216 2168 1392 2225 prolatae
1422 2170 1642 2212 sententiae
1657 2200 1672 2219 ,

210 2240 246 2270 et
265 2231 399 2270 omnia
432 2229 564 2272 ,nedio
597 2240 770 2280 tempore
804 2239 908 2281 gesta
938 2239 1148 2268 remanent
1176 2240 1401 2276 attentata,
1431 2227 1544 2285 juxta
1581 2244 1673 2285 pra·-

210 2286 294 2329 xim
319 2289 525 2347 Cappuccit·
555 2285 654 2343 (4);
686 2298 790 2338 quae
826 2284 965 2341 opinio
998 2285 1238 2329 inconcussa
1275 2301 1331 2330 est
1366 2288 1408 2329 in
1440 2290 1538 2330 Rota
1560 2286 1634 2352 (5)
1656 2316 1680 2327 ,ψ

1158 2344 1223 2384 Ll
1257 2356 1282 2386 2
1595 2347 1674 2387 Ea·

258 2465 310 2497 (1v
338 2457 488 2501 Ridolph.
509 2470 543 2501 p.
563 2470 592 2491 2.
615 2469 682 2503 cap·
707 2468 757 2501 13.
775 2469 807 2490 n.
824 2467 901 2497 490·
1016 2458 1071 2496 (4³
1098 2457 1184 2487 Tom.
1209 2465 1239 2485 ι.
1261 2441 1336 2498 pag.
1352 2466 1381 2498 3.
1405 2467 1473 2499 cap.
1486 2467 1517 2497 4.
1539 2464 1598 2488 art.
1619 2459 1673 2495 ¹4·

257 2505 312 2543 (2)
337 2506 443 2536 Coram
462 2507 635 2538 Dunozetto
654 2526 662 2535 .
970 2512 1057 2534 num.
1073 2511 1148 2542 333·
1382 2542 1385 2544 μ

260 2552 313 2590 (3)
340 2551 493 2582 Constant.
509 2550 551 2584 ad
569 2551 648 2584 Stat.
665 2547 742 2584 vrb.
768 2548 853 2582 Ann.
871 2556 923 2589 52.
1014 2547 1069 2586 (5)
1096 2548 1204 2579 eoram
1236 2548 1363 2578 Durano
1381 2549 1482 2580 Decis.
1506 2557 1556 2591 ¹3·
1578 2557 1608 2580 n.
1626 2555 1677 2579 η.

215 2601 287 2629 sect.
303 2605 332 2634 ς.
354 2604 459 2628 art.1.
971 2602 1000 2628 et
1014 2603 1115 2627 coram
1128 2591 1231 2635 Ptiolo
1248 2592 1343 2626 decis.
1367 2602 1422 2634 5²·
1447 2605 1482 2628 n.
1501 2595 1530 2626 6.
