1952 3167
317 312 364 347 ²4
671 291 732 327 DE
759 287 872 333 JURE
900 284 1187 324 SIGNA'TURAE
1213 283 1426 326 JUSTITIAE

314 345 456 384 validari
479 369 490 385 ‚
535 344 566 378 in
594 344 856 378 controversiam
885 347 1072 376 revocare,
1104 336 1144 370 ad
1174 333 1331 369 terminos
1372 333 1458 372 juris
1485 333 1623 375 reduci,
1661 341 1719 370 aut
1741 334 1798 370 ad-v

313 407 430 433 versus
461 393 530 428 illas
559 390 753 436 aperitionis
769 389 863 428 oris,
900 384 1127 422 restitutionis
1156 383 1186 417 in
1205 382 1398 429 integrum,
1430 383 1483 417 vel
1512 381 1602 418 aliud
1614 386 1801 430 quodcum-

313 457 378 493 que
405 443 510 484 juris,
545 441 655 480 facti,
686 438 739 474 vel
766 436 888 484 gratia:
913 433 1101 469 remedium
1136 432 1332 476 impetrari,
1358 440 1416 466 aut
1441 432 1541 466 etiam
1574 442 1666 468 motu
1694 431 1798 468 simili

315 504 478 530 concesso
498 490 691 535 cuempiam
711 486 888 526 injudicio
905 508 914 523 ‚
943 482 997 518 vel
1014 492 1107 516 extra
1138 479 1218 513 illud
1233 478 1312 518 uti,
1343 491 1400 512 seu
1414 490 1450 513 se
1463 482 1578 518 juvare
1594 491 1690 524 posse
1705 507 1714 522 ,
1745 492 1799 517 ne-

307 554 373 588 que
397 542 527 576 easdem
557 547 736 585 praesentes
761 536 822 570 sub
844 531 1014 578 quibusvis
1042 527 1200 562 similium
1218 549 1228 566 ‚
1258 525 1312 560 vel
1333 525 1547 561 dissimilium
1575 529 1753 573 gratiarum
1786 553 1798 570 ,

309 600 342 626 et
362 591 574 626 voluntatum
609 582 879 620 revocationibus
905 604 916 619 ‚
954 575 1226 622 suspensionibus
1249 598 1260 614 ‚
1293 582 1327 608 et
1354 573 1424 609 aliis
1452 576 1624 610 contrariis
1657 577 1800 624 disposi-

310 640 457 675 tionibus
489 634 753 681 comprehendi,
792 638 847 665 aut
871 626 1126 672 comprehensas
1153 622 1306 661 censeri,
1335 623 1393 658 sed
1409 625 1448 659 ab
1481 623 1546 660 illis
1573 636 1709 670 semper
1741 637 1800 662 ex.

310 698 450 734 ceptas‚
479 698 512 721 et
530 683 662 731 quoties
691 681 754 715 511ae
779 678 1002 715 manabunt,
1047 673 1144 708 toties
1173 672 1204 706 in
1224 671 1401 717 pristinum
1429 697 1439 714 ,
1485 681 1519 708 et
1549 674 1799 710 validissimum

309 746 432 772 statum
465 735 654 771 restitutas,
689 728 876 775 repositas,
905 734 937 760 et
954 723 1102 769 plenarie
1128 722 1366 767 reintegratus,
1393 733 1431 758 ac
1464 722 1562 758 etiam
1591 724 1654 758 sub
1689 731 1801 769 poste-

310 785 393 821 riori
420 787 493 822 data
520 793 579 829 per
600 791 681 819 eos,
725 779 766 813 ad
793 787 877 823 quos
910 784 971 819 pro
995 781 1147 816 tempore
1188 769 1353 815 spectabit
1380 795 1390 811 ,
1443 771 1630 818 respective
1672 772 1802 818 eligen-

308 835 351 869 da
368 860 378 875 ‚
410 835 451 868 de
469 844 558 868 novo
589 839 784 866 concessaS,
816 827 993 868 firmasque
1020 820 1169 859 validas,
1199 828 1231 853 et
1249 819 1397 854 efficaces
1422 829 1587 865 perpetuo
1619 820 1762 856 existere
1787 844 1799 861 ,

310 883 431 919 etfore
452 905 462 920 ,
495 890 640 924 suosque
668 875 858 922 plenarios,
891 881 923 907 et
948 873 1096 915 integros
1126 867 1263 904 effectus
1291 868 1427 908 sortiri,
1455 876 1487 902 et
1513 868 1667 904 obtinere
1699 893 1709 909 ‚
1738 869 1802 904 sic-

309 943 377 977 que
394 955 405 971 ,
433 939 466 964 et
481 941 544 963 non
563 927 658 961 aliter
686 925 721 957 in*
733 921 908 967 praernissis
941 931 1001 964 per
1014 928 1244 963 quoscumque
1273 916 1408 958 Judices
1421 916 1622 952 Ordinatios
1640 940 1652 957 ,
1681 927 1715 953 et
1733 917 1803 952 De-

308 979 463 1023 legatos‚
489 976 588 1010 etiam
620 973 655 1006 S.
673 967 1004 1005 R.E.Cardinales,
1033 965 1133 1000 etiam
1149 967 1190 1000 de
1223 965 1326 999 latere
1357 967 1499 1012 Legatos
1528 989 1539 1006 ,
1568 974 1600 999 et
1615 965 1695 1000 alios
1723 977 1802 1010 qua.

310 1025 394 1061 libet
422 1021 621 1058 auctoritate
645 1043 655 1059 ,
682 1027 715 1054 et
741 1023 907 1063 potestate
935 1015 1137 1060 fungentes,
1165 1022 1198 1047 et
1218 1012 1417 1055 functuros,
1445 1014 1575 1051 sublata
1600 1013 1673 1054 eis,
1697 1022 1732 1048 et
1749 1024 1805 1048 eo-

310 1085 384 1109 rum
415 1072 556 1108 cuilibet
579 1068 704 1115 quavis
732 1067 828 1102 aliter
852 1063 1048 1106 iudicandi,
1075 1071 1108 1097 et
1137 1063 1377 1109 interpretandi
1420 1063 1601 1103 facultate,
1634 1071 1667 1097 et
1688 1071 1804 1098 aucto-

310 1123 408 1158 ritate
433 1119 577 1161 iudicari
594 1143 605 1158 ,
634 1127 666 1152 et
688 1115 816 1152 definiri
846 1114 994 1152 debere,
1035 1123 1072 1147 ac
1088 1110 1245 1152 irritum,
1279 1122 1311 1146 et
1329 1111 1423 1147 inane
1451 1113 1477 1148 si
1495 1123 1593 1147 secus
1619 1122 1722 1156 super
1751 1111 1804 1147 his

311 1182 513 1217 aquoquam
532 1193 543 1210 ,
572 1166 688 1213 quavis
714 1164 912 1200 auctoritate
949 1162 1097 1196 scienter
1125 1186 1136 1201 ‚
1178 1159 1230 1197 vel
1261 1161 1458 1206 ignoranter
1483 1160 1665 1206 contigerit
1695 1168 1804 1195 atten-

309 1220 396 1255 tari.
423 1219 503 1254 Non
531 1213 741 1252 obstantibus
767 1211 948 1250 omnibus,
982 1208 1168 1255 etsingulis
1193 1233 1204 1249 ,
1234 1219 1308 1254 qua:
1334 1209 1366 1243 in
1383 1209 1540 1255 praedicta
1565 1209 1698 1244 cedula
1732 1219 1802 1244 mo.

310 1276 365 1303 tus
389 1266 520 1313 proprii
538 1263 707 1299 voluimus
735 1273 801 1296 non
825 1262 982 1297 obstare,
1014 1257 1212 1302 caeterisque
1229 1257 1406 1293 contrariis
1438 1258 1739 1302 quibuscumque.

409 1315 539 1350 Datum
571 1313 689 1347 Romae
719 1310 808 1353 apud
832 1309 987 1342 Sanctam
1016 1306 1157 1340 Mariam
1185 1305 1350 1343 Maiorem
1370 1307 1432 1341 sub
1474 1303 1601 1340 annulo
1619 1304 1798 1341 Piscatoris

312 1364 366 1401 die
382 1375 476 1403 xxv1.
493 1359 657 1398 Octobris
684 1356 867 1394 MDCLV.
884 1355 1105 1391 Pontificatus
1118 1354 1226 1388 nostri
1252 1355 1352 1388 Anno
1367 1355 1395 1388 Ι.

1301 1406 1345 1436 G.
1365 1403 1553 1439 Gualterius
1567 1425 1580 1436 ,

974 1456 1037 1502 N·
1074 1457 1132 1503 V.

339 1559 617 1610 Constitutio
649 1553 885 1603 Alexandri
904 1555 1023 1622 Papae
1042 1552 1141 1605 V11,
1158 1567 1280 1620 super
1311 1553 1537 1600 erectione
1556 1547 1750 1618 collegii

478 1648 536 1690 ..cx
553 1625 875 1678 Referendar-iis
906 1628 1125 1691 utriusque
1148 1626 1380 1687 Signaturae
1396 1656 1410 1678 2
1438 1637 1483 1673 et
1500 1640 1623 1694 super

597 1696 865 1771 qualitatibus
882 1695 1278 1744 >admittendorum
1296 1694 1501 1767 deinceps

830 1774 879 1819 in
898 1767 1238 1819 Referendarios
1253 1803 1267 1817 .

477 1895 781 1941 {ALEXANDER
817 1895 1055 1927 EP1sc0va
1084 1885 1506 1934 SERVvstERVonM
1541 1889 1619 1923 DEI
1642 1889 1648 1928 ge

745 1942 807 1978 Ad
830 1949 1027 1990 perpetuam
1052 1940 1101 1976 rei
1122 1937 1344 1975 memoriam.

301 2042 336 2076 1.
365 2040 409 2126 ][
426 2042 514 2077 Nter
542 2049 674 2076 caeteras
701 2039 909 2088 Apostolicae
935 2038 1174 2074 sollicitudinis
1205 2047 1298 2073 curas
1322 2060 1332 2075 ‚
1361 2036 1484 2083 quibus
1513 2036 1714 2069 incessanter
1739 2036 1797 2081 urf

432 2100 578 2137 gerunt,
609 2102 647 2124 ea
677 2101 814 2135 semper
834 2087 928 2124 nobis
946 2087 1041 2122 cordi
1069 2087 1158 2127 fuit,
1188 2085 1371 2121 utPraelati
1401 2086 1560 2118 Romanae
1579 2077 1714 2116 Curiae,
1737 2086 1796 2120 qm

303 2145 476 2182 tamquam
501 2138 604 2174 stellae
633 2139 665 2172 in
695 2139 921 2173 Firmamento
944 2135 1126 2169 'militantis
1153 2132 1311 2166 Ecclesia:
1341 2132 1493 2164 relucent
1517 2152 1528 2167 ,
1557 2139 1593 2162 ac
1620 2126 1653 2160 in
1685 2123 1795 2160 arduis

305 2184 496 2231 quibusque
525 2185 670 2228 negotiis
699 2183 908 2228 Apostolicae
932 2180 1010 2213 Sedi
1037 2190 1159 2223 opera,
1189 2187 1222 2212 et
1240 2177 1382 2212 consilio
1413 2185 1536 2223 praesto
1561 2187 1631 2210 esse
1649 2176 1797 2211 debent,

303 2232 328 2267 ii
356 2234 492 2268 demum
513 2231 727 2274 deligantur,
754 2230 811 2275 qui
837 2227 970 2274 optima
998 2226 1111 2261 indole
1136 2249 1147 2266 ‚
1173 2225 1322 2262 moribus
1352 2249 1363 2265 ‚
1389 2238 1426 2260 ac
1455 2225 1559 2260 literis
1589 2220 1799 2269 praestantio-

306 2292 357 2315 res
385 2293 472 2317 verae
507 2278 640 2315 virtutis
658 2278 830 2322 exemplar
858 2277 984 2321 seipsos
1010 2275 1194 2320 praeferunt
1213 2297 1222 2308 .
1253 2275 1307 2308 Ad
1335 2275 1404 2308 haec
1426 2285 1509 2309 sane
1537 2273 1618 2308 licet
1646 2267 1798 2306 nonnulli

306 2330 436 2364 Summi
461 2327 641 2363 Pontifices
666 2327 930 2361 Praedecessores
959 2324 1064 2357 nostri
1093 2333 1208 2357 eorum
1235 2322 1556 2361 constitutionibus,
1583 2320 1689 2356 multa
1712 2328 1798 2364 prx-

308 2377 425 2412 sertim
467 2388 529 2422 pro
555 2373 800 2409 Referendariis
841 2372 1018 2416 utriusque
1045 2371 1228 2416 Signaturae
1256 2371 1428 2406 statuerint
1452 2395 1463 2411 ,
1503 2381 1648 2413 quorum
1689 2375 1796 2403 tamen

307 2424 470 2459 nonnulla
499 2434 690 2467 temporum
721 2434 845 2461 cursu,
874 2429 911 2456 ut
938 2431 1024 2464 saepe
1063 2419 1150 2454 solet
1173 2444 1186 2459 ‚
1219 2419 1416 2465 antiquata,
1447 2428 1479 2454 et
1508 2419 1619 2453 forsan
1649 2415 1796 2463 neglecta

308 2474 469 2513 fuerunt;
498 2481 673 2518 propterea
700 2483 759 2505 nos
785 2469 838 2506 ilia
866 2470 1025 2505 innovare
1054 2491 1066 2508 ,
1101 2480 1138 2502 ac
1168 2468 1315 2513 pristinae
1343 2467 1565 2503 observantiae
1595 2467 1794 2504 restituere,

312 2530 346 2556 et
374 2520 483 2569 aliqua
519 2521 618 2557 etiam
648 2521 770 2556 addere
795 2530 868 2565 quae
897 2528 1010 2554 rerum
1041 2515 1246 2563 experientia
1269 2517 1386 2552 docuit
1418 2516 1577 2563 expedire
1600 2539 1613 2558 ‚
1641 2511 1798 2552 duximus

1677 2567 1798 2606 0990*-
