1993 3195
617 289 1112 326 APPENDIX?
1575 302 1619 340 45

743 386 806 434 N.
834 388 998 436 XVIII,

131 487 339 536 Extensio
361 482 573 536 facultatis
597 481 885 535 transferendi
914 483 1144 553 pensiones
1167 495 1301 551 usque
1327 479 1381 529 ad
1407 496 1624 536 summam

205 563 434 610 Scutorum
465 571 646 608 centum
674 571 863 607 monetae
885 591 900 612 ‚
929 555 1029 603 alias
1059 572 1275 604 concessae
1291 553 1556 606 Votantibus

275 636 514 700 ‘Signaturae
534 633 709 693 Justitiae
722 665 736 686 ‚
755 633 842 678 sive
860 628 1098 678 declaratio
1113 664 1127 685 ,
1149 627 1272 698 quod
1297 626 1480 681 dimissis

449 701 624 757 Officiis
655 701 904 770 hujusmodi
931 721 980 751 ea
1012 707 1077 753 uti
1108 705 1309 774 possint.

649 830 671 861 c
696 830 721 860 L
749 830 775 860 E
801 829 839 860 M
863 828 890 858 E
915 826 959 869 Ν
987 829 1006 860 s
1058 828 1128 858 ΧῙ.

588 877 651 912 'Aa
675 882 869 924 perpetuam
897 875 946 909 rei
969 874 1190 910 memoriam*

135 969 163 1004 1·
287 974 417 1010 Redisse
445 975 542 1010 nobis
573 975 734 1011 divinitus
765 972 1026 1016 dispensationis
1053 971 1139 1007 ratio
1178 970 1287 1017 exigit
1311 994 1322 1010 ,
1351 979 1388 1006 ut
1417 971 1492 1007 illos
1519 996 1530 1012 ‚
1567 972 1627 1018 qui

286 1024 360 1069 plus
396 1024 544 1064 laboris,
573 1033 605 1059 et
632 1023 788 1070 obsequii
818 1023 851 1058 in
880 1021 1089 1067 Apostolicae
1120 1020 1211 1055 Sedis
1242 1023 1402 1056 honorem
1421 1045 1432 1060 ‚
1460 1032 1496 1056 ac
1517 1020 1631 1056 Eccle-

135 1072 193 1107 siae
224 1071 414 1108 Catholicae
443 1073 624 1108 utilitatem
652 1073 779 1119 jugiter
805 1072 957 1117 perferre
973 1096 982 1110 ,
1007 1080 1042 1105 et
1059 1070 1255 1115 impendere
1272 1081 1338 1103 non
1365 1069 1555 1109 desistunt,
1573 1081 1630 1113 pe·

136 1120 254 1155 culiari
285 1130 428 1165 paternae
469 1122 655 1156 Charitatis
695 1122 816 1156 affectu
859 1128 1098 1166 prosequentes
1126 1142 1136 1158 ,
1179 1119 1227 1156 ejs
1261 1117 1418 1152 uberiora
1442 1117 1629 1153 Pontificiae

136 1177 255 1203 nostrae
277 1168 493 1214 benignitatis
521 1170 611 1204 dona
636 1169 822 1214 largiantur
838 1193 848 1203 .

236 1219 282 1254 11.
311 1216 403 1252 Alias
428 1217 597 1264 siquidem
626 1229 685 1252 nos
709 1225 788 1251 tunc
806 1241 815 1257 ‚
845 1225 877 1250 et
908 1226 970 1261 pro
996 1225 1149 1261 tempore
1176 1214 1395 1250 existentibus
1424 1214 1629 1250 Referenda-

136 1266 195 1299 riis
224 1265 410 1311 Signaturae
434 1276 555 1301 nostrae
581 1265 726 1307 Justitiae
752 1264 952 1300 Votantibus
978 1274 1143 1310 perpetuo
1174 1264 1400 1298 concessimus
1417 1287 1427 1303 ‚
1456 1272 1488 1298 et
1515 1262 1630 1298 indul-

136 1313 242 1349 simus
262 1337 272 1353 ,
302 1323 338 1349 ut
375 1315 438 1360 ipsi
472 1315 648 1360 pensiones
677 1325 798 1349 annuas
826 1312 1024 1358 Apostolica
1049 1312 1263 1348 Auctoritatis
1293 1312 1340 1347 eis
1367 1322 1469 1357 super
1493 1312 1631 1357 quibus-

135 1361 187 1396 vis
216 1363 383 1397 fructibus
411 1362 654 1398 Ecclesiasticis
687 1371 870 1398 reservatas
896 1385 905 1401 ,
933 1372 966 1397 et
1008 1372 1069 1407 pro
1095 1371 1248 1406 tempore
1273 1362 1489 1396 reservandas
1519 1371 1627 1406 usque

135 1411 176 1445 ad
203 1421 368 1445 summam
385 1411 534 1446 Centum
553 1413 733 1446 Scutorum
762 1412 906 1445 Monetae
931 1411 1110 1444 dumtaxat
1137 1411 1179 1443 ad
1215 1411 1366 1443 favorem
1400 1408 1497 1443 unius
1530 1433 1541 1447 ‚
1568 1420 1629 1443 seu

135 1458 286 1506 plurium
314 1459 537 1494 Personarum
569 1458 880 1494 Ecclesiasticarum
907 1481 917 1497 ‚
941 1469 1001 1492 seu
1029 1456 1249 1492 Clericorurn
1280 1480 1291 1495 ,
1321 1468 1357 1491 ac
1390 1456 1468 1491 alias
1500 1456 1632 1500 pensio-

136 1519 216 1542 num
247 1508 445 1546 hujusmodi
471 1509 642 1554 capacium
662 1533 673 1548 ,
703 1507 800 1542 etiam
830 1507 862 1541 in
896 1505 1012 1541 mortis
1042 1505 1191 1541 articulo
1225 1516 1339 1540 coram
1381 1505 1531 1541 Notario
1559 1531 1569 1547 ,
1598 1514 1632 1540 et

136 1556 296 1591 Testibus
313 1580 324 1596 ‚
351 1569 388 1591 ac
415 1568 492 1592 cum
524 1557 665 1596 alicujus
698 1555 827 1591 Praelati
844 1579 854 1594 ,
882 1566 938 1590 seu
967 1564 1117 1600 personae
1145 1554 1177 1587 in
1205 1553 1442 1588 Ecclesiastica
1461 1554 1629 1598 dignitate

137 1605 334 1640 constitutae
362 1605 551 1641 interventu
580 1604 755 1640 transferre
788 1608 943 1649 (servata
964 1613 1074 1638 tamen
1091 1603 1201 1637 forma
1230 1599 1493 1636 Constitutionis
1514 1601 1626 1637 felicis

137 1665 207 1689 rec.
226 1654 417 1689 Innocentii
445 1655 512 1689 1³1³.
539 1655 598 1689 XI.
629 1653 880 1700 praedecessoris
916 1651 1022 1687 nostri
1050 1663 1153 1696 super
1179 1650 1398 1685 translatione
1421 1649 1629 1695 pensionum

135 1703 268 1744 aeditae)
295 1702 424 1743 libere,
457 1712 490 1738 et
518 1703 610 1738 licite
635 1702 791 1748 possint,
819 1709 853 1736 et
882 1699 1037 1740 valeant,
1065 1709 1100 1734 et
1125 1700 1213 1735 alias>
1232 1707 1336 1744 prout
1368 1699 1400 1733 in
1421 1698 1542 1733 nostris
1572 1699 1629 1733 de-

136 1762 240 1796 super
256 1751 289 1785 in
306 1751 407 1786 simili
434 1752 544 1786 forma
572 1752 690 1786 Brevis
716 1750 769 1785 die
800 1751 857 1785 23.
884 1748 1000 1784 Martii
1033 1748 1189 1793 proxime
1223 1747 1385 1793 praeteriti
1410 1772 1422 1788 ‚
1458 1748 1629 1791 expeditis

136 1800 242 1835 literis
260 1824 271 1840 ‚
298 1811 440 1846 quarum
464 1808 614 1835 tenorem
644 1798 861 1844 praesentibus
888 1808 951 1842 pro
984 1797 1109 1842 plene,
1143 1805 1177 1831 et
1208 1795 1412 1830 sufficienter
1444 1807 1630 1840 expresso,

137 1861 175 1885 ac
203 1849 244 1883 de
260 1851 367 1884 verbo
396 1850 436 1884 ad
456 1850 595 1884 verbum
619 1846 732 1882 haberi
760 1846 919 1881 volumus
953 1870 963 1885 2
994 1845 1130 1880 uberius
1159 1844 1352 1879 continetur
1378 1868 1388 1878 .
1434 1845 1535 1879 Nunc
1570 1857 1629 1880 au-

138 1907 207 1933 tem
241 1910 299 1933 nos
327 1898 367 1932 ad
398 1899 533 1945 egregia
560 1897 764 1932 dilectorum
799 1894 962 1930 Filiorum
994 1895 1234 1929 modernorum
1266 1893 1416 1932 ejusdem
1439 1893 1628 1938 Signaturae

136 1947 284 1988 justitiae
312 1948 511 1983 Votantium
552 1945 674 1982 merita
703 1953 850 1991 paternae
880 1943 1064 1989 dirigentes
1101 1941 1381 1977 considerationis
1422 1942 1584 1976 intuitum
1613 1964 1625 1982 ,

140 2007 177 2029 ac
208 1995 351 2042 benigne
379 1997 625 2042 perpendentes
649 2019 661 2035 ,
689 2003 852 2040 quantum
883 1991 945 2038 ipsi
977 1991 1138 2038 singulari
1165 1990 1231 2026 sint
1263 1989 1340 2025 Sedi
1371 1990 1514 2035 praefatae
1529 1990 1626 2028 adiu-

138 2055 277 2084 mento,
308 2045 536 2090 Romanaeque
552 2044 669 2080 Curiae
687 2050 885 2078 ornamento
912 2066 922 2082 ‚
951 2053 1078 2087 eosque
1105 2041 1248 2085 proinde
1278 2062 1290 2079 ,
1315 2050 1352 2073 ac
1381 2039 1519 2074 illorum
1547 2039 1628 2073 Suc-

141 2105 290 2129 cessores
316 2117 327 2133 ‚
354 2102 391 2128 ut
424 2093 564 2128 alacrius
591 2093 623 2126 in
650 2092 724 2126 dies
749 2094 788 2125 ad
806 2092 988 2135 praestanda
1018 2091 1128 2124 eidem
1148 2088 1224 2124 Sedi
1248 2087 1411 2133 obsequia
1444 2089 1628 2122 reddantur

142 2142 316 2188 amplioris
344 2143 462 2177 favore
494 2141 606 2188 gratiae
628 2139 788 2185 prosequi
817 2136 994 2176 volentes,
1026 2147 1060 2171 et
1077 2138 1226 2182 ipsorum
1248 2137 1495 2172 Modernorum
1529 2135 1632 2171 Refe-

142 2192 375 2227 rendariorum
410 2191 595 2236 Signaturae
622 2188 766 2230 ,lustitiae
801 2185 1003 2221 Votantium
1028 2184 1214 2231 singulares
1254 2196 1410 2230 personas
1449 2198 1469 2220 a·
1493 2186 1629 2230 quibus-

140 2240 195 2274 ›vis
221 2239 580 2277 excommunicationis
601 2262 612 2277 ,
637 2235 862 2285 suspensionis
879 2260 889 2275 ‚
917 2244 952 2270 et
983 2233 1152 2270 interdicti
1168 2258 1178 2274 ‚
1211 2233 1354 2280 aliisque
1382 2233 1626 2269 Ecclesiasticis

146 2290 350 2329 Sententiis,
376 2287 540 2324 Censuris
557 2310 567 2326 ‚
599 2294 632 2320 et
658 2285 764 2329 poenis
793 2296 810 2317 a
842 2285 940 2322 iure,
967 2282 1020 2317 vel
1050 2284 1091 2317 ab
1118 2283 1254 2317 homine
1276 2283 1394 2328 quavis
1419 2282 1599 2317 occasione
1618 2305 1629 2321 ,

146 2338 201 2373 vel
231 2349 327 2372 causa
366 2338 472 2377 latis,
503 2336 527 2370 si
558 2334 680 2381 quibus
706 2330 969 2378 quomodolibet
998 2330 1164 2366 innodatae
1201 2331 1351 2366 existunt
1389 2332 1430 2365 ad
1469 2329 1628 2365 effectum

147 2387 361 2432 praesentium
394 2389 569 2422 dumtaxat
598 2382 872 2428 consequendum
902 2405 912 2420 ,
945 2382 1061 2414 harum
1087 2379 1171 2413 serie
1195 2381 1406 2415 absolventes
1431 2403 1447 2418 7
1473 2388 1506 2413 et
1535 2380 1627 2414 abso-

149 2436 232 2472 lutas
258 2436 330 2470 fore
367 2444 534 2470 censentes
561 2442 656 2468 motu
685 2429 823 2476 proprio
849 2453 859 2468 ‚
900 2440 935 2464 ac
968 2441 1010 2463 ex
1040 2437 1132 2462 certa
1160 2428 1299 2463 scientia
1324 2453 1334 2468 ‚
1364 2437 1397 2463 et
1427 2427 1630 2463 liberalitate

149 2485 292 2524 nostris,
321 2484 431 2528 deque
458 2482 661 2528 Apostolicae
693 2479 863 2525 potestatis
898 2476 1106 2521 plenitudine
1135 2501 1145 2516 ‚
1188 2477 1329 2521 praefatis
1358 2477 1529 2512 modernis
1557 2502 1566 2517 ‚
1596 2484 1630 2511 et

147 2546 212 2582 pro
242 2543 394 2580 tempore
428 2531 646 2569 existentibus
674 2526 922 2566 Referendariis
948 2528 1097 2569 ejusdem
1115 2525 1298 2572 Signaturae
1327 2526 1473 2570 justitia:
1500 2526 1628 2560 Votau-

1518 2575 1605 2609 tibus
1617 2602 1637 2619 2.
