1952 3167
288 318 374 372 238
494 306 497 320 ¹
586 313 667 353 DE
692 311 823 359 JURE
856 308 1205 353 SIGNATURAE
1233 302 1494 351 ,tUSTlTIAE

410 375 462 418 Et
478 374 663 432 quamvis
685 369 968 413 Constantinus
984 370 1058 420 (t)
1078 364 1289 406 ostendere
1311 373 1483 406 conetur
1500 394 1513 414 ,
1542 362 1779 408 Advocatos

297 438 339 478 in
367 449 478 478 omm
500 465 512 484 ,
540 446 575 474 et
600 441 861 481 qut-,cumque
882 439 1024 466 eorum
1043 424 1154 466 dicto
1172 454 1184 469 ‚
1213 426 1354 465 debere
1376 424 1538 479 allegare
1561 424 1692 481 legum
1707 439 1780 466 au*-

300 496 504 537 ctoritates
522 520 534 538 ,
563 502 609 527 eo
642 499 871 541 praesertim
908 495 1108 525 axioniate
1137 482 1397 538 procedendo
1418 509 1430 527 ‚
1463 484 1580 534 quod
1607 482 1776 526 Doctori

302 551 460 604 aliquid
479 545 631 590 dicenti
650 574 662 593 ,
698 558 742 585 ac
761 543 948 584 scribenti
968 573 979 590 ‚
1010 541 1040 583 si
1064 540 1220 582 dictum
1249 554 1370 581 suum
1392 555 1476 580 non
1506 543 1646 598 probet
1664 542 1741 599 lege
1761 572 1776 593 ‚

304 612 366 655 vel
385 610 539 653 tatione
560 637 572 654 ,
606 618 690 644 non
713 603 759 643 sir
779 601 1030 643 credendum
1050 628 1063 647 ,
1093 614 1132 642 et
1151 614 1266 658 turpe
1291 615 1373 643 'esse
1401 600 1558 654 aliquid
1589 600 1674 642 sine
1696 601 1776 658 lege

308 670 438 713 dicere
476 683 488 718 ;
520 676 695 707 attamen
734 661 1020 716 unusquisque
1049 660 1199 717 optime
1235 659 1527 710 noscit‚illum
1557 672 1781 716 sequutum

310 729 384 770 hac
413 730 454 768 in
475 742 514 769 re
543 724 662 765 fuisse
682 735 832 762 motem
854 720 1080 778 vulgarium
1113 720 1457 776 pragmaticorum
1481 749 1494 767 ,
1521 719 1623 775 qui,
1660 732 1704 760 ut
1727 719 1784 759 le-

313 786 418 845 gulei
447 789 499 828 ab
517 783 721 826 :omnibus
747 780 1071 822 existimarentur
1091 808 1104 826 ‚
1136 780 1304 837 paginas
1323 779 1591 836 impleverunt
1611 776 1783 818 assiduis

314 845 581 888 citationibus
624 841 858 883 Auctorum
896 870 910 889 ,
937 838 1040 881 itaut
1065 838 1149 881 illae
1179 854 1368 896 magnam
1399 868 1412 886 ,
1447 854 1492 881 ac
1527 835 1787 895 praecipuam

315 919 486 962 operum
515 916 670 958 partem
688 932 700 949 ,
729 912 774 940 ut
794 899 913 940 hodie
941 900 1088 954 passim
1117 899 1407 947 observamus,
1437 901 1681 941 absorbeant
1701 923 1714 940 2
1750 905 1790 936 et

314 975 514 1003 summam
535 960 612 1000 sibi
647 959 809 998 laudem
843 955 1057 998 conciliare
1077 958 1343 999 crediderunt
1369 958 1410 997 in
1440 953 1790 998 consarcinatione

318 1021 480 1076 legum,
510 1017 763 1057 decisionum
785 1027 865 1059 ‚et
899 1013 1189 1056 auctoritatum
1211 1030 1223 1063 ;
1257 1016 1371 1070 quod
1390 1013 1667 1071 perniciosum
1685 1042 1698 1060 ,
1732 1011 1791 1052 ita

320 1078 504 1121 dicamus
522 1106 534 1124 ,
548 1074 778 1116 institutum
805 1072 881 1114 hac
903 1084 1037 1114 nostra
1059 1084 1286 1130 tempestate
1304 1106 1317 1123 ‚
1344 1074 1388 1115 in
1407 1089 1489 1128 qua
1511 1073 1732 1114 litterarum
1750 1078 1794 1111 et

321 1137 583 1180 scientiarum
601 1134 784 1176 culturae
798 1131 1070 1174 faustissimus
1090 1133 1173 1174 dies
1195 1133 1327 1176 illuxit
1343 1163 1356 1180 ‚
1389 1133 1500 1190 apud
1519 1131 1692 1188 optimae
1716 1143 1795 1171 no-

323 1208 386 1238 tae
408 1198 606 1237 [auctores
623 1193 664 1234 in
683 1207 760 1234 usu
778 1206 858 1233 esse
879 1191 992 1232 desiit
1011 1206 1025 1240 ς
1048 1205 1086 1232 et
1097 1191 1270 1248 proinde
1287 1207 1430 1235 eorum
1446 1190 1610 1248 vestigia
1628 1202 1798 1246 sequen-

324 1255 376 1295 da
406 1269 485 1295 esse
506 1281 518 1299 ,
547 1268 620 1309 pro
643 1252 730 1309 ‘jure
749 1263 857 1292 certo
875 1250 1048 1291 habetur
1066 1280 1076 1289 .

447 1312 635 1352 Inutilem
664 1310 782 1351 etiam
804 1321 1038 1365 reputamus
1062 1308 1237 1349 laborem
1256 1307 1370 1350 illum
1387 1310 1648 1360 assumendi,
1687 1321 1798 1348 nem-

326 1373 379 1430 pe
397 1403 410 1422 ‚
451 1369 766 1427 disputationem
794 1369 835 1408 in
872 1381 1026 1424 puncto
1042 1366 1142 1424 juris
1160 1364 1331 1418 alicujus
1358 1367 1487 1424 legalis
1505 1367 1663 1410 articuli
1685 1398 1699 1414 ‚
1726 1365 1800 1420 qui

328 1432 506 1473 nodosas
543 1428 745 1471 retroactis
767 1427 1028 1482 ‚temporibus
1047 1426 1288 1468 involvebat
1309 1425 1589 1479 quaestiones,
1609 1427 1713 1468 itaut
1747 1423 1801 1465 ad

330 1487 656 1547 dignoscendum
697 1499 903 1540 quaenam
939 1484 1081 1540 opinio
1112 1483 1243 1527 verior
1277 1497 1414 1533 esset,
1440 1483 1501 1526 vel
1540 1484 1664 1540 magis
1699 1497 1804 1525 com-

333 1547 495 1595 munis,
527 1559 598 1588 aut
616 1544 763 1586 rationi
782 1558 961 1597 congrua
983 1573 997 1592 ‚
1031 1542 1249 1599 majoribus
1273 1542 1416 1585 nostris
1433 1543 1672 1599 disputandi
1696 1556 1805 1584 onus

333 1607 596 1648 incumbebat
615 1634 627 1652 ,
655 1616 692 1644 et
719 1602 944 1648 numericas
967 1602 1115 1644 idcirco
1131 1617 1342 1645 auctorum
1360 1602 1503 1655 classes
1519 1634 1532 1652 ‚
1560 1617 1604 1644 ac
1622 1600 1804 1649 litanias,

335 1678 383 1707 ut
402 1664 457 1704 ait
481 1662 540 1702 De
570 1663 673 1705 Luca
694 1691 707 1709 ‚
725 1675 908 1703 *retexere
936 1663 1194 1704 conabantur
1210 1693 1219 1702 .
1256 1661 1378 1717 Quae
1411 1660 1577 1717 quidem
1600 1657 1808 1718 quaestio-

341 1738 412 1766 nes
432 1751 444 1769 ,
458 1736 588 1778 quum
608 1720 848 1778 compositae
867 1719 949 1772 jam
974 1722 1223 1777 reperiantur
1242 1751 1255 1768 ,
1282 1720 1343 1763 vel
1376 1735 1510 1762 rerum
1532 1720 1810 1774 judicatarum

342 1778 610 1829 auctoritate,
638 1780 703 1822 vel
730 1793 982 1820 summorum
1005 1811 1017 1829 ,
1047 1795 1091 1834 ae
1118 1780 1447 1835 'peritissimorum
1466 1781 1682 1823 hominum
1716 1794 1812 1822 con-

343 1839 636 1884 sultationibus
654 1869 670 1888 ‚
684 1838 794 1880 :dum
814 1854 896 1879 una
917 1853 965 1879 ex
995 1837 1262 1893 opinionibus
1290 1853 1365 1895 pro
1385 1838 1519 1896 regula
1539 1841 1702 1883 firmiter
1720 1853 1813 1881 con-

344 1901 483 1943 stituta
509 1911 565 1940 est
582 1928 595 1945 ,
629 1898 748 1939 altera
779 1899 875 1940 verb
896 1912 969 1954 pro
996 1897 1262 1948 limitatione,
1295 1897 1403 1939 nulla
1437 1900 1612 1956 proinde
1638 1896 1814 1956 suppetit

348 1958 556 2000 necessitas
582 1958 625 1998 in
647 1972 744 1999 casu
772 1957 998 1999 occurrenti
1021 1986 1033 2004 ,
1052 1956 1376 2015 disputationem
1394 1988 1407 2006 ,
1443 1972 1488 2001 ut
1506 1960 1682 2001 diximus
1699 1987 1712 2004 ,
1748 1970 1812 1996 as-

347 2016 536 2059 sumendi
566 2016 608 2057 in
634 2030 788 2074 puncto
817 2015 944 2069 juris·‚
970 2030 1008 2058 et
1035 2030 1167 2059 tamen
1200 2015 1382 2073 quotidie
1412 2018 1640 2074 experimur
1669 2017 1813 2055 Procu-

351 2088 500 2117 ratores
527 2076 688 2132 aliquos
708 2105 720 2123 ‚
750 2077 922 2131 quando
955 2091 1072 2118 casus
1100 2077 1151 2117 ita
1179 2077 1307 2122 ferat,
1341 2091 1537 2131 magnum
1567 2085 1812 2130 apparatum

351 2135 593 2177 constituere
613 2137 655 2176 in
674 2135 923 2189 exponendo
942 2133 1085 2172 similes
1119 2133 1372 2185 quaestiones
1386 2163 1401 2181 ‚
1432 2146 1471 2174 et
1491 2132 1722 2174 enarrando
1745 2147 1814 2175 va-

354 2192 436 2233 rias
469 2194 682 2247 opiniones
709 2219 722 2236 ‚
741 2189 1005 2235 limitationes
1031 2219 1044 2238 ,
1073 2201 1111 2229 et
1139 2190 1418 2243 ampliationes
1448 2208 1461 2241 ε,
1493 2205 1629 2235 exacta
1662 2190 1812 2233 deinde

357 2249 464 2305 dicta
484 2250 618 2290 inutili
645 2249 899 2290 enarratione
920 2247 1243 2290 descentluntilli
1277 2249 1330 2290 ad
1359 2250 1664 2307 applicationem
1700 2242 1829 2307 regu-⁸

353 2309 419 2409 iste
437 2339 452 2357 ,
484 2308 731 2351 limitationis
745 2335 759 2356 ,
783 2307 845 2351 vel
861 2307 1128 2370 ampliationis
1143 2337 1158 2357 ,
1175 2308 1299 2364 quod
1315 2310 1481 2365 quidem
1497 2313 1549 2355 ab
1565 2311 1678 2354 initio
1696 2323 1810 2367 agen·

389 2382 458 2409 um
489 2377 588 2408 esset
610 2396 620 2407 .

1703 2429 1754 2470 Et
1765 2426 1815 2470 de

365 2496 1455 2517 —————-———*
1462 2497 1818 2515 —ffl—

408 2556 463 2595 (1)
485 2557 539 2590 Ad
556 2558 672 2590 statut.
692 2557 780 2591 Urbis
800 2563 907 2590 annot.
924 2558 977 2599 63.
992 2563 1052 2590 art.
1072 2565 1103 2589 2.
1118 2567 1150 2588 n.
1164 2565 1244 2598 207.

1920 354 1929 368 κ

1941 668 1952 720 ..n-'-
1939 634 1948 646 2
1936 607 1937 611 Α
1944 543 1946 547 <
1938 489 1942 516 ··
1935 417 1944 457 ”””“
1937 390 1939 398 “
1935 338 1939 363 ““
