2075 3167
451 316 507 358 52
746 303 819 343 DE
845 302 978 350 JURE
1008 301 1152 344 SIGN
1153 302 1352 346 -xTURAE
1384 302 1634 352 JUSTlTlAE

443 362 693 410 obtinenda,
729 376 768 403 re
799 363 998 419 proposita
1033 380 1080 406 c(
1085 379 1164 405 ram
1211 364 1408 406 l'ontificis
1442 363 1673 412 Auditore,
1708 363 1738 403 is
1769 357 1844 406 sub
1863 364 1924 406 die

441 433 466 476 5
495 421 588 477 julii
613 422 722 477 1785
760 437 826 478 per
843 436 927 464 acta
951 423 1162 480 Vagnolmi
1177 423 1333 465 Notarii
1357 423 1551 471 decrevit,
1576 422 1835 477 utsequitur.
1858 424 1925 465 Ex

439 494 530 522 tunc
551 482 686 522 Illffnes
722 481 773 521 D.
793 481 938 522 remisit
961 482 1183 523 instantiam
1215 485 1268 524 acl
1287 485 1332 524 R.
1363 484 1405 523 P.
1427 483 1480 522 D.
1502 482 1725 522 Amatorem
1747 482 1924 539 Signatu-

436 554 502 580 rae
515 540 691 594 justitiae
708 570 720 585 ‚
748 541 814 597 qui
827 541 1011 596 procedat
1029 541 1067 581 in
1085 544 1157 583 lzac
1181 556 1216 582 et
1233 542 1318 583 aliis
1334 541 1519 583 similibus
1535 541 1566 582 C
1566 539 1670 582 ausis
1687 541 1740 580 (td
1746 539 1915 592 formam

439 597 633 654 Rescripti
659 600 749 640 edin
769 600 809 640 in
843 599 964 641 Causa
986 600 1226 642 Camerinen.
1248 613 1288 643 et
1303 601 1502 657 ampli-us

553 659 605 714 Q
604 674 662 698 ro
657 660 705 699 id
726 673 835 700 taxas
851 660 1210 701 emolumentorum
1229 676 1301 716 pro
1321 659 1645 715 expeditionibus
1662 670 1842 700 actorum
1860 658 1930 718 Ju-

436 717 657 766 dicialium,
678 718 1023 773 quemadmodum
1039 720 1182 760 caeteri
1203 719 1359 762 Notarii
1391 718 1678 760 Tribunalium
1711 719 1920 759 Romanae

436 776 591 819 Curiae
610 790 800 818 tenentur
829 775 964 820 Taxas
983 807 995 825 ,
1028 794 1106 820 non
1125 777 1478 820 consuetudinarias
1496 809 1508 827 ,
1542 788 1579 818 et
1593 778 1674 819 sine
1686 776 1923 834 approbatio-

434 849 481 876 ne
500 835 737 878 introductas
755 868 767 885 ,
791 836 857 877 sed
879 836 962 879 illas
982 853 1003 878 a
1027 837 1152 878 Paulo
1172 839 1227 878 V.
1248 851 1414 880 statutas
1431 868 1442 886 ,
1473 851 1627 879 servare
1643 868 1655 885 ‚
1693 851 1811 891 arque
1831 850 1920 878 cae·

432 906 515 935 tera
535 894 703 944 omnia,
736 910 839 949 quae
858 897 995 950 quoad
1023 898 1290 938 Instrumenta
1308 896 1605 944 Decretorum,
1641 897 1820 951 Regesta,
1838 895 1922 936 Ex-

433 927 767 1014 tracta2copi’as,
786 954 962 1005 aliosque
981 953 1189 1008 judiciales
1221 967 1363 1002 actus,
1402 952 1675 1009 praescripta
1677 955 1846 995 fuerunt
1879 954 1922 994 in

432 1006 611 1061 ejusdem
629 1011 740 1048 Pauli
762 1012 814 1049 V.
834 1040 845 1057 ,
878 1023 916 1050 et
931 1012 1133 1051 Benedicti
1151 1012 1258 1051 XIII
1287 1012 1677 1053 constitutionibus.
1712 1012 1767 1051 Ita
1805 1012 1926 1053 etiam

429 1067 657 1115 Notarius,
689 1066 770 1110 sive
789 1067 1105 1120 Administrator
1125 1069 1293 1126 Collegii
1311 1069 1558 1124 Scriptorum
1576 1067 1759 1112 Archivii
1786 1068 1925 1113 iisdem

434 1126 586 1183 legibus
605 1126 810 1169 obnoxius
828 1139 884 1168 est
904 1157 914 1166 .
948 1129 999 1168 Et
1030 1128 1060 1168 is
1077 1133 1098 1175 ,⁴
1122 1128 1152 1167 si
1183 1128 1322 1181 quoad
1349 1139 1461 1167 taxas
1487 1127 1529 1165 in
1556 1126 1884 1180 expeditionibus
1911 1159 1926 1179 ,

434 1184 621 1241 regestis,
655 1198 701 1225 ex
737 1184 897 1226 caeteris
927 1184 1021 1226 actis
1054 1185 1226 1227 abusum
1260 1184 1432 1240 aliquem
1468 1183 1679 1232 admittat,
1717 1197 1754 1227 et
1783 1201 1923 1242 grava-

432 1257 527 1283 men
543 1242 812 1298 Litigantibus
833 1243 990 1293 inferat,
1004 1245 1295 1292 Procuratores,
1309 1257 1346 1284 et
1361 1243 1547 1299 ipsaemet
1565 1244 1695 1285 Partes
1712 1245 1923 1288 reclamare

437 1301 587 1343 debent
610 1301 661 1341 ad
679 1301 944 1343 Cardinalem
968 1302 1213 1344 Praefectum
1231 1302 1470 1358 Signaturae
1503 1302 1674 1359 justitiae
1705 1301 1806 1357 (1).

554 1362 760 1402 Praeterea
781 1361 1064 1405 adnotandum
1083 1375 1139 1402 est
1156 1393 1168 1410 ,
1201 1361 1316 1416 quod
1333 1360 1371 1401 in
1392 1375 1582 1404 eventum
1614 1360 1749 1402 obitus
1780 1362 1841 1405 vel
1860 1364 1924 1405 di-

438 1417 643 1462 missionis
666 1419 857 1476 praedicti
889 1420 1306 1469 Notarii'Substituti,
1353 1419 1424 1474 qui
1456 1420 1649 1462 tribunali
1683 1420 1922 1476 Signaturae

437 1479 608 1522 deservit
626 1509 639 1527 ,
673 1490 831 1520 tenetur
865 1479 1113 1535 Scriptorum
1142 1478 1381 1535 Collegium,
1400 1479 1560 1534 seligere
1589 1479 1761 1535 aliquem
1793 1495 1841 1522 ex
1861 1482 1927 1522 in-

435 1538 702 1581 servientibus
747 1536 923 1593 ejusdem
956 1537 1138 1582 Archivii
1179 1538 1355 1586 Officio,
1392 1537 1614 1586 idoneum,
1643 1553 1682 1579 et
1717 1551 1925 1595 acceptum

438 1595 654 1638 Cardinali
673 1596 905 1646 Praefect03
937 1597 989 1638 ita
1008 1611 1053 1639 ut
1069 1598 1100 1638 si
1117 1597 1212 1639 huic
1226 1612 1310 1638 non
1326 1595 1501 1639 arrideat
1520 1628 1533 1646 ,
1563 1596 1685 1638 alium
1701 1611 1749 1638 ex
1777 1597 1923 1642 eisdem

435 1655 582 1713 pariter
605 1656 914 1698 inservientibus
932 1657 1116 1699 exhibere
1143 1656 1286 1700 debeat

555 1714 656 1754 Sed'
645 1729 732 1770 jam
744 1713 907 1756 demum
925 1715 976 1756 ad
995 1716 1157 1758 alteram
1174 1715 1345 1769 hujusce
1360 1716 1499 1773 capitis
1522 1728 1677 1775 partem
1694 1746 1707 1765 ‚
1743 1718 1824 1759 ad
1813 1718 1926 1774 juris-

435 1772 651 1814 dictionem
671 1787 809 1830 nempe
828 1776 1120 1829 provehimur·
1111 1808 1122 1825 ,
1162 1789 1199 1817 et
1218 1776 1439 1816 indubium
1465 1790 1521 1819 est
1538 1792 1625 1818 eam
1646 1777 1926 1832 amplissimam

433 1845 546 1873 esse·
537 1864 549 1881 ‚
579 1831 681 1872 itaut
696 1832 941 1887 Staphilaeus
957 1835 1030 1889 (4)
1048 1834 1287 1880 facultates,
1314 1847 1351 1872 et
1367 1835 1501 1873 stilum
1528 1834 1709 1883 ejusdem
1729 1835 1927 1891 Signatu-

436 1903 501 1931 rae
534 1904 639 1931 mare
660 1905 882 1945 magnum,
909 1903 947 1934 et
963 1906 1151 1947 campum
1173 1890 1406 1931 latissimum
1430 1891 1624 1955 appellare
1654 1907 1737 1932 non
1760 1893 1926 1934 dubita-

434 1947 567 1992 verit.
602 1948 842 2002 Proprium,
867 1960 906 1989 et
931 1950 1129 2004 peculiare
1150 1948 1252 1987 illius
1270 1959 1355 1993 est,
1387 1958 1433 1986 ut
1454 1948 1510 1986 ait
1539 1947 1600 1985 De
1619 1949 1721 1989 Luca
1739 1980 1750 1996 ‚
1785 1948 1849 2004 jus
1868 1950 1926 1991 di-

437 2020 523 2048 cere
543 2006 586 2047 in
607 2005 801 2046 omnibus
817 2005 1027 2062 utriusque
1046 2004 1259 2050 pontificii,
1275 2017 1313 2045 et
1325 2003 1571 2060 Temporalis
1588 2005 1866 2064 principatus,
1881 2024 1924 2052 ac

433 2065 548 2106 etiarn
565 2064 816 2122 particularis
842 2064 1106 2121 Episcopatus
1134 2063 1253 2104 Urbis
1269 2063 1399 2104 causis
1415 2093 1427 2110 ,
1462 2075 1499 2104 et
1519 2065 1687 2119 negotiis
1707 2079 1787 2107 tam
1804 2066 1924 2121 spiri-

433 2123 613 2165 tualibus
632 2151 645 2170 ,
685 2138 809 2180 quarn
835 2123 1144 2178 temporalibus,
1177 2135 1250 2176 pro
1289 2121 1440 2174 quibus
1470 2135 1698 2176 supremam
1728 2124 1923 2180 Principis

433 2180 679 2234 majestatem
713 2182 823 2223 adire
857 2193 1096 2247 oporteatf·
1106 2181 1158 2221 ad
1180 2176 1363 2222 effectum
1395 2179 1671 2221 committendi
1690 2197 1834 2225 causas
1851 2197 1923 2238 ap-

430 2240 665 2298 pellationis,
677 2241 739 2284 vel
755 2239 1013 2293 restitutionis
1028 2239 1070 2280 in
1088 2239 1319 2293 integrum,
1349 2250 1386 2280 et
1402 2254 1758 2297 quorumcumque
1776 2256 1920 2298 grava-

431 2299 619 2348 minum,
650 2299 730 2343 sive
751 2298 961 2341 decidendi
982 2298 1276 2342 controversias
1292 2312 1411 2354 super
1427 2300 1694 2354 pertinentia,
1713 2301 1796 2342 sive
1811 2315 1923 2341 com-

432 2357 604 2414 petentia
631 2356 737 2407 fori·‚
783 2371 909 2412 quam
942 2358 1107 2414 quidem
1129 2356 1450 2414 jurisdictionem
1474 2371 1652 2400 exercere
1686 2361 1920 2414 comprobat

1824 2418 1920 2459 Fat-

595 2477 1522 2502 '———————
1528 2487 1916 2503 1—*-

472 2542 525 2582 (1)
542 2545 579 2576 In
597 2544 766 2585 appendice
777 2554 852 2589 pag.
867 2547 923 2586 64.
1102 2547 1155 2589 (2)
1179 2549 1226 2579 De
1242 2545 1354 2580 litteris
1373 2549 1496 2589 gratiae
1509 2567 1520 2588 ,
1537 2555 1567 2580 et
1578 2548 1726 2589 justitiae
1743 2567 1752 2578 .
