1952 3167
325 333 412 364 212
604 322 679 363 DE
705 321 838 370 JURE
867 320 1214 365 SIGNATURAE
1245 316 1498 368 lUSTlTIAE

317 377 458 436 fecerit
475 380 680 424 transitum
705 382 744 423 in
753 382 976 439 judicatum
997 414 1008 431 ,
1042 382 1227 438 nullaque
1239 381 1408 437 pendeat
1440 391 1553 420 causa
1573 369 1783 439 restitutio-

328 440 389 483 nis
417 439 455 480 in
476 441 670 500 integrum
692 471 704 489 ‚
733 457 781 484 ac
796 442 922 484 citatis
951 441 1126 499 legitime
1157 440 1334 482 omnibus
1364 439 1544 478 interesse
1559 431 1782 476 ltabentlluu

326 498 440 542 etiam
453 516 525 557 per
543 503 661 543 Breve
681 502 932 551 committere,
943 511 979 541 et
995 501 1293 544 mandare,cum
1308 506 1494 552 potestate
1511 495 1672 543 citandi,
1687 487 1783 532 inlu·-

329 559 442 602 bendi
459 590 471 609 ,
486 576 579 617 quos
595 593 606 610 ,
638 561 774 618 quibus
791 593 802 609 ,
819 560 963 617 quoties
980 590 991 607 ‚
1021 557 1088 599 ubi
1105 589 1118 607 ,
1149 568 1187 599 et
1203 556 1354 614 quando
1372 569 1471 611 opus
1476 552 1602 608 fuerit
1619 569 1632 602 ;
1651 564 1779 617 ''prae-

327 618 476 667 missis‚
513 635 656 661 necnon
696 618 1037 661 Constitutionibus
1062 648 1076 667 ‚
1107 632 1144 659 et
1162 614 1477 660 Ordinationibus
1514 611 1745 669 Apostolicts
1768 638 1782 659 ,

324 678 556 734 eaeterisque
588 678 793 721 contrariis
827 695 903 721 non
930 675 1170 721 obstantibus
1201 677 1502 734 quibuscumque
1532 682 1677 715 statum
1697 678 1773 712 etc·

317 751 394 793 pro
405 737 517 794 plene
534 748 610 779 etc.
1168 757 1177 761 ’
1696 788 1705 797 .

446 796 745 838 Adnotandum
779 797 842 839 hic
868 809 954 849 est,
979 796 1095 855 quod
1121 797 1153 838 si
1182 807 1322 853 agatur
1354 794 1402 835 de
1435 791 1569 834 fundo
1600 801 1780 837 censxto,

327 866 547 911 antequam
572 856 759 898 dicatur:
789 873 865 915 quo
898 860 1026 913 elapso
1044 886 1056 905 ,
1082 867 1120 898 et
1146 856 1242 898 nihil
1267 855 1371 912 quod
1397 853 1530 895 relevet
1554 852 1697 898 docto,
1716 863 1782 905 ap·

323 916 518 968 ponenda
549 929 604 956 est
632 916 809 958 clausula
844 935 854 958 :
889 929 927 959 et
956 926 1133 964 attento,
1165 918 1269 971 quod
1299 922 1443 972 agatur
1472 912 1519 952 cle
1536 910 1664 965 fundo
1688 922 1780 950 cen-

321 970 397 1012 sito
416 1001 429 1018 ‚
446 971 561 1023 facta
578 973 689 1028 prius
715 975 1007 1016 renunciatione
1038 974 1136 1014 sorti
1157 973 1364 1028 principali
1382 1003 1394 1019 ,
1422 970 1526 1011 itaut
1561 969 1708 1009 Census
1730 980 1784 1006 re-

319 1038 477 1069 maneat
488 1030 684 1072 extinctus
705 1059 718 1078 ,
750 1043 786 1073 et
803 1034 907 1075 nulla
940 1031 1108 1088 amplius
1125 1031 1230 1072 actio
1246 1039 1438 1087 competat
1464 1038 1598 1073 contra
1615 1027 1783 1083 Empto-

321 1101 398 1126 rem
422 1117 432 1127 .
451 1088 502 1130 Et
517 1089 724 1145 praedicta
747 1092 993 1137 Commissio
1023 1089 1226 1147 signanda
1246 1104 1302 1133 est
1322 1106 1343 1134 a
1363 1088 1553 1131 Pontifice
1577 1117 1590 1135 ‚
1621 1100 1659 1129 et
1688 1087 1784 1130 sub-

317 1145 530 1189 scribenda
565 1151 614 1191 ab
650 1148 738 1203 ejus
770 1152 974 1193 Auditore
995 1181 1004 1191 .

323 1203 572 1249 Commissio.
593 1208 634 1253 in
655 1207 809 1261 judicio
828 1208 1416 1268 retinendaepossessionis‚sive
1435 1203 1784 1249 Manutentionis.

952 1272 1126 1311 Romana
1149 1299 1157 1308 .

857 1329 1083 1369 Beatissime
1109 1330 1224 1369 Pater
1243 1358 1254 1368 .
1738 1360 1745 1365 .

443 1385 550 1428 Licet
574 1388 736 1430 devotus
752 1390 894 1431 Orator
908 1390 950 1428 S.
991 1389 1038 1432 V.
1059 1386 1116 1429 Ν.
1135 1389 1190 1428 Ν.
1210 1403 1233 1427 a
1248 1385 1426 1441 pluribus
1455 1383 1571 1427 annis
1598 1382 1694 1424 citra
1725 1397 1784 1425 re·

315 1442 498 1499 periatur
521 1446 560 1486 in
573 1447 744 1501 pacifica
761 1479 773 1496 ,
807 1458 842 1486 et
859 1446 987 1500 quieta
1003 1446 1242 1502 possessione
1273 1446 1413 1485 domus
1433 1443 1531 1485 sitae
1547 1442 1587 1483 in
1625 1443 1728 1482 Urbe
1744 1442 1785 1484 in

323 1500 495 1557 Regione
511 1505 567 1545 N.
579 1502 707 1559 Juxta
726 1519 817 1546 suos
832 1504 1052 1547 notissimos
1068 1503 1174 1561 fines
1191 1517 1279 1545 cum
1312 1503 1410 1545 bona
1418 1502 1504 1559 fide
1521 1533 1533 1550 ,
1562 1511 1598 1542 et
1605 1501 1721 1557 justo
1741 1500 1790 1542 ti-

321 1560 668 1610 tulofflibilominus
684 1566 740 1605 N.
753 1566 807 1606 N.
829 1563 1070 1605 adversarius
1086 1564 1316 1606 sententiam
1325 1560 1576 1615 favorabilem
1595 1562 1643 1602 ab
1664 1559 1717 1600 A.
1741 1559 1785 1603 C.

321 1618 379 1658 Ν.
397 1635 511 1675 super
522 1633 725 1678 praetensa
750 1624 1042 1665 manutentione
1059 1622 1097 1664 in
1113 1621 1348 1680 possessione
1361 1619 1533 1677 ejusdem
1552 1621 1696 1677 domus
1710 1652 1729 1670 ,,
1748 1633 1787 1663 et

302 1673 520 1730 fructuum
540 1680 643 1723 illius
655 1682 900 1741 perceptione
917 1714 929 1732 ‚
960 1698 1037 1725 non
1053 1683 1183 1725 minus
1197 1681 1357 1724 nulliter
1370 1713 1383 1731 ,
1409 1697 1523 1739 quam
1541 1679 1688 1735 injuste'
1702 1694 1789 1721 con-

319 1748 379 1777 tra
398 1737 544 1781 dictum
576 1741 777 1784 Oratorem
798 1741 958 1785 extorsit
977 1758 990 1793 ς
1020 1758 1044 1784 a
1063 1758 1138 1800 qua
1159 1742 1309 1799 quidem
1338 1741 1532 1783 sententia
1559 1738 1661 1780 idem
1683 1740 1787 1781 Ora-

320 1807 382 1856 ῑΟΓ
395 1799 451 1838 dd
467 1799 510 1838 S·
536 1801 584 1843 ll<-
604 1802 808 1858 appellavit
824 1834 837 1852 ,
864 1816 901 1843 et
920 1803 968 1843 a'e
984 1802 1165 1843 nullitate
1183 1800 1290 1841 dixit
1310 1815 1322 1849 ;
1349 1800 1545 1857 supplicat
1560 1797 1683 1857 igitur
1714 1800 1784 1839 ltu-

320 1853 462 1897 militer
475 1859 520 1899 S.
543 1859 594 1902 V.
615 1861 758 1902 Orator
790 1861 1010 1903 antedictus
1030 1893 1043 1911 ,
1068 1874 1117 1905 -ut
1134 1862 1323 1917 dignetur
1355 1859 1522 1901 Causam
1544 1890 1564 1908 „
1583 1869 1621 1900 et
1637 1858 1788 1901 Causas

319 1915 590 1972 appellationis
608 1949 620 1968 ,
661 1931 698 1962 et
725 1918 1028 1978 appellationum
1048 1951 1062 1970 ‚
1089 1919 1278 1965 nullitatis
1295 1948 1309 1966 ‚
1339 1933 1376 1960 et
1393 1918 1613 1960 nullitatum
1631 1933 1684 1962 ex
1714 1916 1786 1960 tri—

319 1973 390 2016 bus
406 1974 624 2033 iniquitatis
640 1990 678 2021 et
694 1980 867 2023 notoriae
884 1978 1099 2036 injustitiae
1117 2009 1131 2029 ,
1162 1978 1266 2033 insra
1283 1977 1455 2036 legitima
1475 1990 1644 2034 tempora
1673 1976 1790 2017 inter-

313 2034 467 2091 positae
486 2068 498 2086 ,
524 2048 562 2079 et
577 2037 897 2097 interpositarum
915 2071 927 2090 ‚
957 2054 1107 2082 necnon
1121 2047 1401 2081 attentatarum
1420 2069 1434 2088 ‚
1459 2046 1498 2079 et
1513 2035 1780 2077 innovatorum

319 2109 681 2155 quorumcumque,
709 2113 758 2141 ac
778 2098 1033 2142 restitutionis
1063 2100 1103 2139 in
1121 2099 1319 2153 integrum
1338 2126 1351 2143 ‚
1373 2105 1498 2150 prout
1528 2096 1577 2134 de
1589 2091 1687 2147 jure
1714 2104 1787 2137 etc.

318 2165 397 2196 una
438 2168 523 2195 cum
558 2158 738 2198 omnibus
769 2156 1023 2200 incidentibus
1049 2184 1063 2202 ,
1097 2152 1399 2218 dependentibus
1428 2182 1442 2201 ,
1475 2151 1754 2209 emergentibus
1772 2181 1785 2201 ,

318 2211 485 2253 annexis
499 2243 512 2260 ‚
538 2213 728 2254 connexis
744 2243 758 2261 ‚
783 2224 938 2269 totoque
959 2210 1113 2269 negotio
1127 2210 1333 2268 principali
1351 2240 1364 2259 ,
1399 2224 1436 2253 et
1449 2226 1565 2268 quam
1587 2242 1599 2260 ,
1630 2221 1668 2253 et
1689 2225 1785 2267 quas

317 2279 389 2311 etc.
406 2268 527 2311 alicui
549 2271 592 2311 S.
617 2271 672 2314 V.'
687 2270 802 2313 Sacri
819 2270 961 2313 Palatii
977 2269 1196 2327 Apostolici
1207 2269 1394 2313 Auditori
1407 2271 1620 2319 audiendi,
1646 2284 1788 2328 cogno-

318 2343 421 2371 scen.
440 2329 616 2372 deciden.
625 2330 786 2387 fineque
801 2329 929 2372 debito
949 2328 1184 2372 terminandi
1200 2362 1213 2379 3
1241 2328 1474 2372 committere
1488 2360 1500 2378 ,
1528 2342 1566 2373 et
1582 2331 1788 2381 mandare,

315 2402 401 2432 cum
418 2386 619 2440 facultate
636 2387 785 2435 citandi
801 2421 813 2438 ‚
843 2388 1039 2431 inhibendi
1053 2403 1172 2447 quos,
1206 2387 1345 2447 quibus
1359 2421 1373 2439 ,
1396 2390 1544 2446 quoties
1561 2419 1574 2438 ‚
1606 2389 1789 2445 constitu-

314 2447 512 2496 tionibus,
543 2446 631 2489 stilo
670 2447 814 2490 Palatii
832 2463 902 2491 etc.
919 2480 932 2499 ,
961 2448 1194 2506 caeterisque
1222 2448 1424 2492 contrariis
1453 2445 1531 2495 non
1556 2448 1787 2493 obstantibus

311 2506 625 2566 quibuscumque
646 2538 660 2562 ‚
696 2517 844 2550 statum
864 2517 936 2550 etc.
957 2524 1027 2568 pro
1042 2508 1152 2563 plene
1169 2521 1239 2550 etce

389 2598 408 2621 ι’
1580 2624 1789 2676 βοωσιίε«
