1952 3167
373 291 424 335 96
743 291 805 325 DE
832 290 944 333 JURE
981 289 1259 326 SIGNATURAE
1285 289 1497 332 JUSTITIAE

374 340 487 376 verint
501 363 512 379 ,
544 337 689 374 incidant
705 337 736 373 in
755 352 866 384 poenas
891 338 1039 385 superins
1055 351 1226 383 expressas
1250 363 1259 372 .
1288 340 1378 373 Cuzn
1401 350 1484 373 vero
1498 349 1513 371 a
1530 338 1724 383 gravamine
1740 362 1750 378 ‚
1768 337 1859 382 quod

375 400 435 434 per
453 387 661 422 definitivam
681 390 823 434 reparari
841 390 955 434 nequit
973 412 982 427 ‚
996 387 1199 433 appellatum
1218 387 1346 427 fuerit,
1365 387 1391 422 si
1409 387 1543 432 quidem
1564 398 1612 427 res
1640 387 1680 420 sit
1696 388 1736 421 de
1752 398 1860 421 carce-

376 437 505 472 ratione
520 436 585 475 jam
606 447 745 482 sequuta
761 451 837 473 cum
857 439 1015 472 Manciam
1044 437 1169 470 verbali
1187 460 1196 474 ‚
1227 439 1289 469 no‘n
1305 436 1401 469 aliter
1416 435 1567 477 expediri
1594 444 1755 478 poterunt
1772 435 1860 470 Inhi-

376 485 518 521 bitiones
535 485 654 531 vigore
686 486 930 531 Appellationis
946 510 955 524 ,
988 496 1086 529 quam
1118 483 1265 517 constito
1286 483 1376 526 prius
1407 485 1447 516 de
1467 484 1536 527 ipsa
1556 484 1777 518 carceratione
1798 494 1859 528 per

378 534 626 579 depositionem
654 534 767 568 saltem
798 535 943 567 duorum
963 532 1098 566 testium
1116 555 1125 564 .
1148 531 1284 564 Interim
1313 540 1422 564 tamen
1440 529 1624 574 Appellans
1647 531 1679 564 in
1713 534 1856 572 eodem,

376 594 446 628 quo
474 583 670 628 reperitur.
691 594 823 616 carcere
853 580 1063 624 permanebit
1079 580 1209 617 ‚donec
1234 579 1332 613 aliter
1356 590 1418 613 ser.
1439 589 1500 613 ser.
1522 579 1708 617 judicatum
1733 578 1861 616 fuerim

378 632 443 666 Ubi
461 643 543 666 vcro
569 639 685 676 agatur
705 632 745 664 de
763 630 909 664 censuris
923 629 989 667 jam
1007 628 1146 673 prolatis
1163 651 1172 667 ,
1187 627 1238 661 vel
1254 629 1294 661 de
1311 627 1569 662 comminatione
1587 627 1837 662 Carcerationis
1852 650 1863 667 ‚

381 679 554 718 Tormrae,
570 688 625 713 aut
640 678 868 713 Censurarum
887 679 1089 712 observetur
1106 676 1247 710 omnino
1260 676 1435 719 dispositio
1452 678 1618 712 dictorum
1637 677 1865 712 Decretorum

382 726 666 774 Congregationis
691 728 935 772 Episcoporum
956 728 1016 761 sub
1036 737 1101 760 rec.
1121 737 1221 760 mem.
1250 724 1428 760 Clemente
1457 726 1578 767 V111.‚
1605 727 1698 766 juxta
1722 723 1866 760 additio-

381 788 437 812 nes
459 801 469 818 ,
503 787 534 810 et
551 776 790 811 declarationes
820 776 881 821 piae
910 787 1009 810 mem.
1028 774 1202 809 Benedicti
1224 775 1318 808 xiil.

476 824 625 859 Ulterius
653 826 683 858 in
706 824 873 870 praedictis
900 824 1020 858 Causis
1053 824 1083 857 in
1102 823 1208 866 prima
1224 823 1381 858 Instantia
1420 824 1642 868 pendentibus
1662 848 1673 863 ‚
1711 824 1766 859 vel
1784 823 1863 858 aliis

380 873 534 919 superius
550 874 739 916 expressis,
769 874 800 907 in
821 874 942 918 quibus
968 884 1032 907 non
1052 872 1241 907 admittitur
1268 872 1444 917 appellatio
1475 872 1506 906 in
1525 871 1724 915 suspensivo
1741 896 1750 910 ‚
1783 873 1866 907 cita-

382 922 491 956 tiones
509 945 520 960 ,
547 932 619 965 quae
647 921 796 967 expediri
823 921 929 955 solent
956 933 1067 956 coram
1103 921 1271 955 Cardinali
1302 923 1484 966 Signatum
1517 922 1653 956 sustitiae
1677 919 1866 962 Praefecto,

380 970 434 1003 vel
453 971 492 1003 ad
509 968 663 1003 effectum
692 968 935 1013 comparendi,
963 971 1014 1003 vel
1035 981 1097 1015 pro
1114 971 1268 1004 adeundo
1284 971 1436 1004 eamdem
1462 971 1673 1015 signaturam
1693 993 1703 1008 ,
1734 970 1868 1005 tametsi

382 1018 421 1051 ab
439 1019 510 1057 ejus
528 1018 693 1052 Auditore
711 1019 917 1064 subscriptas
932 1042 941 1056 ‚
961 1017 1028 1053 vim
1045 1017 1214 1052 inhibendi
1230 1018 1415 1053 nullatenus
1431 1019 1543 1052 sortiri
1562 1031 1657 1062 posse
1671 1018 1832 1053 volumus
1855 1041 1867 1058 ‚

380 1077 500 1112 easque
518 1067 557 1101 ad
574 1067 747 1110 praedictos
764 1067 844 1102 alios
859 1069 1029 1103 dumtaxat
1047 1067 1186 1102 effectus
1203 1091 1213 1107 ‚
1243 1067 1457 1112 comparendi
1480 1066 1612 1102 scilicet
1625 1092 1635 1107 ,
1664 1066 1716 1101 vel
1735 1069 1863 1101 adeun-

383 1117 415 1149 di
434 1116 641 1162 Signaturam
663 1119 836 1162 expeditas
860 1115 986 1151 censeri
1004 1141 1014 1157 ,
1042 1129 1105 1151 non
1127 1126 1239 1151 autem
1255 1117 1294 1151 ad
1311 1117 1541 1152 retardandam
1570 1115 1834 1162 exequutionem
1850 1138 1861 1155 ‚

384 1163 440 1199 vel
455 1166 723 1210 suspendendum
751 1167 946 1204 Processum
963 1167 1001 1200 ad
1019 1165 1178 1200 ulteriora
1195 1189 1205 1199 .

481 1213 637 1259 Denique
666 1216 776 1260 quoad
797 1216 923 1249 Causas
941 1213 1189 1261 privilegians,
1209 1226 1282 1261 quae
1298 1239 1307 1254 ‚
1324 1224 1361 1249 ut
1376 1216 1552 1260 praefertur
1565 1240 1575 1256 ,
1591 1216 1622 1250 in
1638 1216 1747 1260 prima
1764 1214 1864 1249 etiam

380 1261 537 1297 instantia
554 1266 642 1307 apud
660 1264 754 1303 Nos,
783 1274 814 1298 et
833 1265 950 1298 Sedem
970 1263 1198 1307 Apostolicam
1216 1265 1348 1298 tractari
1370 1275 1533 1308 possunt,
1565 1264 1645 1299 nihil
1666 1275 1708 1298 ex
1725 1262 1865 1308 antiquo

382 1314 579 1346 mutandum
596 1323 664 1346 esse
681 1312 836 1348 volumus
851 1337 860 1352 ‚
886 1314 942 1347 sed
962 1312 1139 1349 Monitoria
1167 1313 1199 1346 in
1216 1312 1280 1347 illis
1300 1324 1411 1348 coram
1432 1313 1586 1348 Camerae
1616 1323 1738 1348 nostrae
1770 1322 1870 1358 gene-

384 1358 443 1393 rali
461 1360 627 1395 Auditore
647 1385 657 1401 ,
696 1361 750 1396 vel
768 1364 836 1402 ej'us
853 1362 1171 1397 Locumtenentibus
1187 1385 1196 1399 ‚
1225 1364 1325 1407 prout
1341 1367 1500 1396 hactenus
1533 1361 1742 1397 laudabiliter
1755 1362 1869 1394 obser-

383 1417 501 1442 vatum
532 1419 607 1449 est,
636 1410 844 1453 expedienda
861 1422 931 1445 esse
950 1413 1041 1449 juxta
1073 1409 1305 1455 praescriptum
1334 1409 1605 1452 Apostolicarum
1636 1407 1869 1443 Constitutio-

385 1467 465 1489 num
482 1480 492 1496 ‚
524 1465 556 1490 et
573 1459 756 1500 praesertim
782 1459 838 1492 fel.
855 1470 921 1491 rec.
941 1459 1035 1491 Pauli
1065 1460 1108 1492 V.
1135 1459 1386 1501 praedecessoris
1413 1459 1517 1491 nostri
1556 1459 1587 1492 in
1615 1458 1765 1492 Constit.
1793 1466 1867 1501 quae

385 1504 544 1549 incipit:
571 1505 723 1539 vniversi
738 1519 771 1538 z
798 1518 923 1540 necnon
953 1507 1185 1550 praedictarum
1200 1506 1438 1543 additionum,
1453 1516 1485 1539 et
1507 1506 1775 1540 declarationum
1796 1505 1864 1538 Be-

383 1553 507 1586 nedicti
524 1554 617 1587 Xlll.
631 1577 640 1592 ‚
668 1555 818 1597 exceptis
833 1564 943 1588 tamen
963 1554 1152 1587 Nlonitoriis
1185 1555 1374 1589 intimandis
1401 1554 1484 1587 ultra
1502 1555 1634 1587 Montes
1654 1577 1663 1592 ‚
1697 1554 1729 1587 in
1746 1553 1868 1598 quibus

383 1602 425 1635 ad
443 1600 596 1635 evitanda
611 1601 781 1640 scandala,
809 1610 844 1635 et
860 1601 1060 1645 litigantium
1081 1603 1293 1636 incommoda
1309 1627 1319 1642 ‚
1350 1601 1506 1635 volumus
1522 1601 1664 1636 omnino
1682 1601 1836 1637 renovari
1857 1624 1868 1641 ‚

386 1658 420 1683 et
433 1649 605 1684 observari
630 1648 757 1694 stylum
777 1674 788 1690 ‚
821 1651 877 1695 qui
896 1649 978 1683 olim
994 1650 1026 1684 in
1044 1662 1084 1683 eo
1103 1640 1273 1684 Tribunali
1295 1651 1456 1694 vigebat,
1501 1649 1587 1685 idest
1612 1652 1704 1696 quod
1721 1653 1760 1685 ad
1779 1652 1871 1690 eius-

389 1699 480 1732 modi
511 1697 773 1733 Monitoriorum
804 1698 1051 1741 expeditionem
1075 1710 1138 1732 non
1154 1697 1251 1732 aliter
1267 1700 1489 1740 procedatur,
1519 1702 1618 1743 quam
1637 1699 1755 1734 oblato
1775 1699 1870 1743 prius

389 1747 448 1792 ipsi
464 1746 622 1781 Auditori
636 1770 646 1786 ‚
679 1746 729 1781 vel
750 1748 847 1782 alteri
864 1759 904 1781 ex
918 1749 986 1786 ejus
1006 1748 1327 1782 Locumtenentibus
1342 1771 1352 1786 ‚
1392 1759 1503 1782 coram
1536 1761 1604 1794 quo
1643 1749 1870 1784 Monitorium

387 1795 632 1841 expediendum
650 1798 713 1830 erit
731 1821 742 1837 ‚
777 1795 920 1841 supplici
949 1795 1062 1830 libello
1090 1796 1279 1830 universam
1309 1795 1387 1830 facti
1414 1796 1560 1841 speciem
1578 1796 1664 1831 clare
1683 1822 1693 1836 ,
1722 1806 1754 1832 et
1781 1796 1872 1831 dilu-

385 1845 462 1879 tide
496 1847 689 1880 continente
704 1870 713 1885 ‚
745 1854 778 1879 et
793 1845 920 1890 praevio
936 1845 1033 1881 etiam
1048 1845 1196 1885 ejusdem
1224 1844 1355 1885 judicis
1384 1845 1549 1890 rescripto
1564 1871 1574 1887 ,
1603 1848 1693 1891 quod
1714 1845 1873 1882 Monito-

387 1893 474 1928 rium
492 1893 644 1939 expediri
673 1895 802 1937 possit,
820 1894 920 1937 penes
941 1895 1061 1928 Causae
1075 1894 1276 1932 Notarium,
1290 1893 1342 1928 vel
1360 1895 1558 1930 Actuarium
1577 1920 1586 1933 ‚
1610 1894 1797 1940 diligenter
1817 1905 1874 1929 cu-

384 1942 562 1977 stodiendo
579 1967 588 1976 .
622 1944 661 1977 Et
680 1943 705 1978 si
722 1943 818 1978 aliter
847 1945 947 1988 quam
967 1944 1143 1985 praefertur
1157 1967 1167 1984 ,
1194 1952 1226 1977 et
1240 1945 1363 1986 absque
1380 1945 1473 1978 dicto
1494 1943 1644 1990 vsupplici
1666 1943 1779 1979 libello
1797 1966 1808 1982 ,
1833 1952 1871 1976 ac

383 1990 521 2034 speciali
537 1991 664 2032 Judicis
681 1992 844 2037 rescripto
859 1991 947 2026 dicta
962 1993 1137 2031 Monjtaria
1152 1993 1236 2027 ultra
1254 1993 1384 2026 Montes
1407 1992 1586 2029 intimanda
1612 1993 1779 2037 ‘expedita
1795 1990 1869 2023 fue-

384 2039 472 2080 rint,
503 2040 663 2075 Notarius
682 2041 752 2076 sive
766 2042 948 2076 Actuarius
964 2065 973 2080 ‚
1002 2049 1036 2076 et
1050 2041 1256 2076 substitutus
1271 2064 1281 2081 ‚
1322 2041 1378 2086 qui
1397 2040 1450 2076 illa
1464 2040 1702 2088 expediverit,
1727 2041 1800 2085 ipso
1818 2037 1867 2072 fa-

386 2097 442 2122 cto
457 2088 584 2123 incidat
612 2089 644 2123 in
659 2102 770 2135 poenas
788 2090 944 2135 superius
972 2102 1144 2135 expressas
1163 2115 1172 2125 .

482 2137 607 2172 Omnia
622 2161 632 2176 ‚
661 2138 836 2183 etsingula
868 2141 1027 2172 hactenus
1053 2150 1071 2171 a
1085 2139 1193 2171 Nobis
1239 2138 1399 2180 disposita
1430 2138 1469 2171 ad
1503 2145 1625 2173 rectam
1657 2136 1870 2179 judiciorum

388 2184 583 2218 methodum
613 2185 851 2219 restituendam
868 2186 910 2218 εὸ
927 2183 1109 2227 impensius
1122 2185 1165 2218 ab
1180 2184 1334 2218 omnibus
1354 2186 1471 2219 exacte
1498 2185 1659 2220 custodiri
1679 2209 1688 2224 ,
1710 2194 1742 2220 et
1759 2187 1873 2219 obser-

388 2231 460 2266 vari
478 2233 670 2266 mandamus
686 2256 696 2271 ,
725 2244 793 2277 quo
811 2230 931 2266 clarius
951 2241 1105 2272 constat,
1131 2233 1191 2266 hac
1209 2242 1318 2267 nostra
1339 2233 1592 2268 Constitutione
1609 2246 1672 2268 non
1691 2245 1792 2269 novas
1809 2233 1872 2267 fer-

389 2281 416 2314 ri
436 2303 447 2320 ‚
483 2281 542 2314 sed
558 2280 708 2324 antiquas
736 2280 909 2314 instaurari
932 2279 1023 2322 leges
1042 2279 1186 2324 provide
1202 2305 1212 2319 ‚
1241 2281 1478 2328 sapienterque
1514 2282 1678 2317 institutas
1694 2307 1704 2322 ‚
1741 2290 1773 2316 et
1789 2289 1873 2316 tem-

386 2338 508 2374 porum
538 2328 660 2367 injuria
678 2352 689 2370 ,
728 2340 764 2363 ac
784 2329 957 2362 hominum
986 2327 1101 2362 fraude
1128 2328 1315 2369 absoletas‚
1342 2339 1375 2364 et
1391 2342 1478 2364 novo
1508 2330 1694 2366 Pontificiae
1722 2328 1872 2366 authori·

384 2378 463 2412 tatis
493 2376 647 2421 praesidio
672 2375 875 2411 communiri
901 2377 1053 2411 ordinem
1074 2378 1280 2421 procedendi
1299 2379 1330 2413 in
1352 2379 1470 2414 Causis
1494 2379 1620 2418 jamdiu
1637 2379 1870 2424 praescriptum

385 2425 622 2470 Superioribus
638 2449 648 2465 ,
678 2434 710 2460 et
725 2424 947 2461 inferioribus
974 2424 1211 2461 Tribunalibus
1229 2428 1245 2460 ἐι
1260 2428 1357 2462 Sacra
1370 2428 1562 2463 Tridentina
1579 2428 1720 2473 Synodo
1732 2453 1744 2470 ‚
1773 2428 1865 2461 Con-

384 2475 617 2519 gregationum
649 2473 806 2509 Decretis
826 2497 838 2514 ,
871 2483 903 2508 et
921 2475 1207 2510 Praedccessorum
1238 2476 1440 2511 Nostrorum
1473 2477 1702 2512 Romanorum
1732 2474 1870 2510 Pontifi-

385 2533 462 2557 cum
481 2523 795 2571 constitutionibus
817 2546 829 2564 ‚
854 2522 992 2572 aliisque
1007 2523 1288 2560 ordinationibus
1315 2524 1546 2577 Apostolici55
1579 2526 1730 2573 Ideoque
1755 2522 1868 2612 silifziqi

1799 2582 1820 2606 u
1847 2581 1872 2605 1-
