1993 3195
148 387 275 428 Erant
291 398 399 426 enim
424 385 578 426 Rornae
599 396 667 432 ‚et
708 383 749 424 in
769 384 992 427 Provinciis
1025 357 1178 442 judices
1209 374 1320 436 dati;
1350 389 1423 442 qui
1449 390 1490 431 in
1525 345 1649 434 decu:3

150 445 250 492 rias,
286 443 416 497 inque
433 444 608 487 albuma
641 445 854 492 Praetore,
886 443 946 486 vel
965 444 1144 486 Praeside
1166 444 1471 496 referebantur,
1503 463 1648 513 eosque

149 502 309 544 selectos
328 502 497 560 appellat
526 502 656 544 Cicero
682 501 721 543 in
741 502 925 544 Oratione
939 517 1011 560 pro
1039 504 1248 554 C‘31uentzo
1275 518 1322 544 ex
1361 506 1507 547 horum
1542 507 1653 562 judi-

150 575 244 603 cum
274 575 477 608 numero,
507 562 579 618 qui
611 574 682 603 aut
708 574 836 610 sorte,
867 574 939 603 aut
971 562 1214 619 litigantium
1249 578 1450 606 consensu
1485 565 1650 621 singulis

150 620 319 678 negotiis
355 620 585 671 dabantur,
617 620 777 669 Judices
811 592 892 663 dati
914 620 1184 672 dicebantur3
1216 621 1547 689 Jurisdictionem
1581 640 1651 668 ve-

152 681 198 721 τὸ
234 679 386 721 nullam
429 653 660 729 habeba'nt,
692 679 979 722 tantummodo
1013 681 1155 731 notio,
1195 681 1276 725 sive
1329 682 1506 738 cognitio
1555 698 1655 725 con-

152 739 395 785 troversiae,
424 739 697 782 etsententiae
737 739 909 794 prolatio
937 741 1086 782 eisdem
1113 743 1394 807 competebat,
1427 743 1647 798 exequutio

149 799 246 841 vero
261 798 313 838 ad
334 798 620 864 Magistratum
640 827 652 845 „
686 814 707 840 a
726 813 811 853 quo
834 798 917 840 dati
938 813 1070 848 erant,
1092 800 1351 868 pertinebat,
1380 800 1494 857 juxta
1525 802 1651 858 legem

149 857 278 899 adivo
299 856 366 898 Pio
403 873 466 914 15.
492 858 650 917 Digest.
690 859 737 898 cle
771 873 812 899 re
833 857 1040 913 judicam-
1068 874 1201 915 quum
1232 860 1354 916 igitur
1390 873 1541 901 certum
1563 861 1650 909 sit,

151 915 445 959 Referendariis
472 918 622 959 nullam
646 917 996 959 Iurisdictionem
988 933 1111 961 messe
1129 950 1141 968 ‚
1176 918 1250 960 nist
1291 931 1504 976 postquam
1524 921 1653 962 Emus

151 974 546 1028 vicecancellarius,
578 977 662 1019 sive
683 976 957 1018 Cancellariae
978 975 1132 1035 Regens
1152 977 1378 1034 unicuique
1399 991 1521 1020 certas
1539 978 1652 1020 Cau-

151 1047 214 1076 sas
233 1034 522 1090 assignaverit,
536 1037 616 1080 sive
634 1037 899 1085 commiserit,
917 1037 1136 1079 dicendum
1155 1036 1333 1093 profecto
1349 1050 1432 1084 est,
1453 1036 1652 1092 delegatos

154 1092 232 1134 dici
270 1107 353 1133 non
388 1109 528 1149 posse,
558 1096 628 1137 sed
657 1095 911 1136 solummodo
947 1096 1061 1136 datos
1091 1096 1254 1148 Judices
1287 1125 1299 1144 ,
1349 1094 1500 1160 quibus
1535 1096 1649 1138 notio

153 1150 368 1189 dumtaxat
405 1154 620 1206 competit;
651 1165 689 1191 et
711 1167 846 1193 revera
868 1180 880 1197 ,
916 1154 1086 1215 quando
1112 1154 1191 1193 lata
1225 1154 1420 1194 sententia
1442 1154 1492 1195 ab
1512 1153 1651 1196 iisdem

150 1206 391 1262 exequenda
410 1221 497 1258 est,
528 1208 570 1248 id
586 1208 668 1249 fieri
688 1223 771 1250 non
792 1221 948 1266 potest,
988 1208 1063 1250 nisi
1071 1207 1323 1252 commissio
1345 1211 1651 1263 Exequutoria-

152 1265 197 1309 lis
212 1265 445 1309 obtineatur
461 1270 511 1311 ab
531 1268 672 1310 eodem
701 1268 944 1325 Signaturae
961 1268 1215 1311 Tribunale.

272 1326 419 1383 Quum
447 1343 541 1385 ergo
558 1327 860 1369 Referendarii
851 1343 912 1385 jus
942 1328 1070 1370 dicere
1087 1329 1241 1371 soleant
1273 1330 1314 1370 in
1336 1330 1485 1373 Causis
1503 1330 1648 1397 hujus-

152 1385 286 1435 modi,
311 1400 469 1443 oportet
489 1388 640 1429 idcirco
659 1402 858 1430 assumere
886 1388 938 1429 ad
966 1402 1055 1429 eam
1078 1388 1314 1445 dignitatem
1331 1390 1438 1433 viros
1471 1390 1514 1431 in
1535 1405 1649 1446 jure,

153 1459 191 1488 et
208 1445 327 1501 praxi
348 1445 504 1489 Curiae
521 1447 807 1491 versatissimos
834 1479 846 1496 ,
879 1447 1032 1503 illisque
1068 1449 1259 1497 dotibus,
1287 1463 1331 1490 ac
1362 1450 1649 1506 praerogativis

151 1505 354 1555 donatos,
383 1516 489 1562 quae
509 1507 709 1564 optimum
720 1507 900 1564 judicem
916 1506 1199 1548 constituunt·
1190 1540 1201 1556 ‚
1240 1507 1334 1549 tales
1351 1522 1460 1549 enirn
1479 1522 1544 1551 eos
1561 1510 1648 1551 exi-

150 1564 284 1607 stimat
312 1566 504 1609 Summus
527 1566 744 1617 Pontifex,
774 1581 906 1623 quum
940 1568 984 1606 in
1001 1564 1400 1615 commissionibus,
1438 1582 1543 1623 quae
1576 1567 1648 1610 illis

153 1623 414 1680 diriguntur,
433 1626 650 1684 Magistros
680 1639 826 1676 vocat,
858 1626 912 1669 ita
943 1626 1042 1668 etin
1060 1626 1224 1669 caeteris
1242 1625 1442 1676 actibus,
1434 1641 1475 1667 in
1493 1627 1647 1712 quibus

152 1683 202 1725 de
222 1684 517 1728 Referendariis
541 1701 670 1728 sermo
688 1687 915 1729 habeatur.

267 1745 322 1787 Et
343 1758 393 1787 ex
420 1761 468 1788 eo
495 1746 592 1803 quia
623 1746 671 1787 de
690 1745 843 1788 Causis
870 1744 1166 1789 Commissariis
1189 1760 1319 1788 sermo
1354 1745 1419 1788 hic
1451 1746 1655 1795 occurrit,

151 1814 263 1846 extra
280 1817 363 1845 rem
379 1806 529 1871 quippe
548 1819 631 1848 non
651 1805 725 1847 erit
743 1805 879 1860 aliqua
899 1806 1096 1847 adnotare
1115 1837 1128 1855 ,
1165 1820 1270 1861 quae
1288 1819 1440 1846 munus
1459 1804 1651 1846 Referen-

153 1861 363 1902 dariorum
377 1864 599 1917 respiciunt
616 1863 757 1915 quoad
776 1863 1012 1915 hujusmodi
1026 1865 1217 1910 Causas,
1239 1863 1334 1904 hinc
1350 1863 1520 1917 quando
1534 1862 1655 1905 Cau-

150 1933 194 1959 sa
212 1919 331 1959 alicui
349 1919 594 1984 signatur-’ae
605 1918 894 1961 Referendario
914 1919 1206 1969 committitur,
1222 1936 1359 1962 coram
1378 1936 1425 1962 eo
1445 1935 1653 1978 transpor-

151 1987 292 2018 tantur
309 1989 396 2017 acta
421 1976 567 2032 prioris
585 1976 829 2025 instantiae,
855 1991 892 2018 et
906 1979 1217 2033 producuntur
1209 1993 1251 2018 m
1272 1979 1370 2019 actis
1396 1979 1557 2022 Notarii
1575 1980 1656 2022 Ar-

153 2033 302 2082 chivii‚
335 2034 379 2075 in
414 2034 532 2091 cujus
549 2033 696 2076 Officio
718 2034 826 2076 fiunt
852 2035 1061 2078 citationes
1082 2036 1352 2085 necessariae,
1370 2052 1507 2080 coram
1538 2039 1654 2082 dictis

152 2092 365 2141 Judicibus
386 2091 682 2142 Commissariis
697 2093 986 2151 producendae
1004 2112 1017 2146 ε,
1048 2110 1153 2151 quae
1172 2096 1339 2151 quidem
1364 2097 1572 2141 citationes
1587 2098 1655 2140 fie-

153 2152 188 2194 ri
204 2151 354 2195 debent
381 2168 430 2196 ex
444 2153 665 2197 inveterato
696 2153 784 2195 stilo
801 2154 1063 2209 personaliter
1079 2184 1093 2203 ,
1111 2167 1158 2195 ut
1173 2167 1335 2198 testatur
1365 2156 1559 2199 Salustius
1583 2157 1655 2199 Ti-

150 2211 279 2253 bet-ius
299 2212 402 2268 (1),
442 2227 527 2254 non
559 2225 693 2253 autem
714 2242 728 2262 ‚
767 2224 814 2254 ut
846 2213 966 2254 moris
987 2226 1042 2256 est
1077 2213 1119 2254 in
1150 2215 1318 2256 caeteris
1344 2215 1655 2267 Tribunalibus,

156 2269 316 2313 dimissa
364 2273 508 2330 copia;
539 2270 689 2314 erratio
720 2269 964 2313 differentiae
1008 2287 1055 2315 ea
1096 2273 1253 2326 pridem
1298 2287 1414 2325 erat,
1441 2276 1539 2331 quia
1566 2290 1652 2318 cae·

161 2329 231 2369 teri
267 2330 431 2383 judices
466 2332 548 2374 dies
576 2331 678 2373 fixos
719 2330 953 2373 audientiae
978 2332 1212 2383 habebant,
1250 2306 1530 2377 Comm’issarii
1559 2334 1655 2377 verb

162 2400 301 2430 secus·
291 2422 305 2439 ‚
337 2405 472 2433 coram
490 2390 641 2447 quibus
661 2389 812 2431 idcirco
840 2404 932 2446 pars
957 2391 1123 2436 adversa
1149 2392 1312 2434 citanda
1347 2405 1435 2435 erat
1459 2406 1534 2450 pro
1568 2392 1659 2443 die,

150 2510 154 2515 '
161 2517 1651 2538 —Q———ssssmssss

209 2575 256 2618 (1)
281 2579 347 2610 lib.
370 2588 396 2609 1.
417 2588 484 2623 cap.
509 2590 563 2619 5¹·
576 2591 607 2611 n.
625 2589 655 2622 3.
668 2589 698 2612 et
715 2591 743 2620 ς.
760 2588 790 2611 et
807 2578 894 2613 liba.
915 2588 981 2623 cap.
1001 2588 1048 2620 41.
1064 2591 1096 2612 n.
1116 2590 1145 2610 1.
