1952 3167
351 343 437 389 214
659 332 735 376 DE
760 334 897 383 JURE
919 332 1271 378 SIGNATURAE
1296 334 1552 384 JUSTFNAE

350 401 481 436 mento
498 401 633 450 rogato
652 409 726 451 per
742 407 828 436 acta
848 395 904 436 Ν.
920 395 975 436 Ν.
1009 394 1049 437 in
1068 395 1163 438 actis
1186 395 1354 438 exhibito
1379 425 1389 443 ,
1409 397 1519 452 cujus
1532 396 1683 455 quidem
1703 411 1816 440 man-

351 451 436 495 dati
459 451 592 510 vigore
625 452 774 510 accepit
790 453 907 495 dictae
922 455 1059 496 (lomus
1074 456 1210 496 realem
1234 483 1246 501 ,
1263 465 1301 495 et
1317 457 1505 496 actualem
1536 456 1810 512 possessionem

351 512 515 569 servatis
549 512 595 553 de
614 512 709 568 jure
728 543 741 562 ,
756 528 804 554 ac
827 514 873 553 de
894 513 981 554 stilo
1009 513 1153 554 servari
1183 511 1307 554 solitis
1328 541 1340 559 ,
1366 516 1436 552 sed
1454 514 1543 569 quia
1565 515 1815 559 nihilominus

349 573 476 614 dictus
497 571 553 612 Ν.
568 572 625 613 N.
643 570 884 613 adversarius
902 571 969 612 sub
981 582 1188 628 praetextu
1221 581 1391 614 assertae
1408 571 1640 613 inhibitionis
1667 574 1809 617 dictam

342 630 626 689 possessionem
649 663 662 681 ‚
676 646 722 673 ac
739 629 916 672 mandati
931 630 1243 688 exequutionem,
1262 647 1339 673 non
1358 630 1486 673 minus
1502 632 1680 682 nulliter,
1692 648 1807 688 quam

347 691 490 747 injuste
519 691 567 732 ab
598 691 728 732 eodem
742 690 884 738 Juclice
909 704 996 732 cum
1015 693 1193 732 omnibus
1227 691 1317 733 inde
1337 691 1509 747 sequutis
1537 691 1713 734 revocari
1739 706 1813 734 ex-

349 751 462 792 torsit
476 782 489 800 ,
514 750 624 792 obrid
641 750 740 792 idem
764 752 908 792 Orator
933 751 987 792 ad
1003 751 1046 792 S.
1066 752 1113 793 V.
1131 751 1235 805 infra
1253 751 1425 809 legitima
1445 757 1617 809 tempora
1637 751 1814 809 appella-

349 809 405 852 vit
423 842 435 859 ‚
461 824 508 852 ac
525 811 571 851 de
589 810 764 852 nullitate
778 809 910 860 dix-ite,
939 810 1136 869 supplicat
1153 811 1282 871 igitur
1294 810 1493 854 humiliter
1518 814 1550 854 S
1556 842 1564 853 .
1589 813 1637 856 V.
1668 812 1810 855 Orator

349 868 569 912 antedictus
587 900 599 917 ‚
620 881 662 912 ut
680 870 862 929 dignetur
878 884 952 911 etc.

499 927 746 970 Commissio
780 929 1074 986 Appellationis
1099 930 1144 971 in
1179 930 1340 974 materia
1373 931 1620 974 pensionum
1638 959 1650 971 .

1003 990 1178 1030 Romana

876 1045 1106 1087 Beatissime
1135 1048 1251 1088 Pater
1268 1076 1279 1088 .

441 1101 666 1163 Exponitur
681 1101 873 1145 humiliter
888 1105 932 1145 S.
953 1107 1000 1148 V.
1015 1122 1088 1162 pro
1101 1118 1214 1164 parte
1246 1105 1376 1148 devoti
1393 1105 1570 1150 Oratoris
1580 1104 1698 1148 Ν.Ν.
1715 1105 1816 1164 quod

346 1163 540 1205 mensibus
569 1164 706 1221 elapsis
739 1164 794 1204 N.
809 1164 867 1204 Ν.
901 1166 1145 1209 aduersarius
1173 1166 1250 1223 egit
1282 1182 1408 1208 coram
1437 1168 1476 1207 Α
1513 1168 1556 1208 C.
1583 1167 1626 1208 N
1630 1197 1636 1204 .
1676 1175 1815 1208 contra

351 1222 555 1264 Oratorem
577 1224 646 1272 de,
663 1233 699 1263 et
717 1237 831 1280 super
842 1225 1360 1280 praetensamanutentione
1389 1226 1431 1268 in
1447 1226 1562 1283 quasi
1576 1225 1813 1282 possessione

347 1279 535 1339 exigendi
558 1296 731 1322 annuam
750 1282 970 1337 pensionem
988 1297 1176 1325 assertam
1194 1299 1388 1325 scutorum
1406 1286 1448 1325 Ν
1461 1286 1514 1325 Ν.
1536 1315 1549 1333 ,
1577 1284 1676 1325 alias
1703 1296 1817 1340 supet·

339 1337 536 1394 fiuctibus
559 1339 748 1382 Ecclesiae
766 1341 820 1381 Ν.
833 1343 886 1383 Ν.
904 1370 915 1386 ,
933 1356 974 1383 ut
992 1341 1131 1384 dicitur
1148 1353 1387 1384 reservatam
1400 1357 1417 1390 ,;
1430 1357 1466 1385 et
1490 1342 1582 1386 licet
1599 1342 1727 1384 dictus
1740 1343 1818 1383 ad-

352 1399 546 1441 versarius
563 1415 639 1440 non
672 1401 845 1442 docuerit
872 1402 1002 1443 saltem
1029 1402 1206 1460 legitime
1241 1406 1291 1443 cle
1306 1403 1432 1458 aliqua
1455 1403 1565 1459 quasi
1575 1400 1815 1459 possessione

349 1457 617 1499 manuteniln'li
628 1487 639 1504 ‚
656 1467 692 1497 et
716 1456 753 1496 in
772 1473 925 1498 omnem
945 1473 1120 1500 eventum
1150 1476 1201 1501 ex
1218 1459 1376 1514 juribus
1407 1476 1479 1516 pro
1507 1475 1618 1517 parte
1637 1459 1816 1502 Oratoris

348 1515 549 1573 productis
565 1513 769 1566 manifeste
788 1531 973 1572 appareat
994 1546 1005 1561 ‚
1027 1516 1148 1573 ipsum
1168 1519 1450 1560 Almersarium
1472 1520 1647 1561 habuisse
1669 1534 1709 1560 se
1735 1533 1813 1576 pro

350 1574 510 1630 spoliato
531 1607 542 1624 ‚
558 1574 803 1616 nihilominus
827 1576 1051 1616 sententiam
1065 1576 1320 1629 fizvoralvilem
1340 1579 1388 1619 ab
1405 1580 1533 1619 eodem
1544 1581 1572 1625 J
1576 1579 1688 1620 wlice
1720 1592 1815 1620 con-

349 1645 411 1674 tra
433 1634 636 1675 Oratorem
657 1648 770 1688 super
786 1635 1006 1689 praemissis
1022 1637 1207 1678 extorsit.
1232 1637 1431 1694 Dignetur
1447 1637 1570 1696 igitur
1587 1638 1617 1678 S
1625 1639 1687 1680 .V.
1709 1637 1813 1679 cau-

349 1706 433 1734 sam
454 1722 467 1739 ‚
485 1704 522 1734 et
541 1694 688 1734 Causas
703 1693 978 1749 appellationis
994 1723 1008 1741 ‚
1028 1706 1065 1735 et
1081 1698 1379 1753 appellationum
1396 1729 1407 1746 ‚
1424 1712 1574 1739 necnon
1591 1695 1686 1738 nulli
1693 1695 1785 1738 tatis
1797 1727 1812 1747 ,

350 1762 389 1793 et
415 1752 636 1794 nullitatum
654 1766 705 1792 ex
723 1752 845 1792 tribus
867 1785 877 1801 ‚
894 1753 1110 1810 iniquitatis
1123 1788 1134 1804 ,
1150 1768 1186 1798 et
1203 1756 1366 1797 notarice
1397 1756 1596 1809 injustitiae
1613 1771 1682 1798 etc.
1703 1771 1725 1797 a
1748 1753 1813 1796 di-

350 1824 410 1853 eta
427 1821 574 1853 asserta
589 1811 778 1852 sententia
798 1811 899 1864 infra
920 1813 1095 1866 legitima
1120 1827 1295 1869 tempora
1313 1815 1569 1870 inter-posim,
1587 1826 1623 1856 et
1638 1815 1813 1873 interpo-

352 1870 515 1912 sitarum
530 1901 542 1919 ,
556 1885 704 1913 necnon
721 1881 996 1912 attentatorum
1012 1903 1024 1920 ,
1035 1884 1072 1914 et
1090 1873 1364 1916 innovatorum
1385 1890 1712 1932 quorumcumque
1731 1884 1806 1917 etc.

426 1931 534 1971 Haec
554 1944 731 1986 namque
753 1930 997 1972 Commissio
1017 1932 1172 1988 respicit
1189 1933 1397 1987 judicium
1418 1934 1515 1976 inud
1538 1963 1549 1981 ,
1567 1935 1681 1988 quod
1701 1933 1814 1976 insti-

349 1987 494 2034 mitur,
507 1990 681 2044 ‚quando
695 1989 930 2032 pensionem
953 2021 964 2038 ‚
987 2005 1110 2044 quam
1132 2006 1251 2035 antea
1269 1992 1462 2036 Titularis
1492 1993 1651 2037 solverit
1667 2023 1680 2040 ,
1701 1991 1811 2032 dein-

349 2061 440 2104 ceps
470 2048 622 2090 solvere
642 2049 854 2098 detrectat;
882 2050 913 2092 si
948 2051 1056 2092 enim
1075 2067 1217 2109 agatur
1249 2053 1299 2094 de
1332 2052 1552 2108 pensione,
1570 2065 1673 2106 quae
1709 2063 1810 2091 non-

355 2105 455 2147 dum
481 2107 529 2149 sit
544 2108 672 2150 soluta
687 2140 700 2157 ,
715 2122 753 2150 et
767 2107 826 2148 ille
843 2110 990 2151 solvere
1011 2125 1153 2150 renuet
1169 2141 1182 2158 ‚
1201 2125 1300 2151 tunc
1322 2111 1532 2160 Judicium
1555 2108 1808 2151 immissionis

356 2163 526 2213 dicitur,
541 2180 580 2209 et
594 2166 860 2208 ‚diversimode
876 2164 920 2204 ‘m
942 2164 1241 2208 commissione
1257 2164 1409 2207 factum
1427 2167 1688 2225 exprimitur3
1708 2168 1802 2209 hinc

355 2220 516 2262 alteram
533 2221 766 2278 hujusmodi
782 2220 932 2274 Judicii
951 2220 1288 2267 Commissionem
1303 2255 1316 2274 ,
1341 2240 1463 2282 prout
1492 2228 1612 2270 etiam
1640 2228 1716 2286 egit
1733 2226 1805 2270 Ri-

353 2280 554 2336 delphinus
569 2311 583 2330 ,
614 2280 678 2323 hic
697 2280 1018 2338 transcripsimus
1037 2311 1048 2322 .

972 2341 1147 2384 Romana
1167 2371 1178 2383 .

868 2397 1111 2441 vBeatissime
1139 2404 1252 2442 Pater
1268 2431 1278 2442 .

427 2454 655 2498 Introducto
675 2453 828 2512 judicio
846 2470 974 2507 coram
993 2458 1044 2500 A.
1058 2460 1106 2502 C.
1127 2461 1182 2502 Ν.
1201 2461 1258 2501 ad
1271 2460 1494 2505 instantiam
1511 2460 1569 2504 N.
1590 2463 1646 2505 N.
1665 2461 1806 2506 asserti

363 2511 496 2557 Clerici
527 2516 741 2558 adversarii
757 2526 892 2559 contra
906 2518 1082 2561 devotum
1102 2520 1146 2561 S.
1168 2521 1214 2564 V.
1239 2522 1435 2563 Oratorem
1460 2524 1514 2564 N.
1536 2524 1591 2564 Ν.
1608 2523 1801 2567 Rectorem

360 2574 595 2617 Paroclzialis
610 2575 808 2620 Ecclesiae
825 2574 882 2619 N.
900 2575 958 2620 N.
976 2578 1024 2621 de
1043 2606 1058 2628 ,
1087 2590 1128 2622 et
1144 2594 1263 2639 snper
1278 2578 1511 2626 immissione
1529 2579 1575 2626 in
1599 2579 1805 2640 possessio-

1711 2653 1800 2683 nem
