<?xml version="1.0" encoding="UTF-8"?>
<!DOCTYPE html PUBLIC "-//W3C//DTD XHTML 1.0 Transitional//EN"
    "http://www.w3.org/TR/xhtml1/DTD/xhtml1-transitional.dtd">
<html xmlns="http://www.w3.org/1999/xhtml" xml:lang="en" lang="en">
 <head>
  <title>
</title>
<meta http-equiv="Content-Type" content="text/html;charset=utf-8" />
  <meta name='ocr-system' content='tesseract 3.04.00' />
  <meta name='ocr-capabilities' content='ocr_page ocr_carea ocr_par ocr_line ocrx_word'/>
</head>
<body>
  <div class='ocr_page' id='page_1' title='image "./dejuresignaturae00vita_0093.png"; bbox 0 0 1993 3195; ppageno 0'>
   <div class='ocr_carea' id='block_1_1' title="bbox 92 326 1555 1129">
    <p class='ocr_par' dir='ltr' id='par_1_1' title="bbox 92 326 1555 1129">
     <span class='ocr_line' id='line_1_1' title="bbox 215 326 1552 417; baseline 0.008 -16"><span class='ocrx_word' id='word_1_1' title='bbox 215 361 254 401; x_wconf 87' lang='lat' dir='ltr'><strong>Si</strong></span> <span class='ocrx_word' id='word_1_2' title='bbox 272 362 365 403; x_wconf 72' lang='lat' dir='ltr'><strong>verb</strong></span> <span class='ocrx_word' id='word_1_3' title='bbox 384 374 525 416; x_wconf 77' lang='lat' dir='ltr'>agatur</span> <span class='ocrx_word' id='word_1_4' title='bbox 542 361 589 403; x_wconf 89' lang='lat' dir='ltr'><strong>de</strong></span> <span class='ocrx_word' id='word_1_5' title='bbox 608 360 757 404; x_wconf 86' lang='lat' dir='ltr'><strong>Causis</strong></span> <span class='ocrx_word' id='word_1_6' title='bbox 775 391 787 409; x_wconf 92' lang='lat'>‚</span> <span class='ocrx_word' id='word_1_7' title='bbox 823 375 929 415; x_wconf 88' lang='lat' dir='ltr'><strong>quae</strong></span> <span class='ocrx_word' id='word_1_8' title='bbox 952 359 1277 417; x_wconf 87' lang='lat' dir='ltr'><strong>Appellationem</strong></span> <span class='ocrx_word' id='word_1_9' title='bbox 1295 378 1378 406; x_wconf 87' lang='lat' dir='ltr'><strong>non</strong></span> <span class='ocrx_word' id='word_1_10' title='bbox 1402 326 1552 412; x_wconf 73' lang='lat' dir='ltr'><strong>mere7n9-</strong></span> 
     </span>
     <span class='ocr_line' id='line_1_2' title="bbox 100 417 1552 479; baseline 0.004 -16"><span class='ocrx_word' id='word_1_11' title='bbox 100 434 194 468; x_wconf 90' lang='lat' dir='ltr'><strong>tur,</strong></span> <span class='ocrx_word' id='word_1_12' title='bbox 226 418 290 462; x_wconf 89' lang='lat' dir='ltr'><strong>vel</strong></span> <span class='ocrx_word' id='word_1_13' title='bbox 307 417 579 464; x_wconf 80' lang='lat' dir='ltr'><strong>devolunvam</strong></span> <span class='ocrx_word' id='word_1_14' title='bbox 607 433 798 469; x_wconf 85' lang='lat' dir='ltr'><strong>tantum,</strong></span> <span class='ocrx_word' id='word_1_15' title='bbox 832 434 916 461; x_wconf 89' lang='lat' dir='ltr'><strong>non</strong></span> <span class='ocrx_word' id='word_1_16' title='bbox 949 419 1257 477; x_wconf 82' lang='lat' dir='ltr'><strong>suspensivam,</strong></span> <span class='ocrx_word' id='word_1_17' title='bbox 1284 437 1408 479; x_wconf 91' lang='lat' dir='ltr'><strong>prout</strong></span> <span class='ocrx_word' id='word_1_18' title='bbox 1429 440 1484 468; x_wconf 89' lang='lat' dir='ltr'><strong>est</strong></span> <span class='ocrx_word' id='word_1_19' title='bbox 1511 430 1552 471; x_wconf 89' lang='lat' dir='ltr'><strong>in</strong></span> 
     </span>
     <span class='ocr_line' id='line_1_3' title="bbox 99 477 1552 537; baseline 0.006 -18"><span class='ocrx_word' id='word_1_20' title='bbox 99 477 323 520; x_wconf 87' lang='lat' dir='ltr'><strong>summariis</strong></span> <span class='ocrx_word' id='word_1_21' title='bbox 355 510 368 529; x_wconf 86' lang='lat'><strong>,</strong></span> <span class='ocrx_word' id='word_1_22' title='bbox 401 491 442 522; x_wconf 89' lang='lat' dir='ltr'><strong>et</strong></span> <span class='ocrx_word' id='word_1_23' title='bbox 471 479 692 522; x_wconf 86' lang='lat' dir='ltr'><strong>executivis</strong></span> <span class='ocrx_word' id='word_1_24' title='bbox 717 511 730 529; x_wconf 85' lang='lat'><strong>,</strong></span> <span class='ocrx_word' id='word_1_25' title='bbox 768 494 805 523; x_wconf 89' lang='lat' dir='ltr'><strong>et</strong></span> <span class='ocrx_word' id='word_1_26' title='bbox 835 493 904 537; x_wconf 85' lang='lat' dir='ltr'><strong>per</strong></span> <span class='ocrx_word' id='word_1_27' title='bbox 939 478 1202 536; x_wconf 74' lang='lat' dir='ltr'>appellantem</span> <span class='ocrx_word' id='word_1_28' title='bbox 1237 480 1272 522; x_wconf 90' lang='lat' dir='ltr'><strong>ei</strong></span> <span class='ocrx_word' id='word_1_29' title='bbox 1300 481 1433 526; x_wconf 92' lang='lat' dir='ltr'><strong>locum</strong></span> <span class='ocrx_word' id='word_1_30' title='bbox 1474 499 1552 528; x_wconf 85' lang='lat' dir='ltr'><strong>csse</strong></span> 
     </span>
     <span class='ocr_line' id='line_1_4' title="bbox 95 536 1551 597; baseline 0.005 -18"><span class='ocrx_word' id='word_1_31' title='bbox 95 536 338 580; x_wconf 76' lang='lat' dir='ltr'>sustineatur</span> <span class='ocrx_word' id='word_1_32' title='bbox 367 568 379 586; x_wconf 87' lang='lat'><strong>‚</strong></span> <span class='ocrx_word' id='word_1_33' title='bbox 428 540 581 582; x_wconf 88' lang='lat' dir='ltr'><strong>ratione</strong></span> <span class='ocrx_word' id='word_1_34' title='bbox 606 570 619 590; x_wconf 97' lang='lat'><strong>,</strong></span> <span class='ocrx_word' id='word_1_35' title='bbox 651 554 790 597; x_wconf 82' lang='lat' dir='ltr'><strong>nempe</strong></span> <span class='ocrx_word' id='word_1_36' title='bbox 820 570 833 588; x_wconf 83' lang='lat'><strong>,</strong></span> <span class='ocrx_word' id='word_1_37' title='bbox 869 539 1066 581; x_wconf 86' lang='lat' dir='ltr'><strong>nullitatis</strong></span> <span class='ocrx_word' id='word_1_38' title='bbox 1085 568 1097 586; x_wconf 92' lang='lat'><strong>,</strong></span> <span class='ocrx_word' id='word_1_39' title='bbox 1127 539 1188 582; x_wconf 89' lang='lat' dir='ltr'><strong>vel</strong></span> <span class='ocrx_word' id='word_1_40' title='bbox 1220 540 1466 597; x_wconf 84' lang='lat' dir='ltr'><strong>injustitiae,</strong></span> <span class='ocrx_word' id='word_1_41' title='bbox 1498 545 1551 586; x_wconf 91' lang='lat' dir='ltr'><strong>ob</strong></span> 
     </span>
     <span class='ocr_line' id='line_1_5' title="bbox 95 597 1554 657; baseline 0.006 -22"><span class='ocrx_word' id='word_1_42' title='bbox 95 610 271 650; x_wconf 88' lang='lat' dir='ltr'><strong>quarum</strong></span> <span class='ocrx_word' id='word_1_43' title='bbox 300 612 454 648; x_wconf 87' lang='lat' dir='ltr'><strong>unam,</strong></span> <span class='ocrx_word' id='word_1_44' title='bbox 490 599 679 640; x_wconf 88' lang='lat' dir='ltr'><strong>firmum</strong></span> <span class='ocrx_word' id='word_1_45' title='bbox 671 614 711 640; x_wconf 78' lang='lat' dir='ltr'><strong>in</strong></span> <span class='ocrx_word' id='word_1_46' title='bbox 733 598 846 656; x_wconf 85' lang='lat' dir='ltr'><strong>praxi</strong></span> <span class='ocrx_word' id='word_1_47' title='bbox 865 611 950 646; x_wconf 89' lang='lat' dir='ltr'><strong>est,</strong></span> <span class='ocrx_word' id='word_1_48' title='bbox 983 597 1286 657; x_wconf 78' lang='lat' dir='ltr'><strong>appellationem</strong></span> <span class='ocrx_word' id='word_1_49' title='bbox 1307 615 1387 642; x_wconf 88' lang='lat' dir='ltr'><strong>esse</strong></span> <span class='ocrx_word' id='word_1_50' title='bbox 1408 603 1554 645; x_wconf 89' lang='lat' dir='ltr'><strong>admit-</strong></span> 
     </span>
     <span class='ocr_line' id='line_1_6' title="bbox 96 654 1555 716; baseline 0.005 -21"><span class='ocrx_word' id='word_1_51' title='bbox 96 654 259 696; x_wconf 80' lang='lat' dir='ltr'><strong>tendam</strong></span> <span class='ocrx_word' id='word_1_52' title='bbox 278 685 290 704; x_wconf 91' lang='lat'><strong>,</strong></span> <span class='ocrx_word' id='word_1_53' title='bbox 323 671 420 700; x_wconf 88' lang='lat' dir='ltr'><strong>tunc</strong></span> <span class='ocrx_word' id='word_1_54' title='bbox 440 657 577 715; x_wconf 85' lang='lat' dir='ltr'><strong>plenae</strong></span> <span class='ocrx_word' id='word_1_55' title='bbox 595 659 830 716; x_wconf 82' lang='lat' dir='ltr'><strong>Signaturae</strong></span> <span class='ocrx_word' id='word_1_56' title='bbox 849 655 1049 709; x_wconf 85' lang='lat' dir='ltr'><strong>judicium</strong></span> <span class='ocrx_word' id='word_1_57' title='bbox 1066 658 1366 713; x_wconf 81' lang='lat' dir='ltr'><strong>experiundum</strong></span> <span class='ocrx_word' id='word_1_58' title='bbox 1384 674 1468 703; x_wconf 89' lang='lat' dir='ltr'><strong>est.</strong></span> <span class='ocrx_word' id='word_1_59' title='bbox 1505 663 1555 706; x_wconf 85' lang='lat' dir='ltr'><strong>Et</strong></span> 
     </span>
     <span class='ocr_line' id='line_1_7' title="bbox 95 714 1553 785; baseline 0.006 -31"><span class='ocrx_word' id='word_1_60' title='bbox 95 714 280 768; x_wconf 89' lang='lat' dir='ltr'><strong>quamvis</strong></span> <span class='ocrx_word' id='word_1_61' title='bbox 297 716 544 780; x_wconf 87' lang='lat' dir='ltr'><strong>appellabiles</strong></span> <span class='ocrx_word' id='word_1_62' title='bbox 562 732 705 760; x_wconf 86' lang='lat' dir='ltr'><strong>causae</strong></span> <span class='ocrx_word' id='word_1_63' title='bbox 723 749 740 785; x_wconf 79' lang='lat'><strong>³.</strong></span> <span class='ocrx_word' id='word_1_64' title='bbox 773 717 813 758; x_wconf 92' lang='lat' dir='ltr'><strong>in</strong></span> <span class='ocrx_word' id='word_1_65' title='bbox 830 715 985 784; x_wconf 80' lang='lat' dir='ltr'><strong>quibus</strong></span> <span class='ocrx_word' id='word_1_66' title='bbox 1002 717 1174 759; x_wconf 88' lang='lat' dir='ltr'><strong>dubium</strong></span> <span class='ocrx_word' id='word_1_67' title='bbox 1195 717 1361 774; x_wconf 86' lang='lat' dir='ltr'><strong>aliquod</strong></span> <span class='ocrx_word' id='word_1_68' title='bbox 1383 720 1459 769; x_wconf 86' lang='lat' dir='ltr'><strong>sit,</strong></span> <span class='ocrx_word' id='word_1_69' title='bbox 1490 736 1553 763; x_wconf 87' lang='lat' dir='ltr'><strong>eo·</strong></span> 
     </span>
     <span class='ocr_line' id='line_1_8' title="bbox 96 771 1552 835; baseline 0.007 -22"><span class='ocrx_word' id='word_1_70' title='bbox 96 771 186 813; x_wconf 91' lang='lat' dir='ltr'><strong>dem</strong></span> <span class='ocrx_word' id='word_1_71' title='bbox 217 772 362 816; x_wconf 87' lang='lat' dir='ltr'><strong>ordine</strong></span> <span class='ocrx_word' id='word_1_72' title='bbox 380 775 566 835; x_wconf 87' lang='lat' dir='ltr'><strong>superius</strong></span> <span class='ocrx_word' id='word_1_73' title='bbox 593 777 786 819; x_wconf 83' lang='lat' dir='ltr'><strong>recensito</strong></span> <span class='ocrx_word' id='word_1_74' title='bbox 810 775 957 833; x_wconf 79' lang='lat' dir='ltr'><strong>signari</strong></span> <span class='ocrx_word' id='word_1_75' title='bbox 975 775 1158 832; x_wconf 86' lang='lat' dir='ltr'><strong>possint;</strong></span> <span class='ocrx_word' id='word_1_76' title='bbox 1191 776 1293 819; x_wconf 83' lang='lat' dir='ltr'><strong>itaut</strong></span> <span class='ocrx_word' id='word_1_77' title='bbox 1321 778 1456 820; x_wconf 87' lang='lat' dir='ltr'><strong>citatio</strong></span> <span class='ocrx_word' id='word_1_78' title='bbox 1483 781 1552 823; x_wconf 88' lang='lat' dir='ltr'><strong>fiat</strong></span> 
     </span>
     <span class='ocr_line' id='line_1_9' title="bbox 93 834 1553 892; baseline 0.005 -18"><span class='ocrx_word' id='word_1_79' title='bbox 93 846 230 874; x_wconf 89' lang='lat' dir='ltr'><strong>coram</strong></span> <span class='ocrx_word' id='word_1_80' title='bbox 246 834 432 879; x_wconf 83' lang='lat' dir='ltr'><strong>Revisore</strong></span> <span class='ocrx_word' id='word_1_81' title='bbox 450 868 463 886; x_wconf 91' lang='lat'><strong>,</strong></span> <span class='ocrx_word' id='word_1_82' title='bbox 490 835 550 879; x_wconf 86' lang='lat' dir='ltr'><strong>vel</strong></span> <span class='ocrx_word' id='word_1_83' title='bbox 576 851 710 878; x_wconf 88' lang='lat' dir='ltr'><strong>coram</strong></span> <span class='ocrx_word' id='word_1_84' title='bbox 742 834 984 892; x_wconf 82' lang='lat' dir='ltr'><strong>Signaturae</strong></span> <span class='ocrx_word' id='word_1_85' title='bbox 1008 835 1211 878; x_wconf 84' lang='lat' dir='ltr'><strong>Praefecto</strong></span> <span class='ocrx_word' id='word_1_86' title='bbox 1244 836 1296 877; x_wconf 89' lang='lat' dir='ltr'><strong>ad</strong></span> <span class='ocrx_word' id='word_1_87' title='bbox 1335 837 1553 881; x_wconf 86' lang='lat' dir='ltr'><strong>dicendum</strong></span> 
     </span>
     <span class='ocr_line' id='line_1_10' title="bbox 93 893 1552 952; baseline 0.004 -19"><span class='ocrx_word' id='word_1_88' title='bbox 93 905 258 933; x_wconf 89' lang='lat' dir='ltr'><strong>causam</strong></span> <span class='ocrx_word' id='word_1_89' title='bbox 275 924 288 943; x_wconf 88' lang='lat'><strong>,</strong></span> <span class='ocrx_word' id='word_1_90' title='bbox 319 910 444 950; x_wconf 87' lang='lat' dir='ltr'><strong>quare</strong></span> <span class='ocrx_word' id='word_1_91' title='bbox 462 895 689 938; x_wconf 79' lang='lat' dir='ltr'><strong>commissio</strong></span> <span class='ocrx_word' id='word_1_92' title='bbox 705 893 857 952; x_wconf 81' lang='lat' dir='ltr'><strong>signari</strong></span> <span class='ocrx_word' id='word_1_93' title='bbox 874 908 959 934; x_wconf 89' lang='lat' dir='ltr'><strong>non</strong></span> <span class='ocrx_word' id='word_1_94' title='bbox 976 893 1145 944; x_wconf 79' lang='lat' dir='ltr'><strong>debeat;</strong></span> <span class='ocrx_word' id='word_1_95' title='bbox 1162 910 1246 937; x_wconf 91' lang='lat' dir='ltr'><strong>mos</strong></span> <span class='ocrx_word' id='word_1_96' title='bbox 1263 909 1400 938; x_wconf 86' lang='lat' dir='ltr'><strong>tamen</strong></span> <span class='ocrx_word' id='word_1_97' title='bbox 1422 898 1552 941; x_wconf 78' lang='lat' dir='ltr'><strong>novis·</strong></span> 
     </span>
     <span class='ocr_line' id='line_1_11' title="bbox 92 949 1553 1011; baseline 0.004 -20"><span class='ocrx_word' id='word_1_98' title='bbox 92 949 199 993; x_wconf 80' lang='lat' dir='ltr'><strong>simis</strong></span> <span class='ocrx_word' id='word_1_99' title='bbox 225 951 283 994; x_wconf 84' lang='lat' dir='ltr'><strong>his</strong></span> <span class='ocrx_word' id='word_1_100' title='bbox 300 953 547 1011; x_wconf 88' lang='lat' dir='ltr'><strong>temporibus</strong></span> <span class='ocrx_word' id='word_1_101' title='bbox 563 954 737 998; x_wconf 90' lang='lat' dir='ltr'><strong>invaluit</strong></span> <span class='ocrx_word' id='word_1_102' title='bbox 756 986 770 1005; x_wconf 84' lang='lat'><strong>,</strong></span> <span class='ocrx_word' id='word_1_103' title='bbox 800 967 844 996; x_wconf 93' lang='lat' dir='ltr'><strong>ut</strong></span> <span class='ocrx_word' id='word_1_104' title='bbox 870 967 1087 995; x_wconf 87' lang='lat' dir='ltr'><strong>causarum</strong></span> <span class='ocrx_word' id='word_1_105' title='bbox 1105 955 1272 997; x_wconf 88' lang='lat' dir='ltr'><strong>Patroni</strong></span> <span class='ocrx_word' id='word_1_106' title='bbox 1290 955 1343 996; x_wconf 85' lang='lat' dir='ltr'><strong>ad</strong></span> <span class='ocrx_word' id='word_1_107' title='bbox 1362 955 1553 998; x_wconf 87' lang='lat' dir='ltr'><strong>circuitus</strong></span> 
     </span>
     <span class='ocr_line' id='line_1_12' title="bbox 93 1009 1552 1079; baseline 0.003 -29"><span class='ocrx_word' id='word_1_108' title='bbox 93 1009 303 1053; x_wconf 87' lang='lat' dir='ltr'><strong>evitandos</strong></span> <span class='ocrx_word' id='word_1_109' title='bbox 325 1041 339 1060; x_wconf 86' lang='lat'>‚</span> <span class='ocrx_word' id='word_1_110' title='bbox 370 1012 414 1053; x_wconf 91' lang='lat' dir='ltr'><strong>in</strong></span> <span class='ocrx_word' id='word_1_111' title='bbox 430 1013 795 1079; x_wconf 84' lang='lat' dir='ltr'><strong>appellationibus,</strong></span> <span class='ocrx_word' id='word_1_112' title='bbox 821 1013 863 1053; x_wconf 91' lang='lat' dir='ltr'><strong>in</strong></span> <span class='ocrx_word' id='word_1_113' title='bbox 891 1013 1043 1067; x_wconf 90' lang='lat' dir='ltr'><strong>quibus</strong></span> <span class='ocrx_word' id='word_1_114' title='bbox 1069 1013 1241 1056; x_wconf 89' lang='lat' dir='ltr'><strong>dubium</strong></span> <span class='ocrx_word' id='word_1_115' title='bbox 1273 1014 1441 1067; x_wconf 83' lang='lat' dir='ltr'><strong>aliquod</strong></span> <span class='ocrx_word' id='word_1_116' title='bbox 1470 1015 1520 1056; x_wconf 89' lang='lat' dir='ltr'><strong>sit</strong></span> <span class='ocrx_word' id='word_1_117' title='bbox 1538 1045 1552 1065; x_wconf 93' lang='lat'><strong>,</strong></span> 
     </span>
     <span class='ocr_line' id='line_1_13' title="bbox 92 1069 1552 1129; baseline 0.003 -20"><span class='ocrx_word' id='word_1_118' title='bbox 92 1082 146 1110; x_wconf 87' lang='lat' dir='ltr'><strong>an</strong></span> <span class='ocrx_word' id='word_1_119' title='bbox 166 1069 320 1112; x_wconf 87' lang='lat' dir='ltr'><strong>admitti</strong></span> <span class='ocrx_word' id='word_1_120' title='bbox 341 1100 354 1118; x_wconf 95' lang='lat'><strong>,</strong></span> <span class='ocrx_word' id='word_1_121' title='bbox 386 1071 447 1114; x_wconf 89' lang='lat' dir='ltr'><strong>vel</strong></span> <span class='ocrx_word' id='word_1_122' title='bbox 466 1070 573 1123; x_wconf 83' lang='lat' dir='ltr'><strong>rejici</strong></span> <span class='ocrx_word' id='word_1_123' title='bbox 593 1084 822 1113; x_wconf 83' lang='lat' dir='ltr'><strong>mereantur</strong></span> <span class='ocrx_word' id='word_1_124' title='bbox 842 1103 854 1120; x_wconf 84' lang='lat'>‚</span> <span class='ocrx_word' id='word_1_125' title='bbox 887 1072 1086 1128; x_wconf 85' lang='lat' dir='ltr'><strong>extemplo</strong></span> <span class='ocrx_word' id='word_1_126' title='bbox 1104 1072 1262 1128; x_wconf 83' lang='lat' dir='ltr'><strong>plenam</strong></span> <span class='ocrx_word' id='word_1_127' title='bbox 1281 1072 1389 1114; x_wconf 89' lang='lat' dir='ltr'><strong>adire</strong></span> <span class='ocrx_word' id='word_1_128' title='bbox 1408 1070 1552 1129; x_wconf 80' lang='lat' dir='ltr'><strong>Signa·</strong></span> 
     </span>
    </p>
   </div>
   <div class='ocr_carea' id='block_1_2' title="bbox 91 1129 1552 1241">
    <p class='ocr_par' dir='ltr' id='par_1_2' title="bbox 91 1129 1552 1241">
     <span class='ocr_line' id='line_1_14' title="bbox 91 1129 1552 1185; baseline 0.003 -18"><span class='ocrx_word' id='word_1_129' title='bbox 91 1138 227 1168; x_wconf 87' lang='lat' dir='ltr'><strong>turam</strong></span> <span class='ocrx_word' id='word_1_130' title='bbox 246 1129 440 1169; x_wconf 86' lang='lat' dir='ltr'><strong>festinant</strong></span> <span class='ocrx_word' id='word_1_131' title='bbox 456 1130 558 1182; x_wconf 82' lang='grc' dir='ltr'>(ι).</span> <span class='ocrx_word' id='word_1_132' title='bbox 586 1131 692 1170; x_wconf 89' lang='lat' dir='ltr'><strong>Hinc</strong></span> <span class='ocrx_word' id='word_1_133' title='bbox 711 1131 933 1169; x_wconf 87' lang='lat' dir='ltr'><strong>hodiedum</strong></span> <span class='ocrx_word' id='word_1_134' title='bbox 950 1130 1280 1183; x_wconf 85' lang='lat' dir='ltr'><strong>commissiones,</strong></span> <span class='ocrx_word' id='word_1_135' title='bbox 1305 1145 1409 1185; x_wconf 89' lang='lat' dir='ltr'><strong>quae</strong></span> <span class='ocrx_word' id='word_1_136' title='bbox 1430 1130 1471 1171; x_wconf 90' lang='lat' dir='ltr'><strong>in</strong></span> <span class='ocrx_word' id='word_1_137' title='bbox 1492 1146 1552 1173; x_wconf 90' lang='lat' dir='ltr'><strong>ca·</strong></span> 
     </span>
     <span class='ocr_line' id='line_1_15' title="bbox 91 1182 1552 1241; baseline 0.002 -16"><span class='ocrx_word' id='word_1_138' title='bbox 91 1197 198 1225; x_wconf 88' lang='lat' dir='ltr'><strong>mera</strong></span> <span class='ocrx_word' id='word_1_139' title='bbox 219 1184 270 1225; x_wconf 82' lang='lat' dir='ltr'><strong>ab</strong></span> <span class='ocrx_word' id='word_1_140' title='bbox 287 1182 610 1226; x_wconf 87' lang='lat' dir='ltr'><strong>Eminentissimo</strong></span> <span class='ocrx_word' id='word_1_141' title='bbox 628 1185 830 1225; x_wconf 87' lang='lat' dir='ltr'><strong>Praefecto</strong></span> <span class='ocrx_word' id='word_1_142' title='bbox 860 1185 1104 1239; x_wconf 80' lang='lat' dir='ltr'><strong>signantur,</strong></span> <span class='ocrx_word' id='word_1_143' title='bbox 1124 1187 1343 1241; x_wconf 84' lang='lat' dir='ltr'><strong>respiciunt</strong></span> <span class='ocrx_word' id='word_1_144' title='bbox 1358 1202 1423 1227; x_wconf 85' lang='lat' dir='ltr'><strong>eas</strong></span> <span class='ocrx_word' id='word_1_145' title='bbox 1458 1201 1552 1228; x_wconf 87' lang='lat' dir='ltr'><strong>tan-</strong></span> 
     </span>
    </p>
   </div>
   <div class='ocr_carea' id='block_1_3' title="bbox 88 1242 1567 2360">
    <p class='ocr_par' dir='ltr' id='par_1_3' title="bbox 89 1242 1554 1420">
     <span class='ocr_line' id='line_1_16' title="bbox 91 1242 1554 1300; baseline 0.003 -16"><span class='ocrx_word' id='word_1_146' title='bbox 91 1243 304 1285; x_wconf 88' lang='lat' dir='ltr'><strong>tummodo</strong></span> <span class='ocrx_word' id='word_1_147' title='bbox 321 1258 491 1294; x_wconf 78' lang='lat' dir='ltr'><strong>causas,</strong></span> <span class='ocrx_word' id='word_1_148' title='bbox 518 1243 560 1285; x_wconf 90' lang='lat' dir='ltr'><strong>in</strong></span> <span class='ocrx_word' id='word_1_149' title='bbox 579 1242 735 1299; x_wconf 90' lang='lat' dir='ltr'><strong>quibus</strong></span> <span class='ocrx_word' id='word_1_150' title='bbox 756 1243 804 1284; x_wconf 89' lang='lat' dir='ltr'><strong>de</strong></span> <span class='ocrx_word' id='word_1_151' title='bbox 823 1242 1085 1299; x_wconf 83' lang='lat' dir='ltr'><strong>appellatione</strong></span> <span class='ocrx_word' id='word_1_152' title='bbox 1107 1243 1247 1284; x_wconf 88' lang='lat' dir='ltr'><strong>nulla</strong></span> <span class='ocrx_word' id='word_1_153' title='bbox 1237 1257 1340 1287; x_wconf 84' lang='lat' dir='ltr'><strong>mter</strong></span> <span class='ocrx_word' id='word_1_154' title='bbox 1357 1256 1487 1300; x_wconf 84' lang='lat' dir='ltr'><strong>partes</strong></span> <span class='ocrx_word' id='word_1_155' title='bbox 1505 1246 1554 1288; x_wconf 89' lang='lat' dir='ltr'><strong>sit</strong></span> 
     </span>
     <span class='ocr_line' id='line_1_17' title="bbox 92 1301 1553 1359; baseline 0.002 -16"><span class='ocrx_word' id='word_1_156' title='bbox 92 1301 344 1359; x_wconf 88' lang='lat' dir='ltr'><strong>disputatio;</strong></span> <span class='ocrx_word' id='word_1_157' title='bbox 381 1318 468 1344; x_wconf 90' lang='lat' dir='ltr'><strong>non</strong></span> <span class='ocrx_word' id='word_1_158' title='bbox 492 1304 640 1346; x_wconf 89' lang='lat' dir='ltr'><strong>mirum</strong></span> <span class='ocrx_word' id='word_1_159' title='bbox 672 1301 823 1344; x_wconf 72' lang='lat' dir='ltr'><strong>idcirco</strong></span> <span class='ocrx_word' id='word_1_160' title='bbox 858 1314 943 1352; x_wconf 87' lang='lat' dir='ltr'><strong>est,</strong></span> <span class='ocrx_word' id='word_1_161' title='bbox 975 1302 1006 1344; x_wconf 91' lang='lat' dir='ltr'><strong>si</strong></span> <span class='ocrx_word' id='word_1_162' title='bbox 1028 1317 1244 1345; x_wconf 88' lang='lat' dir='ltr'><strong>causarum</strong></span> <span class='ocrx_word' id='word_1_163' title='bbox 1277 1317 1474 1345; x_wconf 88' lang='lat' dir='ltr'><strong>numerus</strong></span> <span class='ocrx_word' id='word_1_164' title='bbox 1508 1304 1553 1346; x_wconf 89' lang='lat' dir='ltr'><strong>in</strong></span> 
     </span>
     <span class='ocr_line' id='line_1_18' title="bbox 89 1361 811 1420; baseline 0.001 -17"><span class='ocrx_word' id='word_1_165' title='bbox 89 1361 305 1420; x_wconf 85' lang='lat' dir='ltr'><strong>Signatura</strong></span> <span class='ocrx_word' id='word_1_166' title='bbox 335 1377 589 1419; x_wconf 87' lang='lat' dir='ltr'><strong>summopere</strong></span> <span class='ocrx_word' id='word_1_167' title='bbox 605 1362 811 1406; x_wconf 86' lang='lat' dir='ltr'><strong>excrevit.</strong></span> 
     </span>
    </p>

    <p class='ocr_par' dir='ltr' id='par_1_4' title="bbox 88 1421 1567 2360">
     <span class='ocr_line' id='line_1_19' title="bbox 210 1421 1552 1487; baseline 0.001 -25"><span class='ocrx_word' id='word_1_168' title='bbox 210 1422 262 1462; x_wconf 84' lang='lat' dir='ltr'><strong>Et</strong></span> <span class='ocrx_word' id='word_1_169' title='bbox 279 1435 327 1462; x_wconf 87' lang='lat' dir='ltr'><strong>ex</strong></span> <span class='ocrx_word' id='word_1_170' title='bbox 354 1436 404 1463; x_wconf 87' lang='lat' dir='ltr'><strong>eo</strong></span> <span class='ocrx_word' id='word_1_171' title='bbox 420 1423 517 1478; x_wconf 87' lang='lat' dir='ltr'><strong>quia</strong></span> <span class='ocrx_word' id='word_1_172' title='bbox 536 1437 620 1464; x_wconf 91' lang='lat' dir='ltr'><strong>non</strong></span> <span class='ocrx_word' id='word_1_173' title='bbox 640 1437 779 1464; x_wconf 90' lang='lat' dir='ltr'><strong>omnes</strong></span> <span class='ocrx_word' id='word_1_174' title='bbox 799 1435 892 1463; x_wconf 89' lang='lat' dir='ltr'><strong>mox</strong></span> <span class='ocrx_word' id='word_1_175' title='bbox 910 1435 1110 1477; x_wconf 82' lang='lat' dir='ltr'><strong>expressae</strong></span> <span class='ocrx_word' id='word_1_176' title='bbox 1127 1435 1274 1487; x_wconf 79' lang='lat' dir='ltr'><strong>causae</strong></span> <span class='ocrx_word' id='word_1_177' title='bbox 1288 1453 1300 1471; x_wconf 92' lang='lat'><strong>,</strong></span> <span class='ocrx_word' id='word_1_178' title='bbox 1337 1421 1378 1462; x_wconf 91' lang='lat' dir='ltr'><strong>in</strong></span> <span class='ocrx_word' id='word_1_179' title='bbox 1398 1422 1552 1475; x_wconf 90' lang='lat' dir='ltr'><strong>quibus</strong></span> 
     </span>
     <span class='ocr_line' id='line_1_20' title="bbox 91 1479 1553 1538; baseline 0 -16"><span class='ocrx_word' id='word_1_180' title='bbox 91 1480 361 1524; x_wconf 87' lang='lat' dir='ltr'><strong>controversia</strong></span> <span class='ocrx_word' id='word_1_181' title='bbox 380 1481 482 1524; x_wconf 86' lang='lat' dir='ltr'><strong>inter</strong></span> <span class='ocrx_word' id='word_1_182' title='bbox 499 1485 631 1524; x_wconf 89' lang='lat' dir='ltr'><strong>Partes</strong></span> <span class='ocrx_word' id='word_1_183' title='bbox 649 1481 728 1532; x_wconf 88' lang='lat' dir='ltr'><strong>sit,</strong></span> <span class='ocrx_word' id='word_1_184' title='bbox 761 1496 813 1523; x_wconf 90' lang='lat' dir='ltr'><strong>an</strong></span> <span class='ocrx_word' id='word_1_185' title='bbox 831 1479 984 1522; x_wconf 88' lang='lat' dir='ltr'><strong>admitti</strong></span> <span class='ocrx_word' id='word_1_186' title='bbox 1005 1509 1018 1526; x_wconf 94' lang='lat'>‚</span> <span class='ocrx_word' id='word_1_187' title='bbox 1052 1480 1112 1523; x_wconf 89' lang='lat' dir='ltr'><strong>vel</strong></span> <span class='ocrx_word' id='word_1_188' title='bbox 1132 1479 1238 1523; x_wconf 86' lang='lat' dir='ltr'><strong>reiici</strong></span> <span class='ocrx_word' id='word_1_189' title='bbox 1261 1480 1404 1522; x_wconf 88' lang='lat' dir='ltr'><strong>debeat</strong></span> <span class='ocrx_word' id='word_1_190' title='bbox 1420 1482 1553 1538; x_wconf 84' lang='lat' dir='ltr'><strong>appel·</strong></span> 
     </span>
     <span class='ocr_line' id='line_1_21' title="bbox 90 1537 1551 1599; baseline 0.002 -20"><span class='ocrx_word' id='word_1_191' title='bbox 90 1537 185 1581; x_wconf 89' lang='lat' dir='ltr'><strong>latio</strong></span> <span class='ocrx_word' id='word_1_192' title='bbox 205 1567 218 1586; x_wconf 92' lang='lat'><strong>,</strong></span> <span class='ocrx_word' id='word_1_193' title='bbox 249 1539 290 1580; x_wconf 92' lang='lat' dir='ltr'><strong>in</strong></span> <span class='ocrx_word' id='word_1_194' title='bbox 307 1539 424 1596; x_wconf 86' lang='lat' dir='ltr'><strong>plena</strong></span> <span class='ocrx_word' id='word_1_195' title='bbox 443 1539 690 1599; x_wconf 81' lang='lat' dir='ltr'><strong>Signatura</strong></span> <span class='ocrx_word' id='word_1_196' title='bbox 679 1555 770 1594; x_wconf 66' lang='lat' dir='ltr'><strong>jure</strong></span> <span class='ocrx_word' id='word_1_197' title='bbox 792 1538 965 1596; x_wconf 87' lang='lat' dir='ltr'><strong>proponi</strong></span> <span class='ocrx_word' id='word_1_198' title='bbox 980 1551 1179 1596; x_wconf 91' lang='lat' dir='ltr'><strong>possunt</strong></span> <span class='ocrx_word' id='word_1_199' title='bbox 1167 1572 1179 1589; x_wconf 80' lang='grc'>,</span> <span class='ocrx_word' id='word_1_200' title='bbox 1215 1552 1389 1585; x_wconf 88' lang='lat' dir='ltr'><strong>rectam,</strong></span> <span class='ocrx_word' id='word_1_201' title='bbox 1417 1553 1462 1583; x_wconf 91' lang='lat' dir='ltr'><strong>ut</strong></span> <span class='ocrx_word' id='word_1_202' title='bbox 1478 1554 1551 1597; x_wconf 87' lang='lat' dir='ltr'><strong>par</strong></span> 
     </span>
     <span class='ocr_line' id='line_1_22' title="bbox 89 1597 1549 1653; baseline 0.002 -15"><span class='ocrx_word' id='word_1_203' title='bbox 89 1610 175 1647; x_wconf 86' lang='lat' dir='ltr'><strong>est,</strong></span> <span class='ocrx_word' id='word_1_204' title='bbox 205 1598 442 1641; x_wconf 89' lang='lat' dir='ltr'><strong>methodum</strong></span> <span class='ocrx_word' id='word_1_205' title='bbox 463 1600 692 1650; x_wconf 87' lang='lat' dir='ltr'><strong>servando,</strong></span> <span class='ocrx_word' id='word_1_206' title='bbox 727 1597 965 1653; x_wconf 78' lang='lat' dir='ltr'><strong>hujusmodi</strong></span> <span class='ocrx_word' id='word_1_207' title='bbox 1008 1613 1151 1641; x_wconf 86' lang='lat' dir='ltr'><strong>causas</strong></span> <span class='ocrx_word' id='word_1_208' title='bbox 1172 1599 1225 1640; x_wconf 85' lang='lat' dir='ltr'><strong>ad</strong></span> <span class='ocrx_word' id='word_1_209' title='bbox 1256 1599 1340 1640; x_wconf 87' lang='lat' dir='ltr'><strong>duo</strong></span> <span class='ocrx_word' id='word_1_210' title='bbox 1371 1611 1549 1642; x_wconf 88' lang='lat' dir='ltr'><strong>tantum-</strong></span> 
     </span>
     <span class='ocr_line' id='line_1_23' title="bbox 89 1657 1551 1718; baseline 0.001 -21"><span class='ocrx_word' id='word_1_211' title='bbox 89 1657 212 1698; x_wconf 90' lang='lat' dir='ltr'><strong>modo</strong></span> <span class='ocrx_word' id='word_1_212' title='bbox 224 1672 373 1715; x_wconf 83' lang='lat' dir='ltr'><strong>genera</strong></span> <span class='ocrx_word' id='word_1_213' title='bbox 393 1659 639 1717; x_wconf 82' lang='lat' dir='ltr'><strong>redigendo,</strong></span> <span class='ocrx_word' id='word_1_214' title='bbox 672 1673 949 1718; x_wconf 84' lang='lat' dir='ltr'><strong>exponemus,</strong></span> <span class='ocrx_word' id='word_1_215' title='bbox 986 1657 1126 1712; x_wconf 89' lang='lat' dir='ltr'><strong>quid</strong></span> <span class='ocrx_word' id='word_1_216' title='bbox 1115 1673 1157 1699; x_wconf 91' lang='lat' dir='ltr'><strong>1n</strong></span> <span class='ocrx_word' id='word_1_217' title='bbox 1198 1673 1454 1713; x_wconf 86' lang='lat' dir='ltr'><strong>unoquoque</strong></span> <span class='ocrx_word' id='word_1_218' title='bbox 1482 1672 1551 1698; x_wconf 86' lang='lat' dir='ltr'><strong>ea-</strong></span> 
     </span>
     <span class='ocr_line' id='line_1_24' title="bbox 88 1715 1551 1782; baseline 0.001 -25"><span class='ocrx_word' id='word_1_219' title='bbox 88 1729 180 1757; x_wconf 88' lang='lat' dir='ltr'><strong>rum</strong></span> <span class='ocrx_word' id='word_1_220' title='bbox 198 1718 446 1760; x_wconf 72' lang='lat' dir='ltr'><strong>servandum</strong></span> <span class='ocrx_word' id='word_1_221' title='bbox 463 1720 512 1762; x_wconf 89' lang='lat' dir='ltr'><strong>sit</strong></span> <span class='ocrx_word' id='word_1_222' title='bbox 527 1720 579 1762; x_wconf 87' lang='lat' dir='ltr'><strong>ad</strong></span> <span class='ocrx_word' id='word_1_223' title='bbox 598 1718 782 1762; x_wconf 81' lang='lat' dir='ltr'><strong>effectum</strong></span> <span class='ocrx_word' id='word_1_224' title='bbox 800 1715 980 1761; x_wconf 83' lang='lat' dir='ltr'><strong>adeundi</strong></span> <span class='ocrx_word' id='word_1_225' title='bbox 997 1716 1157 1773; x_wconf 86' lang='lat' dir='ltr'><strong>plenam</strong></span> <span class='ocrx_word' id='word_1_226' title='bbox 1175 1718 1462 1782; x_wconf 79' lang='lat' dir='ltr'><strong>Signaturam.</strong></span> <span class='ocrx_word' id='word_1_227' title='bbox 1499 1717 1551 1760; x_wconf 87' lang='lat' dir='ltr'><strong>Et</strong></span> 
     </span>
     <span class='ocr_line' id='line_1_25' title="bbox 89 1774 1551 1843; baseline 0.001 -29"><span class='ocrx_word' id='word_1_228' title='bbox 89 1774 266 1830; x_wconf 89' lang='lat' dir='ltr'><strong>primum</strong></span> <span class='ocrx_word' id='word_1_229' title='bbox 282 1777 314 1818; x_wconf 90' lang='lat' dir='ltr'><strong>si</strong></span> <span class='ocrx_word' id='word_1_230' title='bbox 349 1778 624 1823; x_wconf 88' lang='lat' dir='ltr'><strong>reclamatura</strong></span> <span class='ocrx_word' id='word_1_231' title='bbox 661 1777 853 1831; x_wconf 80' lang='lat' dir='ltr'><strong>judicatis</strong></span> <span class='ocrx_word' id='word_1_232' title='bbox 882 1776 982 1825; x_wconf 81' lang='lat' dir='ltr'><strong>illis,</strong></span> <span class='ocrx_word' id='word_1_233' title='bbox 1017 1791 1121 1832; x_wconf 89' lang='lat' dir='ltr'><strong>quae</strong></span> <span class='ocrx_word' id='word_1_234' title='bbox 1158 1790 1365 1843; x_wconf 77' lang='lat' dir='ltr'><strong>negotium</strong></span> <span class='ocrx_word' id='word_1_235' title='bbox 1395 1775 1551 1831; x_wconf 88' lang='lat' dir='ltr'><strong>princi-</strong></span> 
     </span>
     <span class='ocr_line' id='line_1_26' title="bbox 91 1832 1553 1890; baseline 0.002 -18"><span class='ocrx_word' id='word_1_236' title='bbox 91 1832 178 1888; x_wconf 86' lang='lat' dir='ltr'><strong>pale</strong></span> <span class='ocrx_word' id='word_1_237' title='bbox 211 1847 298 1874; x_wconf 88' lang='lat' dir='ltr'><strong>non</strong></span> <span class='ocrx_word' id='word_1_238' title='bbox 327 1836 511 1884; x_wconf 84' lang='lat' dir='ltr'><strong>feriunt,</strong></span> <span class='ocrx_word' id='word_1_239' title='bbox 540 1839 610 1877; x_wconf 85' lang='lat' dir='ltr'><strong>sed</strong></span> <span class='ocrx_word' id='word_1_240' title='bbox 646 1837 866 1878; x_wconf 86' lang='lat' dir='ltr'><strong>incidentia</strong></span> <span class='ocrx_word' id='word_1_241' title='bbox 900 1837 1114 1876; x_wconf 82' lang='lat' dir='ltr'><strong>dumtaxat</strong></span> <span class='ocrx_word' id='word_1_242' title='bbox 1147 1835 1398 1890; x_wconf 85' lang='lat' dir='ltr'><strong>respiciunt,</strong></span> <span class='ocrx_word' id='word_1_243' title='bbox 1425 1846 1553 1888; x_wconf 81' lang='lat' dir='ltr'><strong>prout</strong></span> 
     </span>
     <span class='ocr_line' id='line_1_27' title="bbox 89 1889 1548 1955; baseline 0.003 -26"><span class='ocrx_word' id='word_1_244' title='bbox 89 1901 187 1931; x_wconf 83' lang='lat' dir='ltr'><strong>sunt</strong></span> <span class='ocrx_word' id='word_1_245' title='bbox 213 1892 505 1934; x_wconf 88' lang='lat' dir='ltr'><strong>controversiae</strong></span> <span class='ocrx_word' id='word_1_246' title='bbox 536 1907 658 1948; x_wconf 89' lang='lat' dir='ltr'><strong>super</strong></span> <span class='ocrx_word' id='word_1_247' title='bbox 686 1904 973 1933; x_wconf 86' lang='lat' dir='ltr'><strong>attentatorum</strong></span> <span class='ocrx_word' id='word_1_248' title='bbox 1006 1892 1244 1946; x_wconf 85' lang='lat' dir='ltr'><strong>purgatione</strong></span> <span class='ocrx_word' id='word_1_249' title='bbox 1262 1924 1276 1942; x_wconf 90' lang='lat'><strong>,</strong></span> <span class='ocrx_word' id='word_1_250' title='bbox 1309 1889 1548 1955; x_wconf 87' lang='lat' dir='ltr'><strong>pertinentia</strong></span> 
     </span>
     <span class='ocr_line' id='line_1_28' title="bbox 90 1946 1548 2005; baseline 0.001 -18"><span class='ocrx_word' id='word_1_251' title='bbox 90 1946 323 1988; x_wconf 87' lang='lat' dir='ltr'><strong>Causarum</strong></span> <span class='ocrx_word' id='word_1_252' title='bbox 343 1977 356 1994; x_wconf 95' lang='lat'><strong>,</strong></span> <span class='ocrx_word' id='word_1_253' title='bbox 387 1951 653 2005; x_wconf 85' lang='lat' dir='ltr'><strong>competentia</strong></span> <span class='ocrx_word' id='word_1_254' title='bbox 675 1948 1000 1997; x_wconf 68' lang='lat' dir='ltr'><strong>jurisdictionis,</strong></span> <span class='ocrx_word' id='word_1_255' title='bbox 1029 1961 1067 1989; x_wconf 91' lang='lat' dir='ltr'><strong>et</strong></span> <span class='ocrx_word' id='word_1_256' title='bbox 1098 1962 1251 1991; x_wconf 86' lang='lat' dir='ltr'><strong>caetera</strong></span> <span class='ocrx_word' id='word_1_257' title='bbox 1277 1947 1548 2000; x_wconf 76' lang='lat' dir='ltr'><strong>hujusmodi,</strong></span> 
     </span>
     <span class='ocr_line' id='line_1_29' title="bbox 90 2005 1548 2072; baseline 0.003 -27"><span class='ocrx_word' id='word_1_258' title='bbox 90 2020 195 2060; x_wconf 90' lang='lat' dir='ltr'><strong>quae</strong></span> <span class='ocrx_word' id='word_1_259' title='bbox 208 2005 409 2072; x_wconf 88' lang='lat' dir='ltr'><strong>sigillatim</strong></span> <span class='ocrx_word' id='word_1_260' title='bbox 425 2020 681 2049; x_wconf 87' lang='lat' dir='ltr'><strong>recensentur</strong></span> <span class='ocrx_word' id='word_1_261' title='bbox 708 2007 812 2048; x_wconf 90' lang='lat' dir='ltr'><strong>inter</strong></span> <span class='ocrx_word' id='word_1_262' title='bbox 829 2009 978 2048; x_wconf 76' lang='lat' dir='ltr'><strong>decreta</strong></span> <span class='ocrx_word' id='word_1_263' title='bbox 994 2006 1094 2047; x_wconf 80' lang='grc' dir='ltr'><em>αηηῖ</em></span> <span class='ocrx_word' id='word_1_264' title='bbox 1114 2019 1239 2062; x_wconf 82' lang='lat'><em>1742.</em></span> <span class='ocrx_word' id='word_1_265' title='bbox 1259 2037 1272 2057; x_wconf 88' lang='lat'><strong>,</strong></span> <span class='ocrx_word' id='word_1_266' title='bbox 1308 2006 1548 2062; x_wconf 86' lang='lat' dir='ltr'><strong>neutiquam</strong></span> 
     </span>
     <span class='ocr_line' id='line_1_30' title="bbox 91 2063 1547 2124; baseline 0.001 -19"><span class='ocrx_word' id='word_1_267' title='bbox 91 2063 151 2106; x_wconf 87' lang='lat' dir='ltr'><strong>fas</strong></span> <span class='ocrx_word' id='word_1_268' title='bbox 164 2064 238 2106; x_wconf 88' lang='lat' dir='ltr'><strong>erit</strong></span> <span class='ocrx_word' id='word_1_269' title='bbox 269 2064 431 2122; x_wconf 86' lang='lat' dir='ltr'><strong>plenam</strong></span> <span class='ocrx_word' id='word_1_270' title='bbox 448 2067 557 2108; x_wconf 87' lang='lat' dir='ltr'><strong>adire</strong></span> <span class='ocrx_word' id='word_1_271' title='bbox 573 2066 864 2124; x_wconf 77' lang='lat' dir='ltr'><strong>Signaturam3</strong></span> <span class='ocrx_word' id='word_1_272' title='bbox 898 2065 939 2106; x_wconf 91' lang='lat' dir='ltr'><strong>in</strong></span> <span class='ocrx_word' id='word_1_273' title='bbox 968 2065 1014 2105; x_wconf 82' lang='lat' dir='ltr'><strong>iis</strong></span> <span class='ocrx_word' id='word_1_274' title='bbox 1039 2065 1147 2106; x_wconf 85' lang='lat' dir='ltr'><strong>enim</strong></span> <span class='ocrx_word' id='word_1_275' title='bbox 1179 2080 1316 2109; x_wconf 90' lang='lat' dir='ltr'><strong>coram</strong></span> <span class='ocrx_word' id='word_1_276' title='bbox 1347 2064 1547 2111; x_wconf 87' lang='lat' dir='ltr'><strong>Auditore</strong></span> 
     </span>
     <span class='ocr_line' id='line_1_31' title="bbox 92 2117 1561 2185; baseline 0.001 -21"><span class='ocrx_word' id='word_1_277' title='bbox 92 2121 332 2181; x_wconf 88' lang='lat' dir='ltr'><strong>Signaturae</strong></span> <span class='ocrx_word' id='word_1_278' title='bbox 363 2124 597 2168; x_wconf 86' lang='lat' dir='ltr'><strong>instantiam</strong></span> <span class='ocrx_word' id='word_1_279' title='bbox 628 2139 866 2183; x_wconf 85' lang='lat' dir='ltr'><strong>promovere</strong></span> <span class='ocrx_word' id='word_1_280' title='bbox 894 2123 1040 2165; x_wconf 83' lang='lat' dir='ltr'><strong>debent</strong></span> <span class='ocrx_word' id='word_1_281' title='bbox 1071 2125 1346 2174; x_wconf 83' lang='lat' dir='ltr'><strong>Defensores;</strong></span> <span class='ocrx_word' id='word_1_282' title='bbox 1379 2117 1561 2185; x_wconf 48' lang='lat' dir='ltr'><strong>ejusqui}</strong></span> 
     </span>
     <span class='ocr_line' id='line_1_32' title="bbox 93 2176 1567 2248; baseline 0.003 -25"><span class='ocrx_word' id='word_1_283' title='bbox 93 2182 296 2226; x_wconf 86' lang='lat' dir='ltr'><strong>decretum</strong></span> <span class='ocrx_word' id='word_1_284' title='bbox 313 2184 434 2227; x_wconf 88' lang='lat' dir='ltr'><strong>habet</strong></span> <span class='ocrx_word' id='word_1_285' title='bbox 457 2185 637 2227; x_wconf 87' lang='lat' dir='ltr'><strong>eamdem</strong></span> <span class='ocrx_word' id='word_1_286' title='bbox 659 2184 773 2233; x_wconf 81' lang='lat' dir='ltr'><strong>vim,</strong></span> <span class='ocrx_word' id='word_1_287' title='bbox 803 2198 848 2226; x_wconf 91' lang='lat' dir='ltr'><strong>ac</strong></span> <span class='ocrx_word' id='word_1_288' title='bbox 884 2183 915 2224; x_wconf 88' lang='lat' dir='ltr'><strong>si</strong></span> <span class='ocrx_word' id='word_1_289' title='bbox 949 2181 991 2222; x_wconf 90' lang='lat' dir='ltr'><strong>in</strong></span> <span class='ocrx_word' id='word_1_290' title='bbox 1015 2181 1134 2248; x_wconf 82' lang='lat' dir='ltr'><strong>plena</strong></span> <span class='ocrx_word' id='word_1_291' title='bbox 1160 2185 1377 2240; x_wconf 87' lang='lat' dir='ltr'><strong>Signatura</strong></span> <span class='ocrx_word' id='word_1_292' title='bbox 1405 2176 1567 2227; x_wconf 86' lang='lat' dir='ltr'><strong>Causa-</strong></span> 
     </span>
     <span class='ocr_line' id='line_1_33' title="bbox 94 2241 1546 2301; baseline 0.001 -18"><span class='ocrx_word' id='word_1_293' title='bbox 94 2244 296 2300; x_wconf 87' lang='lat' dir='ltr'><strong>proposita</strong></span> <span class='ocrx_word' id='word_1_294' title='bbox 315 2274 328 2292; x_wconf 90' lang='lat'><strong>,</strong></span> <span class='ocrx_word' id='word_1_295' title='bbox 363 2257 402 2286; x_wconf 87' lang='lat' dir='ltr'><strong>et</strong></span> <span class='ocrx_word' id='word_1_296' title='bbox 418 2245 469 2286; x_wconf 87' lang='lat' dir='ltr'><strong>ab</strong></span> <span class='ocrx_word' id='word_1_297' title='bbox 493 2260 538 2286; x_wconf 91' lang='lat' dir='ltr'><strong>ea</strong></span> <span class='ocrx_word' id='word_1_298' title='bbox 555 2245 788 2301; x_wconf 84' lang='lat' dir='ltr'><strong>rescriptum</strong></span> <span class='ocrx_word' id='word_1_299' title='bbox 821 2243 985 2290; x_wconf 74' lang='lat' dir='ltr'><strong>fuissett,</strong></span> <span class='ocrx_word' id='word_1_300' title='bbox 1017 2241 1120 2285; x_wconf 90' lang='lat' dir='ltr'><strong>itaut</strong></span> <span class='ocrx_word' id='word_1_301' title='bbox 1153 2243 1184 2284; x_wconf 82' lang='lat' dir='ltr'><strong>si</strong></span> <span class='ocrx_word' id='word_1_302' title='bbox 1215 2244 1347 2286; x_wconf 69' lang='lat' dir='ltr'><strong>Partes</strong></span> <span class='ocrx_word' id='word_1_303' title='bbox 1361 2273 1375 2292; x_wconf 90' lang='lat'>‚</span> <span class='ocrx_word' id='word_1_304' title='bbox 1394 2258 1442 2284; x_wconf 88' lang='lat' dir='ltr'><strong>eo</strong></span> <span class='ocrx_word' id='word_1_305' title='bbox 1460 2258 1546 2285; x_wconf 87' lang='lat' dir='ltr'><strong>non</strong></span> 
     </span>
     <span class='ocr_line' id='line_1_34' title="bbox 95 2301 1546 2360; baseline -0.001 -17"><span class='ocrx_word' id='word_1_306' title='bbox 95 2302 298 2352; x_wconf 85' lang='lat' dir='ltr'><strong>obstante,</strong></span> <span class='ocrx_word' id='word_1_307' title='bbox 315 2304 739 2360; x_wconf 81' lang='lat' dir='ltr'><strong>plenamSignaturam</strong></span> <span class='ocrx_word' id='word_1_308' title='bbox 766 2301 874 2344; x_wconf 87' lang='lat' dir='ltr'><strong>adire</strong></span> <span class='ocrx_word' id='word_1_309' title='bbox 905 2301 1055 2348; x_wconf 88' lang='lat' dir='ltr'><strong>velint,</strong></span> <span class='ocrx_word' id='word_1_310' title='bbox 1079 2301 1309 2358; x_wconf 80' lang='lat' dir='ltr'><strong>proceditur</strong></span> <span class='ocrx_word' id='word_1_311' title='bbox 1324 2302 1466 2343; x_wconf 89' lang='lat' dir='ltr'><strong>eodem</strong></span> <span class='ocrx_word' id='word_1_312' title='bbox 1488 2317 1546 2343; x_wconf 86' lang='lat' dir='ltr'><strong>sa-</strong></span> 
     </span>
    </p>
   </div>
   <div class='ocr_carea' id='block_1_4' title="bbox 95 2359 1546 2460">
    <p class='ocr_par' dir='ltr' id='par_1_5' title="bbox 95 2359 1546 2460">
     <span class='ocr_line' id='line_1_35' title="bbox 95 2359 1546 2420; baseline 0 -20"><span class='ocrx_word' id='word_1_313' title='bbox 95 2373 145 2400; x_wconf 87' lang='lat' dir='ltr'><strong>ne</strong></span> <span class='ocrx_word' id='word_1_314' title='bbox 172 2362 321 2412; x_wconf 86' lang='lat' dir='ltr'><strong>modo,</strong></span> <span class='ocrx_word' id='word_1_315' title='bbox 345 2379 389 2406; x_wconf 90' lang='lat' dir='ltr'><strong>ac</strong></span> <span class='ocrx_word' id='word_1_316' title='bbox 422 2363 464 2404; x_wconf 90' lang='lat' dir='ltr'><strong>in</strong></span> <span class='ocrx_word' id='word_1_317' title='bbox 485 2363 669 2406; x_wconf 88' lang='lat' dir='ltr'><strong>reiterata</strong></span> <span class='ocrx_word' id='word_1_318' title='bbox 687 2361 988 2420; x_wconf 85' lang='lat' dir='ltr'><strong>propositione·</strong></span> <span class='ocrx_word' id='word_1_319' title='bbox 977 2393 990 2411; x_wconf 82' lang='grc'><em>,</em></span> <span class='ocrx_word' id='word_1_320' title='bbox 1023 2359 1241 2419; x_wconf 84' lang='lat' dir='ltr'><strong>indignum</strong></span> <span class='ocrx_word' id='word_1_321' title='bbox 1264 2361 1413 2417; x_wconf 90' lang='lat' dir='ltr'><strong>quippe</strong></span> <span class='ocrx_word' id='word_1_322' title='bbox 1430 2374 1546 2418; x_wconf 89' lang='lat' dir='ltr'><strong>repu-</strong></span> 
     </span>
     <span class='ocr_line' id='line_1_36' title="bbox 854 2431 1546 2460; baseline -0.004 2"><span class='ocrx_word' id='word_1_323' title='bbox 854 2446 857 2447; x_wconf 30' lang='grc' dir='ltr'><em>ν</em></span> <span class='ocrx_word' id='word_1_324' title='bbox 1483 2431 1546 2460; x_wconf 90' lang='lat' dir='ltr'><strong>ta-</strong></span> 
     </span>
    </p>
   </div>
   <div class='ocr_carea' id='block_1_5' title="bbox 1386 2486 1544 2501">
    <p class='ocr_par' dir='ltr' id='par_1_6' title="bbox 1386 2486 1544 2501">
     <span class='ocr_line' id='line_1_37' title="bbox 1386 2486 1544 2501; baseline 0.006 -1"><span class='ocrx_word' id='word_1_325' title='bbox 1386 2486 1544 2501; x_wconf 48' lang='lat' dir='ltr'><strong>m</strong></span> 
     </span>
    </p>
   </div>
   <div class='ocr_carea' id='block_1_6' title="bbox 1230 2489 1385 2501">
    <p class='ocr_par' dir='ltr' id='par_1_7' title="bbox 1230 2489 1385 2501">
     <span class='ocr_line' id='line_1_38' title="bbox 1230 2489 1385 2501; baseline 0 0"><span class='ocrx_word' id='word_1_326' title='bbox 1230 2489 1385 2501; x_wconf 95' lang='lat' dir='ltr'><strong> </strong></span> 
     </span>
    </p>
   </div>
   <div class='ocr_carea' id='block_1_7' title="bbox 93 2490 246 2503">
    <p class='ocr_par' dir='ltr' id='par_1_8' title="bbox 93 2490 246 2503">
     <span class='ocr_line' id='line_1_39' title="bbox 93 2490 246 2503; baseline 0 0"><span class='ocrx_word' id='word_1_327' title='bbox 93 2490 246 2503; x_wconf 95' lang='lat' dir='ltr'><strong> </strong></span> 
     </span>
    </p>
   </div>
   <div class='ocr_carea' id='block_1_8' title="bbox 251 2494 403 2504">
    <p class='ocr_par' dir='ltr' id='par_1_9' title="bbox 251 2494 403 2504">
     <span class='ocr_line' id='line_1_40' title="bbox 251 2494 403 2504; baseline 0 0"><span class='ocrx_word' id='word_1_328' title='bbox 251 2494 403 2504; x_wconf 95' lang='lat' dir='ltr'><strong> </strong></span> 
     </span>
    </p>
   </div>
   <div class='ocr_carea' id='block_1_9' title="bbox 405 2493 557 2506">
    <p class='ocr_par' dir='ltr' id='par_1_10' title="bbox 405 2493 557 2506">
     <span class='ocr_line' id='line_1_41' title="bbox 405 2493 557 2506; baseline 0 0"><span class='ocrx_word' id='word_1_329' title='bbox 405 2493 557 2506; x_wconf 95' lang='lat' dir='ltr'><strong> </strong></span> 
     </span>
    </p>
   </div>
   <div class='ocr_carea' id='block_1_10' title="bbox 560 2494 716 2504">
    <p class='ocr_par' dir='ltr' id='par_1_11' title="bbox 560 2494 716 2504">
     <span class='ocr_line' id='line_1_42' title="bbox 560 2494 716 2504; baseline 0 0"><span class='ocrx_word' id='word_1_330' title='bbox 560 2494 716 2504; x_wconf 95' lang='lat' dir='ltr'><strong> </strong></span> 
     </span>
    </p>
   </div>
   <div class='ocr_carea' id='block_1_11' title="bbox 141 2547 786 2588">
    <p class='ocr_par' dir='ltr' id='par_1_12' title="bbox 141 2547 786 2588">
     <span class='ocr_line' id='line_1_43' title="bbox 141 2547 786 2588; baseline 0.006 -9"><span class='ocrx_word' id='word_1_331' title='bbox 141 2547 194 2588; x_wconf 78' lang='lat' dir='ltr'><strong>(x)</strong></span> <span class='ocrx_word' id='word_1_332' title='bbox 217 2553 264 2583; x_wconf 74' lang='lat' dir='ltr'><strong>De</strong></span> <span class='ocrx_word' id='word_1_333' title='bbox 287 2553 370 2584; x_wconf 89' lang='lat' dir='ltr'><strong>Luca</strong></span> <span class='ocrx_word' id='word_1_334' title='bbox 384 2552 417 2584; x_wconf 75' lang='lat' dir='ltr'><strong>in</strong></span> <span class='ocrx_word' id='word_1_335' title='bbox 436 2550 536 2584; x_wconf 66' lang='grc' dir='ltr'><strong>Κεῖαι.</strong></span> <span class='ocrx_word' id='word_1_336' title='bbox 548 2553 637 2584; x_wconf 85' lang='lat' dir='ltr'><strong>Rom.</strong></span> <span class='ocrx_word' id='word_1_337' title='bbox 656 2551 786 2585; x_wconf 67' lang='lat' dir='ltr'><strong>euriae,</strong></span> 
     </span>
    </p>
   </div>
  </div>
 </body>
</html>
