1993 3195
583 321 623 365 C
657 322 698 363 A
728 324 758 365 P
789 323 833 364 U
862 322 900 368 T
960 321 1018 364 11.
1218 375 1221 380 ³
1462 346 1542 389 ¹09

188 382 403 434 Ianuarius
428 383 474 424 de
488 381 651 424 Simone
668 383 958 424 Beneventanus
977 398 1013 423 a.
1051 390 1176 438 1759.
1194 379 1272 431 ‚A.
1295 381 1348 424 C.
1370 387 1544 432 Locum.-

83 459 219 490 tenens
248 458 284 484 a.
312 442 439 497 1763.
456 472 469 490 ‚
488 455 526 484 et
556 442 718 484 demum
738 441 971 484 Cardinalis
990 472 999 482 .

194 501 426 545 Franciscus
443 503 611 544 Currat-a
631 501 902 561 Bergomensis
921 515 956 542 a.
983 499 1135 557 1763„
1153 499 1299 542 exinde
1318 501 1371 542 A.
1396 501 1450 545 C.
1472 503 1546 547 Lo.

82 575 341 611 cumtenens‚
373 562 535 604 demum
554 562 597 603 in
632 560 926 604 Cardinalium
952 560 1133 618 Collegio
1156 572 1367 617 cooptatus
1387 592 1397 604 .

198 620 434 665 Dominio-us
449 621 583 664 Rotntz‘
603 621 852 664 Pistoriensis
880 637 917 663 a.
940 634 956 662 1
969 619 1066 678 767.
1086 651 1100 670 ,
1117 619 1217 662 obiit
1237 619 1364 676 ¹769·

200 681 466 725 Bernardinus
500 682 618 724 Muti
630 682 831 724 Romanus
847 680 925 723 fuit
955 681 991 722 ei
1022 681 1266 736 subrogatus
1285 707 1297 727 ,
1330 692 1368 723 et
1401 679 1545 722 deinde

83 740 278 786 Nuncius
311 742 362 784 ad
381 741 613 785 Lusitaniae
637 742 787 800 Regem
802 772 816 792 ,
845 740 992 783 ibidem
1010 740 1134 783 obiit.

80 802 302 857 Honufrius
331 800 502 856 Alfanus
531 801 797 844 Salernitanus
817 815 852 842 a.
875 813 1003 856 1770.
1031 800 1173 842 electus
1191 827 1204 847 ,
1233 799 1279 841 in
1295 797 1435 842 eodem
1454 799 1544 842 offa«-

80 861 143 906 cio
175 861 308 905 vivere
339 862 486 911 desiit,

197 920 388 965 Nicolaus
414 921 580 979 Riganti
597 918 888 979 Melpbictensz's
921 935 958 963 a.
984 919 1115 978 1782.
1138 949 1153 970 ‚
1170 916 1294 960 modo
1314 920 1368 961 A.
1390 917 1444 961 C.
1465 916 1548 960 Lo-

81 994 318 1025 cumtenens
335 1012 345 1023 .

199 1041 340 1084 Petrus
367 1040 597 1084 paroeciani
628 1040 830 1084 Romanus
867 1039 1070 1098 a.{1785.
1093 1066 1107 1087 ,
1141 1036 1265 1080 modo
1299 1037 1424 1079 Rotae
1458 1035 1546 1079 Au,-

80 1098 187 1143 ditor
202 1129 212 1140 .

202 1157 363 1199 Carolus
377 1160 556 1199 Andreas
572 1159 767 1214 Pelagallo
777 1159 1000 1206 Firmanus,
1017 1157 1084 1199 cui
1105 1157 1156 1197 ab
1174 1170 1286 1196 anno
1311 1155 1438 1210 1787.
1461 1170 1546 1198 non

75 1213 160 1256 sine
182 1214 304 1257 totius
321 1214 473 1255 Curiae
509 1214 652 1270 plausu
687 1214 792 1255 idem
825 1230 979 1256 munus
1005 1214 1058 1261 ad
1085 1227 1273 1269 praesens
1313 1215 1547 1262 exercenti,

78 1285 216 1332 utpote
234 1273 483 1316 meritissimo
516 1272 668 1329 majora
702 1287 955 1328 auguramur
974 1304 984 1315 .

196 1332 258 1376 Ex-
280 1334 352 1375 has
379 1333 476 1375 serie
509 1330 804 1376 evidentissime
819 1346 928 1390 patet
944 1364 958 1383 ‚
991 1343 1190 1389 quantam
1220 1330 1262 1372 in
1292 1330 1547 1374 existimatio-

72 1405 168 1435 nem
184 1393 420 1451 hujusmodi
440 1407 593 1434 munus
610 1391 826 1434 Auditor-is
841 1392 1078 1449 Signaturae
1102 1390 1272 1434 creverit
1289 1423 1302 1440 ‚
1319 1391 1372 1433 ita
1391 1404 1438 1433 ut
1460 1404 1548 1431 non

72 1451 252 1501 mirum,
285 1453 318 1495 si
348 1466 499 1510 semper
533 1451 837 1508 sapientissimis
860 1451 1047 1493 Praelatis
1077 1450 1356 1492 concreditum
1385 1449 1463 1490 sit.
1498 1450 1550 1492 Et

73 1526 205 1567 quum
233 1528 317 1555 non
345 1513 546 1555 modicam
565 1510 623 1552 ille
657 1511 804 1553 habeat
832 1509 1183 1568 jurisdictionem,
1211 1523 1355 1565 operae
1374 1507 1551 1564 pretium

72 1571 148 1613 erit
165 1573 230 1615 hic
250 1574 446 1615 adnotare
468 1602 480 1620 ,
516 1572 558 1612 in
577 1586 661 1627 quo
679 1570 929 1628 potissimum
948 1585 994 1612 ea
1011 1582 1190 1612 versetur
1208 1597 1218 1608 .
1241 1569 1351 1610 Inter
1372 1581 1550 1611 caeteras

72 1629 184 1672 enim
202 1632 269 1675 sui
285 1632 466 1675 muneris
483 1644 614 1688 partes
630 1631 763 1688 primo
792 1630 881 1672 loco
912 1628 1158 1672 recensenda
1189 1640 1244 1670 est
1268 1628 1438 1670 facultas
1453 1657 1466 1676 ,
1486 1644 1550 1671 su-

69 1693 328 1746 persessorias
351 1691 602 1735 concedendi
620 1719 632 1738 ,
648 1690 710 1734 vel
728 1704 790 1731 eas
809 1689 1065 1748 denegandi,
1093 1689 1146 1730 ad
1164 1685 1348 1729 effectum
1366 1685 1548 1728 adeundi

71 1747 236 1804 plenam
255 1751 513 1807 Signaturam
531 1783 545 1801 ‚
564 1751 666 1792 itaut
689 1750 926 1807 priusquam
947 1748 1002 1789 rei
1031 1746 1231 1801 judicatae
1264 1745 1346 1789 vim
1366 1743 1551 1787 obtineat

73 1807 278 1849 decretum
297 1810 464 1863 aliquod
480 1811 523 1848 in
541 1810 682 1849 Causa
702 1809 827 1849 latum
841 1839 855 1856 ,
872 1821 1007 1850 coram
1028 1806 1171 1848 eodem
1194 1805 1241 1846 fit
1260 1803 1397 1849 citatio
1411 1834 1425 1853 ‚
1442 1803 1547 1846 Parii

75 1865 263 1909 adversae
283 1867 431 1907 directa
448 1880 461 1913 ;
479 1877 603 1920 prout
618 1879 693 1904 suo
714 1865 802 1904 loco
818 1866 916 1905 satis
935 1865 1101 1904 abunde
1122 1864 1300 1904 diximus
1318 1893 1327 1903 .

193 1926 371 1967 Revocat
389 1923 510 1965 etiam
528 1922 586 1963 ille
606 1932 797 1963 attentata
814 1952 826 1969 ‚
857 1935 961 1976 quae
979 1921 1289 1963 committuntur
1312 1921 1355 1963 in
1371 1933 1548 1977 spretum

70 1981 383 2037 supersessoriae
399 1995 469 2036 per
487 1980 746 2035 Signaturam
762 1993 969 2021 concessae
989 2008 1000 2027 ‚
1032 1980 1094 2022 vel
1128 1979 1172 2019 in
1206 1992 1384 2035 spretum
1410 1993 1550 2020 recur-

70 2055 138 2083 sus
164 2040 217 2081 ad
234 2054 354 2090 eam3
393 2038 507 2092 quod
539 2037 687 2079 mirum
713 2038 814 2079 adeo
842 2053 926 2079 non
951 2050 1038 2086 est,
1068 2037 1099 2080 si
1119 2051 1213 2095 prae
1240 2037 1367 2079 oculis
1398 2035 1550 2079 habea-

70 2115 160 2143 mus
177 2097 346 2142 axioma
364 2097 463 2139 illud
485 2127 498 2146 ‚
533 2096 649 2154 quod
668 2112 742 2154 pro
761 2097 874 2138 firma
903 2096 1039 2153 regula
1066 2096 1109 2138 in
1144 2097 1236 2139 foro
1269 2096 1470 2146 habetur,
1504 2097 1548 2139 in

73 2160 238 2202 materia
257 2170 545 2202 attentatorum
563 2188 586 2206 „
605 2170 650 2197 ea
670 2169 814 2212 nempe
844 2155 1071 2198 revocanda
1101 2170 1179 2197 esse
1218 2158 1269 2199 ab
1304 2170 1353 2198 eo
1378 2155 1548 2207 J'udice,

77 2216 194 2271 cujus
209 2218 400 2261 inhibitio
418 2248 431 2267 ,
454 2217 522 2259 vel
535 2215 753 2259 auctoritas
768 2212 849 2256 fuit
865 2227 992 2272 spreta
1004 2229 1026 2264 ;,
1047 2226 1084 2256 et
1103 2213 1144 2254 in
1161 2214 1236 2257 hac
1259 2225 1547 2258 attentatorum

77 2278 240 2320 materia
269 2278 310 2319 id
341 2276 554 2335 praecipue
581 2275 871 2334 praescriptum
888 2273 1116 2332 reperimus
1129 2305 1141 2324 ,
1160 2287 1207 2317 ut
1228 2286 1407 2333 respectu
1425 2285 1552 2317 atten-

78 2348 254 2379 tatorum
272 2337 575 2380 commissorum
599 2334 642 2376 in
659 2347 835 2392 spretum
854 2333 1093 2392 Signaturae
1118 2334 1413 2376 resolutionum
1432 2362 1453 2381 ,.
1478 2344 1551 2376 aut

77 2395 328 2438 decretorum
362 2395 576 2438 Auditoris
611 2425 629 2444 ‚A
664 2404 764 2435 tunc
800 2393 1009 2435 citationes
1042 2407 1179 2435 coram
1221 2389 1549 2433 Eminentissimo

76 2454 362 2498 Praefectomet
381 2454 532 2498 attendi
553 2452 726 2495 debcant
745 2482 755 2498 ,
787 2467 917 2508 quum
937 2464 1056 2509 super
1076 2451 1217 2492 iisdem
1243 2449 1441 2493 attentatis
1454 2464 1550 2508 pro<-

79 2527 187 2556 mota
207 2514 287 2571 jam
310 2513 498 2556 instantia
514 2512 636 2555 fuerit
666 2526 803 2554 coram
835 2510 942 2553 dicto
972 2508 1204 2558 Auditore,
1235 2521 1273 2552 et
1303 2508 1452 2550 fuerint
1480 2522 1549 2565 per

78 2571 541 2620 Eminentissimummet
556 2571 834 2631 subscriptae3
863 2571 966 2616 itaut
988 2569 1101 2628 prius
1121 2566 1333 2614 Auditoris
1350 2566 1552 2626 judIcium

1467 2640 1543 2674 CX?
