<?xml version="1.0" encoding="UTF-8"?>
<!DOCTYPE html PUBLIC "-//W3C//DTD XHTML 1.0 Transitional//EN"
    "http://www.w3.org/TR/xhtml1/DTD/xhtml1-transitional.dtd">
<html xmlns="http://www.w3.org/1999/xhtml" xml:lang="en" lang="en">
 <head>
  <title>
</title>
<meta http-equiv="Content-Type" content="text/html;charset=utf-8" />
  <meta name='ocr-system' content='tesseract 3.04.00' />
  <meta name='ocr-capabilities' content='ocr_page ocr_carea ocr_par ocr_line ocrx_word'/>
</head>
<body>
  <div class='ocr_page' id='page_1' title='image "./dejuresignaturae00vita_0076.png"; bbox 0 0 2075 3167; ppageno 0'>
   <div class='ocr_carea' id='block_1_1' title="bbox 415 287 1948 2435">
    <p class='ocr_par' dir='ltr' id='par_1_1' title="bbox 419 287 1602 345">
     <span class='ocr_line' id='line_1_1' title="bbox 419 287 1602 345; baseline -0.013 -1"><span class='ocrx_word' id='word_1_1' title='bbox 419 304 474 345; x_wconf 82' lang='lat'><strong>62</strong></span> <span class='ocrx_word' id='word_1_2' title='bbox 715 294 790 338; x_wconf 83' lang='lat' dir='ltr'><strong>DE</strong></span> <span class='ocrx_word' id='word_1_3' title='bbox 811 293 950 344; x_wconf 80' lang='lat' dir='ltr'>JURE</span> <span class='ocrx_word' id='word_1_4' title='bbox 974 289 1312 336; x_wconf 76' lang='lat' dir='ltr'>SIGNATURAE</span> <span class='ocrx_word' id='word_1_5' title='bbox 1336 287 1602 339; x_wconf 82' lang='lat' dir='ltr'>JUSTITIAE</span> 
     </span>
    </p>

    <p class='ocr_par' dir='ltr' id='par_1_2' title="bbox 415 345 1901 652">
     <span class='ocr_line' id='line_1_2' title="bbox 415 345 1900 414; baseline -0.011 -11"><span class='ocrx_word' id='word_1_6' title='bbox 415 363 457 404; x_wconf 79' lang='lat' dir='ltr'><strong>in</strong></span> <span class='ocrx_word' id='word_1_7' title='bbox 478 356 614 402; x_wconf 80' lang='lat' dir='ltr'><strong>causis</strong></span> <span class='ocrx_word' id='word_1_8' title='bbox 630 354 892 414; x_wconf 72' lang='lat' dir='ltr'><strong>spectantibus</strong></span> <span class='ocrx_word' id='word_1_9' title='bbox 902 352 956 395; x_wconf 81' lang='lat' dir='ltr'><strong>acl</strong></span> <span class='ocrx_word' id='word_1_10' title='bbox 971 351 1232 394; x_wconf 73' lang='lat' dir='ltr'><strong>camerarium</strong></span> <span class='ocrx_word' id='word_1_11' title='bbox 1247 350 1489 408; x_wconf 79' lang='lat' dir='ltr'><strong>praedictum</strong></span> <span class='ocrx_word' id='word_1_12' title='bbox 1509 345 1713 390; x_wconf 79' lang='lat' dir='ltr'><em>rescribere</em></span> <span class='ocrx_word' id='word_1_13' title='bbox 1729 374 1742 393; x_wconf 89' lang='lat'>‚</span> <span class='ocrx_word' id='word_1_14' title='bbox 1757 357 1793 387; x_wconf 84' lang='lat' dir='ltr'><strong>et</strong></span> <span class='ocrx_word' id='word_1_15' title='bbox 1811 358 1900 400; x_wconf 84' lang='lat' dir='ltr'><strong>sup-</strong></span> 
     </span>
     <span class='ocr_line' id='line_1_3' title="bbox 416 403 1901 479; baseline -0.012 -18"><span class='ocrx_word' id='word_1_16' title='bbox 416 417 642 479; x_wconf 77' lang='lat' dir='ltr'><strong>plicationes</strong></span> <span class='ocrx_word' id='word_1_17' title='bbox 659 415 840 474; x_wconf 79' lang='lat' dir='ltr'><strong>signatae</strong></span> <span class='ocrx_word' id='word_1_18' title='bbox 860 412 1001 455; x_wconf 84' lang='lat' dir='ltr'><strong>nullius</strong></span> <span class='ocrx_word' id='word_1_19' title='bbox 1018 412 1097 453; x_wconf 85' lang='lat' dir='ltr'><strong>sint</strong></span> <span class='ocrx_word' id='word_1_20' title='bbox 1113 410 1258 452; x_wconf 73' lang='lat' dir='ltr'><strong>roboris</strong></span> <span class='ocrx_word' id='word_1_21' title='bbox 1275 441 1289 459; x_wconf 91' lang='lat'>,</span> <span class='ocrx_word' id='word_1_22' title='bbox 1317 410 1534 464; x_wconf 81' lang='lat' dir='ltr'><em>nullamque</em></span> <span class='ocrx_word' id='word_1_23' title='bbox 1551 407 1722 448; x_wconf 78' lang='lat' dir='ltr'><strong>tribuant</strong></span> <span class='ocrx_word' id='word_1_24' title='bbox 1733 403 1901 460; x_wconf 78' lang='lat' dir='ltr'><strong>jurisdi-</strong></span> 
     </span>
     <span class='ocr_line' id='line_1_4' title="bbox 434 467 1901 530; baseline -0.014 -8"><span class='ocrx_word' id='word_1_25' title='bbox 434 480 597 524; x_wconf 76' lang='lat' dir='ltr'><em>ctionem</em></span> <span class='ocrx_word' id='word_1_26' title='bbox 614 508 627 526; x_wconf 88' lang='lat'>‚</span> <span class='ocrx_word' id='word_1_27' title='bbox 640 487 677 517; x_wconf 89' lang='lat' dir='ltr'><strong>et</strong></span> <span class='ocrx_word' id='word_1_28' title='bbox 695 476 737 515; x_wconf 89' lang='lat' dir='ltr'><strong>in</strong></span> <span class='ocrx_word' id='word_1_29' title='bbox 757 472 793 530; x_wconf 86' lang='lat'><strong>§.</strong></span> <span class='ocrx_word' id='word_1_30' title='bbox 815 486 888 527; x_wconf 87' lang='lat'><strong>40.</strong></span> <span class='ocrx_word' id='word_1_31' title='bbox 910 472 1010 529; x_wconf 83' lang='lat' dir='ltr'><strong>quod</strong></span> <span class='ocrx_word' id='word_1_32' title='bbox 1029 470 1154 512; x_wconf 73' lang='lat' dir='ltr'><strong>nullus</strong></span> <span class='ocrx_word' id='word_1_33' title='bbox 1169 469 1299 514; x_wconf 69' lang='lat' dir='ltr'><strong>Jutlex</strong></span> <span class='ocrx_word' id='word_1_34' title='bbox 1308 468 1427 525; x_wconf 79' lang='lat' dir='ltr'><em>possit</em></span> <span class='ocrx_word' id='word_1_35' title='bbox 1442 468 1490 508; x_wconf 82' lang='lat' dir='ltr'><strong>ab</strong></span> <span class='ocrx_word' id='word_1_36' title='bbox 1521 467 1569 507; x_wconf 76' lang='lat' dir='ltr'><strong>iis</strong></span> <span class='ocrx_word' id='word_1_37' title='bbox 1586 479 1744 505; x_wconf 79' lang='lat' dir='ltr'><strong>avocare</strong></span> <span class='ocrx_word' id='word_1_38' title='bbox 1763 476 1901 504; x_wconf 82' lang='lat' dir='ltr'><strong>causas</strong></span> 
     </span>
     <span class='ocr_line' id='line_1_5' title="bbox 424 522 1900 590; baseline -0.008 -16"><span class='ocrx_word' id='word_1_39' title='bbox 424 536 643 582; x_wconf 66' lang='lat' dir='ltr'><strong>samer-ales</strong></span> <span class='ocrx_word' id='word_1_40' title='bbox 661 535 730 576; x_wconf 80' lang='lat' dir='ltr'><strong>sub</strong></span> <span class='ocrx_word' id='word_1_41' title='bbox 742 542 947 590; x_wconf 79' lang='lat' dir='ltr'><strong>praetextu</strong></span> <span class='ocrx_word' id='word_1_42' title='bbox 962 559 973 578; x_wconf 90' lang='lat'>,</span> <span class='ocrx_word' id='word_1_43' title='bbox 990 530 1089 587; x_wconf 79' lang='lat' dir='ltr'><strong>quod</strong></span> <span class='ocrx_word' id='word_1_44' title='bbox 1105 543 1181 570; x_wconf 84' lang='lat' dir='ltr'><strong>non</strong></span> <span class='ocrx_word' id='word_1_45' title='bbox 1197 528 1274 570; x_wconf 84' lang='lat' dir='ltr'><strong>sint</strong></span> <span class='ocrx_word' id='word_1_46' title='bbox 1286 529 1378 569; x_wconf 85' lang='lat' dir='ltr'><strong>tales</strong></span> <span class='ocrx_word' id='word_1_47' title='bbox 1389 558 1402 577; x_wconf 90' lang='lat'>‚</span> <span class='ocrx_word' id='word_1_48' title='bbox 1427 536 1463 568; x_wconf 86' lang='lat' dir='ltr'><strong>et</strong></span> <span class='ocrx_word' id='word_1_49' title='bbox 1486 525 1538 567; x_wconf 83' lang='lat' dir='ltr'><strong>ad</strong></span> <span class='ocrx_word' id='word_1_50' title='bbox 1549 524 1651 566; x_wconf 74' lang='lat' dir='ltr'><strong>(licta</strong></span> <span class='ocrx_word' id='word_1_51' title='bbox 1674 522 1900 564; x_wconf 77' lang='lat' dir='ltr'><strong>Tribaaalia</strong></span> 
     </span>
     <span class='ocr_line' id='line_1_6' title="bbox 424 603 714 652; baseline -0.028 -11"><span class='ocrx_word' id='word_1_52' title='bbox 424 613 501 641; x_wconf 84' lang='lat' dir='ltr'><strong>non</strong></span> <span class='ocrx_word' id='word_1_53' title='bbox 516 603 685 652; x_wconf 80' lang='lat' dir='ltr'><em>spectent</em></span> <span class='ocrx_word' id='word_1_54' title='bbox 704 622 714 633; x_wconf 92' lang='lat'><em>.</em></span> 
     </span>
    </p>

    <p class='ocr_par' dir='ltr' id='par_1_3' title="bbox 423 637 1910 1161">
     <span class='ocr_line' id='line_1_7' title="bbox 545 637 1903 708; baseline -0.013 -13"><span class='ocrx_word' id='word_1_55' title='bbox 545 655 623 695; x_wconf 90' lang='lat' dir='ltr'><strong>Pro</strong></span> <span class='ocrx_word' id='word_1_56' title='bbox 641 662 750 708; x_wconf 84' lang='lat' dir='ltr'><strong>parte</strong></span> <span class='ocrx_word' id='word_1_57' title='bbox 776 663 872 693; x_wconf 88' lang='lat' dir='ltr'><strong>vero</strong></span> <span class='ocrx_word' id='word_1_58' title='bbox 891 647 1131 703; x_wconf 81' lang='lat' dir='ltr'><strong>Signaturae</strong></span> <span class='ocrx_word' id='word_1_59' title='bbox 1151 643 1418 688; x_wconf 90' lang='lat' dir='ltr'><strong>obiiciebatur</strong></span> <span class='ocrx_word' id='word_1_60' title='bbox 1436 640 1684 684; x_wconf 84' lang='lat' dir='ltr'><strong>Reformatio</strong></span> <span class='ocrx_word' id='word_1_61' title='bbox 1703 637 1796 687; x_wconf 70' lang='lat' dir='ltr'><strong>Iulii</strong></span> <span class='ocrx_word' id='word_1_62' title='bbox 1832 637 1903 679; x_wconf 90' lang='lat'>111.</span> 
     </span>
     <span class='ocr_line' id='line_1_8' title="bbox 427 698 1905 766; baseline -0.013 -9"><span class='ocrx_word' id='word_1_63' title='bbox 427 728 466 757; x_wconf 88' lang='lat' dir='ltr'><strong>et</strong></span> <span class='ocrx_word' id='word_1_64' title='bbox 483 713 596 755; x_wconf 88' lang='lat' dir='ltr'><strong>Pauli</strong></span> <span class='ocrx_word' id='word_1_65' title='bbox 621 712 676 752; x_wconf 87' lang='lat' dir='ltr'><strong>V.</strong></span> <span class='ocrx_word' id='word_1_66' title='bbox 698 709 803 766; x_wconf 87' lang='lat'>(1),</span> <span class='ocrx_word' id='word_1_67' title='bbox 833 707 905 749; x_wconf 91' lang='lat' dir='ltr'><strong>ubi</strong></span> <span class='ocrx_word' id='word_1_68' title='bbox 927 704 1157 748; x_wconf 82' lang='lat' dir='ltr'>decernitur</span> <span class='ocrx_word' id='word_1_69' title='bbox 1176 735 1191 754; x_wconf 85' lang='lat'><strong>,</strong></span> <span class='ocrx_word' id='word_1_70' title='bbox 1221 704 1335 760; x_wconf 90' lang='lat' dir='ltr'><strong>quod</strong></span> <span class='ocrx_word' id='word_1_71' title='bbox 1351 717 1436 745; x_wconf 87' lang='lat' dir='ltr'><strong>orta</strong></span> <span class='ocrx_word' id='word_1_72' title='bbox 1456 702 1517 744; x_wconf 89' lang='lat' dir='ltr'><strong>lite</strong></span> <span class='ocrx_word' id='word_1_73' title='bbox 1542 702 1642 743; x_wconf 89' lang='lat' dir='ltr'><strong>inter</strong></span> <span class='ocrx_word' id='word_1_74' title='bbox 1659 698 1905 740; x_wconf 79' lang='lat' dir='ltr'><strong>Tribunalia</strong></span> 
     </span>
     <span class='ocr_line' id='line_1_9' title="bbox 429 757 1908 827; baseline -0.01 -13"><span class='ocrx_word' id='word_1_75' title='bbox 429 772 482 814; x_wconf 85' lang='lat' dir='ltr'><strong>ad</strong></span> <span class='ocrx_word' id='word_1_76' title='bbox 496 771 609 827; x_wconf 91' lang='lat' dir='ltr'><strong>quod</strong></span> <span class='ocrx_word' id='word_1_77' title='bbox 625 780 770 826; x_wconf 81' lang='lat' dir='ltr'><strong>spectet</strong></span> <span class='ocrx_word' id='word_1_78' title='bbox 787 765 964 823; x_wconf 82' lang='lat' dir='ltr'>cognitio</span> <span class='ocrx_word' id='word_1_79' title='bbox 982 763 1145 805; x_wconf 86' lang='lat' dir='ltr'>Causae</span> <span class='ocrx_word' id='word_1_80' title='bbox 1158 794 1171 813; x_wconf 88' lang='lat'>,</span> <span class='ocrx_word' id='word_1_81' title='bbox 1209 763 1351 805; x_wconf 89' lang='lat' dir='ltr'><strong>debeat</strong></span> <span class='ocrx_word' id='word_1_82' title='bbox 1380 776 1564 804; x_wconf 85' lang='lat' dir='ltr'><strong>recursus</strong></span> <span class='ocrx_word' id='word_1_83' title='bbox 1585 759 1668 802; x_wconf 88' lang='lat' dir='ltr'><strong>fieri</strong></span> <span class='ocrx_word' id='word_1_84' title='bbox 1688 758 1740 799; x_wconf 91' lang='lat' dir='ltr'><strong>ad</strong></span> <span class='ocrx_word' id='word_1_85' title='bbox 1760 757 1908 814; x_wconf 84' lang='lat' dir='ltr'><strong>Signa-</strong></span> 
     </span>
     <span class='ocr_line' id='line_1_10' title="bbox 425 816 1910 881; baseline -0.011 -8"><span class='ocrx_word' id='word_1_86' title='bbox 425 844 560 873; x_wconf 86' lang='lat' dir='ltr'><strong>turam</strong></span> <span class='ocrx_word' id='word_1_87' title='bbox 576 827 756 876; x_wconf 74' lang='lat' dir='ltr'><strong>justitiae</strong></span> <span class='ocrx_word' id='word_1_88' title='bbox 774 857 787 876; x_wconf 91' lang='lat'>‚</span> <span class='ocrx_word' id='word_1_89' title='bbox 821 840 892 867; x_wconf 90' lang='lat' dir='ltr'><strong>seu</strong></span> <span class='ocrx_word' id='word_1_90' title='bbox 909 823 994 881; x_wconf 80' lang='lat' dir='ltr'><strong>ejus</strong></span> <span class='ocrx_word' id='word_1_91' title='bbox 1014 822 1260 864; x_wconf 84' lang='lat' dir='ltr'><strong>Praefectum</strong></span> <span class='ocrx_word' id='word_1_92' title='bbox 1276 837 1289 870; x_wconf 85' lang='lat'>;</span> <span class='ocrx_word' id='word_1_93' title='bbox 1316 821 1541 863; x_wconf 86' lang='lat' dir='ltr'><strong>Camerales</strong></span> <span class='ocrx_word' id='word_1_94' title='bbox 1554 819 1649 863; x_wconf 77' lang='lat' dir='ltr'><strong>vero</strong></span> <span class='ocrx_word' id='word_1_95' title='bbox 1687 816 1910 872; x_wconf 88' lang='lat' dir='ltr'><strong>responde-</strong></span> 
     </span>
     <span class='ocr_line' id='line_1_11' title="bbox 427 876 1910 943; baseline -0.011 -11"><span class='ocrx_word' id='word_1_96' title='bbox 427 891 527 932; x_wconf 86' lang='lat' dir='ltr'><strong>bant</strong></span> <span class='ocrx_word' id='word_1_97' title='bbox 543 920 555 938; x_wconf 83' lang='lat'>‚</span> <span class='ocrx_word' id='word_1_98' title='bbox 572 887 613 927; x_wconf 87' lang='lat' dir='ltr'><strong>id</strong></span> <span class='ocrx_word' id='word_1_99' title='bbox 630 884 790 943; x_wconf 82' lang='lat' dir='ltr'>intelligi</span> <span class='ocrx_word' id='word_1_100' title='bbox 811 884 952 926; x_wconf 87' lang='lat' dir='ltr'><strong>debere</strong></span> <span class='ocrx_word' id='word_1_101' title='bbox 974 883 1020 923; x_wconf 90' lang='lat' dir='ltr'><strong>de</strong></span> <span class='ocrx_word' id='word_1_102' title='bbox 1045 880 1342 936; x_wconf 86' lang='lat' dir='ltr'><strong>Tribunalibus</strong></span> <span class='ocrx_word' id='word_1_103' title='bbox 1378 881 1430 920; x_wconf 80' lang='lat' dir='ltr'><strong>A.</strong></span> <span class='ocrx_word' id='word_1_104' title='bbox 1447 879 1501 921; x_wconf 87' lang='lat' dir='ltr'><strong>C.</strong></span> <span class='ocrx_word' id='word_1_105' title='bbox 1522 909 1535 927; x_wconf 87' lang='lat'><strong>,</strong></span> <span class='ocrx_word' id='word_1_106' title='bbox 1569 876 1720 918; x_wconf 83' lang='lat' dir='ltr'><strong>Vicarii</strong></span> <span class='ocrx_word' id='word_1_107' title='bbox 1741 906 1752 924; x_wconf 91' lang='lat'>,</span> <span class='ocrx_word' id='word_1_108' title='bbox 1773 888 1810 916; x_wconf 87' lang='lat' dir='ltr'><strong>et</strong></span> <span class='ocrx_word' id='word_1_109' title='bbox 1832 877 1910 915; x_wconf 84' lang='lat' dir='ltr'><strong>Fo-</strong></span> 
     </span>
     <span class='ocr_line' id='line_1_12' title="bbox 426 933 1909 1001; baseline -0.009 -13"><span class='ocrx_word' id='word_1_110' title='bbox 426 944 723 1001; x_wconf 83' lang='lat' dir='ltr'><strong>riCapitolini,</strong></span> <span class='ocrx_word' id='word_1_111' title='bbox 754 944 802 984; x_wconf 90' lang='lat' dir='ltr'><strong>de</strong></span> <span class='ocrx_word' id='word_1_112' title='bbox 821 942 970 997; x_wconf 85' lang='lat' dir='ltr'><strong>quibus</strong></span> <span class='ocrx_word' id='word_1_113' title='bbox 997 939 1177 993; x_wconf 83' lang='lat' dir='ltr'><strong>loquitur</strong></span> <span class='ocrx_word' id='word_1_114' title='bbox 1203 970 1217 987; x_wconf 84' lang='lat'>,</span> <span class='ocrx_word' id='word_1_115' title='bbox 1249 948 1288 979; x_wconf 91' lang='lat' dir='ltr'><strong>et</strong></span> <span class='ocrx_word' id='word_1_116' title='bbox 1312 953 1396 979; x_wconf 86' lang='lat' dir='ltr'><strong>non</strong></span> <span class='ocrx_word' id='word_1_117' title='bbox 1415 951 1526 993; x_wconf 88' lang='lat' dir='ltr'><strong>posse</strong></span> <span class='ocrx_word' id='word_1_118' title='bbox 1568 933 1909 990; x_wconf 86' lang='lat' dir='ltr'>comprehendere</span> 
     </span>
     <span class='ocr_line' id='line_1_13' title="bbox 429 992 1908 1050; baseline -0.011 -7"><span class='ocrx_word' id='word_1_119' title='bbox 429 1004 673 1048; x_wconf 79' lang='lat' dir='ltr'><strong>cameram,</strong></span> <span class='ocrx_word' id='word_1_120' title='bbox 690 1012 729 1040; x_wconf 91' lang='lat' dir='ltr'><strong>et</strong></span> <span class='ocrx_word' id='word_1_121' title='bbox 747 1000 906 1046; x_wconf 83' lang='lat' dir='ltr'><strong>Judices</strong></span> <span class='ocrx_word' id='word_1_122' title='bbox 927 997 1160 1038; x_wconf 84' lang='lat' dir='ltr'><strong>Camerales</strong></span> <span class='ocrx_word' id='word_1_123' title='bbox 1179 1026 1191 1044; x_wconf 87' lang='lat'>‚</span> <span class='ocrx_word' id='word_1_124' title='bbox 1215 995 1287 1050; x_wconf 87' lang='lat' dir='ltr'><strong>qui</strong></span> <span class='ocrx_word' id='word_1_125' title='bbox 1307 997 1458 1036; x_wconf 87' lang='lat' dir='ltr'><strong>habent</strong></span> <span class='ocrx_word' id='word_1_126' title='bbox 1476 992 1789 1049; x_wconf 85' lang='lat' dir='ltr'><strong>Signaturamin</strong></span> <span class='ocrx_word' id='word_1_127' title='bbox 1806 1003 1908 1033; x_wconf 85' lang='lat' dir='ltr'><strong>ven-</strong></span> 
     </span>
     <span class='ocr_line' id='line_1_14' title="bbox 423 1049 1906 1114; baseline -0.008 -11"><span class='ocrx_word' id='word_1_128' title='bbox 423 1075 481 1103; x_wconf 83' lang='lat' dir='ltr'><strong>tre</strong></span> <span class='ocrx_word' id='word_1_129' title='bbox 500 1092 512 1109; x_wconf 86' lang='lat'>‚</span> <span class='ocrx_word' id='word_1_130' title='bbox 530 1072 567 1101; x_wconf 87' lang='lat' dir='ltr'><strong>et</strong></span> <span class='ocrx_word' id='word_1_131' title='bbox 586 1057 728 1114; x_wconf 87' lang='lat' dir='ltr'><strong>quoad</strong></span> <span class='ocrx_word' id='word_1_132' title='bbox 743 1057 819 1097; x_wconf 84' lang='lat' dir='ltr'><strong>hoe</strong></span> <span class='ocrx_word' id='word_1_133' title='bbox 838 1055 1001 1096; x_wconf 81' lang='lat' dir='ltr'><strong>existere</strong></span> <span class='ocrx_word' id='word_1_134' title='bbox 1018 1051 1221 1111; x_wconf 84' lang='lat' dir='ltr'><strong>peculiare</strong></span> <span class='ocrx_word' id='word_1_135' title='bbox 1242 1052 1446 1094; x_wconf 88' lang='lat' dir='ltr'><strong>indultum</strong></span> <span class='ocrx_word' id='word_1_136' title='bbox 1465 1066 1477 1101; x_wconf 88' lang='grc'>;</span> <span class='ocrx_word' id='word_1_137' title='bbox 1494 1049 1609 1107; x_wconf 93' lang='lat' dir='ltr'><strong>quod</strong></span> <span class='ocrx_word' id='word_1_138' title='bbox 1625 1061 1906 1106; x_wconf 79' lang='lat' dir='ltr'><strong>praeservatur</strong></span> 
     </span>
     <span class='ocr_line' id='line_1_15' title="bbox 427 1113 983 1161; baseline -0.02 1"><span class='ocrx_word' id='word_1_139' title='bbox 427 1135 450 1161; x_wconf 86' lang='lat' dir='ltr'><strong>a</strong></span> <span class='ocrx_word' id='word_1_140' title='bbox 468 1113 778 1161; x_wconf 84' lang='lat' dir='ltr'><strong>Constitutione</strong></span> <span class='ocrx_word' id='word_1_141' title='bbox 804 1113 897 1160; x_wconf 84' lang='lat' dir='ltr'><strong>Julii</strong></span> <span class='ocrx_word' id='word_1_142' title='bbox 916 1114 983 1153; x_wconf 86' lang='grc' dir='ltr'><strong>ΙΙΙ.</strong></span> 
     </span>
    </p>

    <p class='ocr_par' dir='ltr' id='par_1_4' title="bbox 419 1162 1918 1934">
     <span class='ocr_line' id='line_1_16' title="bbox 545 1162 1912 1222; baseline -0.008 -5"><span class='ocrx_word' id='word_1_143' title='bbox 545 1177 601 1217; x_wconf 79' lang='lat' dir='ltr'><strong>At</strong></span> <span class='ocrx_word' id='word_1_144' title='bbox 620 1172 790 1215; x_wconf 78' lang='lat' dir='ltr'><strong>Petraia</strong></span> <span class='ocrx_word' id='word_1_145' title='bbox 807 1167 1097 1212; x_wconf 80' lang='lat' dir='ltr'><strong>Commentario</strong></span> <span class='ocrx_word' id='word_1_146' title='bbox 1122 1168 1178 1208; x_wconf 82' lang='lat' dir='ltr'><strong>ad</strong></span> <span class='ocrx_word' id='word_1_147' title='bbox 1209 1165 1506 1210; x_wconf 81' lang='lat' dir='ltr'><strong>Constitutiones</strong></span> <span class='ocrx_word' id='word_1_148' title='bbox 1532 1162 1801 1221; x_wconf 76' lang='lat' dir='ltr'><strong>Apostolicas,</strong></span> <span class='ocrx_word' id='word_1_149' title='bbox 1837 1164 1912 1222; x_wconf 85' lang='lat'><strong>(2)</strong></span> 
     </span>
     <span class='ocr_line' id='line_1_17' title="bbox 420 1223 1913 1287; baseline -0.007 -11"><span class='ocrx_word' id='word_1_150' title='bbox 420 1236 482 1278; x_wconf 75' lang='lat' dir='ltr'><strong>ait</strong></span> <span class='ocrx_word' id='word_1_151' title='bbox 498 1267 510 1284; x_wconf 88' lang='lat'>,</span> <span class='ocrx_word' id='word_1_152' title='bbox 547 1247 684 1274; x_wconf 88' lang='lat' dir='ltr'><strong>omnes</strong></span> <span class='ocrx_word' id='word_1_153' title='bbox 703 1230 923 1287; x_wconf 85' lang='lat' dir='ltr'><strong>praedictas</strong></span> <span class='ocrx_word' id='word_1_154' title='bbox 941 1228 1146 1270; x_wconf 76' lang='lat' dir='ltr'><strong>facultates</strong></span> <span class='ocrx_word' id='word_1_155' title='bbox 1164 1257 1176 1275; x_wconf 84' lang='lat'>‚</span> <span class='ocrx_word' id='word_1_156' title='bbox 1202 1226 1354 1282; x_wconf 86' lang='lat' dir='ltr'><strong>quibus</strong></span> <span class='ocrx_word' id='word_1_157' title='bbox 1380 1225 1558 1281; x_wconf 81' lang='lat' dir='ltr'><strong>gaudent</strong></span> <span class='ocrx_word' id='word_1_158' title='bbox 1575 1223 1738 1276; x_wconf 89' lang='lat' dir='ltr'><strong>Judices</strong></span> <span class='ocrx_word' id='word_1_159' title='bbox 1759 1223 1913 1265; x_wconf 86' lang='lat' dir='ltr'><strong>Came-</strong></span> 
     </span>
     <span class='ocr_line' id='line_1_18' title="bbox 425 1279 1914 1341; baseline -0.007 -6"><span class='ocrx_word' id='word_1_160' title='bbox 425 1294 524 1335; x_wconf 80' lang='lat' dir='ltr'><strong>tales</strong></span> <span class='ocrx_word' id='word_1_161' title='bbox 544 1323 556 1341; x_wconf 85' lang='lat'><strong>,</strong></span> <span class='ocrx_word' id='word_1_162' title='bbox 586 1305 624 1333; x_wconf 89' lang='lat' dir='ltr'><strong>et</strong></span> <span class='ocrx_word' id='word_1_163' title='bbox 647 1289 839 1331; x_wconf 84' lang='lat' dir='ltr'><strong>Gamerae</strong></span> <span class='ocrx_word' id='word_1_164' title='bbox 858 1285 1061 1328; x_wconf 87' lang='lat' dir='ltr'><strong>Tribunal</strong></span> <span class='ocrx_word' id='word_1_165' title='bbox 1076 1313 1089 1332; x_wconf 91' lang='lat'>‚</span> <span class='ocrx_word' id='word_1_166' title='bbox 1122 1286 1313 1341; x_wconf 83' lang='lat' dir='ltr'><strong>respicere</strong></span> <span class='ocrx_word' id='word_1_167' title='bbox 1350 1283 1511 1338; x_wconf 65' lang='lat' dir='ltr'><strong>Causas</strong></span> <span class='ocrx_word' id='word_1_168' title='bbox 1535 1282 1627 1325; x_wconf 73' lang='lat' dir='ltr'><strong>vere</strong></span> <span class='ocrx_word' id='word_1_169' title='bbox 1650 1279 1883 1324; x_wconf 87' lang='lat' dir='ltr'><strong>Camerales</strong></span> <span class='ocrx_word' id='word_1_170' title='bbox 1898 1311 1914 1332; x_wconf 90' lang='lat'><strong>,</strong></span> 
     </span>
     <span class='ocr_line' id='line_1_19' title="bbox 419 1339 1912 1405; baseline -0.007 -11"><span class='ocrx_word' id='word_1_171' title='bbox 419 1365 464 1394; x_wconf 81' lang='lat' dir='ltr'><strong>et</strong></span> <span class='ocrx_word' id='word_1_172' title='bbox 482 1351 525 1391; x_wconf 88' lang='lat' dir='ltr'><strong>in</strong></span> <span class='ocrx_word' id='word_1_173' title='bbox 557 1349 708 1405; x_wconf 84' lang='lat' dir='ltr'><strong>quibus</strong></span> <span class='ocrx_word' id='word_1_174' title='bbox 735 1346 837 1388; x_wconf 82' lang='lat' dir='ltr'><strong>Fisci</strong></span> <span class='ocrx_word' id='word_1_175' title='bbox 864 1345 1047 1387; x_wconf 88' lang='lat' dir='ltr'><strong>interesse</strong></span> <span class='ocrx_word' id='word_1_176' title='bbox 1079 1342 1285 1384; x_wconf 86' lang='lat' dir='ltr'><strong>concurrit</strong></span> <span class='ocrx_word' id='word_1_177' title='bbox 1302 1370 1315 1388; x_wconf 86' lang='lat'><strong>‚</strong></span> <span class='ocrx_word' id='word_1_178' title='bbox 1350 1355 1389 1385; x_wconf 88' lang='lat' dir='ltr'><strong>et</strong></span> <span class='ocrx_word' id='word_1_179' title='bbox 1420 1339 1565 1384; x_wconf 72' lang='lat' dir='ltr'><strong>citat-ur</strong></span> <span class='ocrx_word' id='word_1_180' title='bbox 1596 1339 1912 1383; x_wconf 78' lang='lat' dir='ltr'><strong>commissarius</strong></span> 
     </span>
     <span class='ocr_line' id='line_1_20' title="bbox 427 1397 1913 1455; baseline -0.007 -3"><span class='ocrx_word' id='word_1_181' title='bbox 427 1409 626 1452; x_wconf 85' lang='lat' dir='ltr'><strong>Gamerae</strong></span> <span class='ocrx_word' id='word_1_182' title='bbox 647 1437 660 1455; x_wconf 93' lang='lat'>‚</span> <span class='ocrx_word' id='word_1_183' title='bbox 697 1420 743 1448; x_wconf 91' lang='lat' dir='ltr'><strong>ut</strong></span> <span class='ocrx_word' id='word_1_184' title='bbox 768 1404 1010 1446; x_wconf 86' lang='lat' dir='ltr'><strong>enunciatur</strong></span> <span class='ocrx_word' id='word_1_185' title='bbox 1039 1403 1082 1443; x_wconf 88' lang='lat' dir='ltr'><strong>in</strong></span> <span class='ocrx_word' id='word_1_186' title='bbox 1114 1401 1228 1444; x_wconf 84' lang='lat' dir='ltr'><strong>dictis</strong></span> <span class='ocrx_word' id='word_1_187' title='bbox 1244 1400 1644 1447; x_wconf 84' lang='lat' dir='ltr'><strong>Reformationibus;</strong></span> <span class='ocrx_word' id='word_1_188' title='bbox 1679 1397 1720 1438; x_wconf 90' lang='lat' dir='ltr'><strong>in</strong></span> <span class='ocrx_word' id='word_1_189' title='bbox 1749 1399 1913 1442; x_wconf 74' lang='lat' dir='ltr'><strong>caeteris</strong></span> 
     </span>
     <span class='ocr_line' id='line_1_21' title="bbox 427 1456 1914 1516; baseline -0.009 -5"><span class='ocrx_word' id='word_1_190' title='bbox 427 1480 564 1511; x_wconf 83' lang='lat' dir='ltr'><strong>autem</strong></span> <span class='ocrx_word' id='word_1_191' title='bbox 598 1465 747 1508; x_wconf 88' lang='lat' dir='ltr'><strong>Causis</strong></span> <span class='ocrx_word' id='word_1_192' title='bbox 766 1460 1089 1504; x_wconf 84' lang='lat' dir='ltr'><strong>indifferentibus</strong></span> <span class='ocrx_word' id='word_1_193' title='bbox 1106 1460 1208 1501; x_wconf 90' lang='lat' dir='ltr'><strong>inter</strong></span> <span class='ocrx_word' id='word_1_194' title='bbox 1223 1459 1398 1516; x_wconf 87' lang='lat' dir='ltr'><strong>privatos</strong></span> <span class='ocrx_word' id='word_1_195' title='bbox 1416 1490 1429 1508; x_wconf 84' lang='lat'>‚</span> <span class='ocrx_word' id='word_1_196' title='bbox 1459 1473 1561 1513; x_wconf 91' lang='lat' dir='ltr'><strong>quas</strong></span> <span class='ocrx_word' id='word_1_197' title='bbox 1578 1456 1652 1499; x_wconf 88' lang='lat' dir='ltr'><strong>sibi</strong></span> <span class='ocrx_word' id='word_1_198' title='bbox 1689 1470 1914 1513; x_wconf 83' lang='lat' dir='ltr'><strong>competere</strong></span> 
     </span>
     <span class='ocr_line' id='line_1_22' title="bbox 426 1514 1912 1584; baseline -0.007 -16"><span class='ocrx_word' id='word_1_199' title='bbox 426 1525 701 1584; x_wconf 88' lang='lat' dir='ltr'><strong>praetendunt</strong></span> <span class='ocrx_word' id='word_1_200' title='bbox 727 1520 958 1564; x_wconf 85' lang='lat' dir='ltr'><strong>Camerales</strong></span> <span class='ocrx_word' id='word_1_201' title='bbox 993 1518 1147 1561; x_wconf 85' lang='lat' dir='ltr'><strong>ratione</strong></span> <span class='ocrx_word' id='word_1_202' title='bbox 1167 1516 1521 1560; x_wconf 87' lang='lat' dir='ltr'><strong>administrationis</strong></span> <span class='ocrx_word' id='word_1_203' title='bbox 1545 1514 1715 1572; x_wconf 85' lang='lat' dir='ltr'><strong>alicujus</strong></span> <span class='ocrx_word' id='word_1_204' title='bbox 1732 1514 1912 1557; x_wconf 79' lang='lat' dir='ltr'><strong>muneris</strong></span> 
     </span>
     <span class='ocr_line' id='line_1_23' title="bbox 427 1575 1914 1637; baseline -0.013 -10"><span class='ocrx_word' id='word_1_205' title='bbox 427 1583 648 1628; x_wconf 78' lang='lat' dir='ltr'><strong>Cameralis</strong></span> <span class='ocrx_word' id='word_1_206' title='bbox 663 1615 676 1633; x_wconf 87' lang='grc'>,</span> <span class='ocrx_word' id='word_1_207' title='bbox 704 1583 819 1637; x_wconf 90' lang='lat' dir='ltr'><strong>quod</strong></span> <span class='ocrx_word' id='word_1_208' title='bbox 837 1590 1041 1621; x_wconf 81' lang='lat' dir='ltr'><strong>exercetur</strong></span> <span class='ocrx_word' id='word_1_209' title='bbox 1069 1593 1090 1618; x_wconf 87' lang='lat' dir='ltr'><strong>a</strong></span> <span class='ocrx_word' id='word_1_210' title='bbox 1109 1576 1322 1636; x_wconf 88' lang='lat' dir='ltr'><strong>praedictis</strong></span> <span class='ocrx_word' id='word_1_211' title='bbox 1337 1576 1499 1634; x_wconf 87' lang='lat' dir='ltr'><strong>privatis</strong></span> <span class='ocrx_word' id='word_1_212' title='bbox 1515 1575 1695 1633; x_wconf 85' lang='lat' dir='ltr'><strong>per-sonis</strong></span> <span class='ocrx_word' id='word_1_213' title='bbox 1714 1602 1727 1622; x_wconf 94' lang='lat'>,</span> <span class='ocrx_word' id='word_1_214' title='bbox 1755 1588 1840 1615; x_wconf 87' lang='lat' dir='ltr'><strong>non</strong></span> <span class='ocrx_word' id='word_1_215' title='bbox 1858 1588 1914 1616; x_wconf 72' lang='lat' dir='ltr'><strong>es.</strong></span> 
     </span>
     <span class='ocr_line' id='line_1_24' title="bbox 425 1632 1914 1697; baseline -0.008 -12"><span class='ocrx_word' id='word_1_216' title='bbox 425 1659 466 1685; x_wconf 84' lang='lat' dir='ltr'><strong>se</strong></span> <span class='ocrx_word' id='word_1_217' title='bbox 484 1643 783 1686; x_wconf 86' lang='lat' dir='ltr'><strong>excludendum</strong></span> <span class='ocrx_word' id='word_1_218' title='bbox 801 1641 863 1697; x_wconf 80' lang='lat' dir='ltr'><strong>jus</strong></span> <span class='ocrx_word' id='word_1_219' title='bbox 891 1638 1158 1693; x_wconf 73' lang='lat' dir='ltr'><strong>Signaturaez,</strong></span> <span class='ocrx_word' id='word_1_220' title='bbox 1187 1649 1284 1678; x_wconf 91' lang='lat' dir='ltr'><strong>tunc</strong></span> <span class='ocrx_word' id='word_1_221' title='bbox 1313 1635 1421 1678; x_wconf 90' lang='lat' dir='ltr'><strong>enirn</strong></span> <span class='ocrx_word' id='word_1_222' title='bbox 1451 1634 1760 1683; x_wconf 88' lang='lat' dir='ltr'><strong>consideratur,</strong></span> <span class='ocrx_word' id='word_1_223' title='bbox 1792 1632 1914 1675; x_wconf 86' lang='lat' dir='ltr'><strong>Cau-</strong></span> 
     </span>
     <span class='ocr_line' id='line_1_25' title="bbox 425 1690 1912 1752; baseline -0.009 -8"><span class='ocrx_word' id='word_1_224' title='bbox 425 1717 513 1744; x_wconf 86' lang='lat' dir='ltr'><strong>sam</strong></span> <span class='ocrx_word' id='word_1_225' title='bbox 543 1711 629 1743; x_wconf 83' lang='lat' dir='ltr'><strong>non</strong></span> <span class='ocrx_word' id='word_1_226' title='bbox 663 1715 741 1742; x_wconf 87' lang='lat' dir='ltr'><strong>esse</strong></span> <span class='ocrx_word' id='word_1_227' title='bbox 776 1698 963 1741; x_wconf 85' lang='lat' dir='ltr'><strong>Fiscalem</strong></span> <span class='ocrx_word' id='word_1_228' title='bbox 982 1726 995 1744; x_wconf 93' lang='lat'>,</span> <span class='ocrx_word' id='word_1_229' title='bbox 1027 1695 1099 1737; x_wconf 89' lang='lat' dir='ltr'><strong>sed</strong></span> <span class='ocrx_word' id='word_1_230' title='bbox 1124 1695 1347 1752; x_wconf 80' lang='lat' dir='ltr'><strong>privatam3</strong></span> <span class='ocrx_word' id='word_1_231' title='bbox 1384 1695 1478 1737; x_wconf 85' lang='lat' dir='ltr'><strong>alias</strong></span> <span class='ocrx_word' id='word_1_232' title='bbox 1498 1705 1731 1750; x_wconf 89' lang='lat' dir='ltr'><strong>sequeretur</strong></span> <span class='ocrx_word' id='word_1_233' title='bbox 1748 1723 1762 1741; x_wconf 89' lang='lat'><strong>,</strong></span> <span class='ocrx_word' id='word_1_234' title='bbox 1795 1690 1912 1747; x_wconf 91' lang='lat' dir='ltr'><strong>quod</strong></span> 
     </span>
     <span class='ocr_line' id='line_1_26' title="bbox 429 1750 1915 1815; baseline -0.008 -13"><span class='ocrx_word' id='word_1_235' title='bbox 429 1774 572 1802; x_wconf 89' lang='lat' dir='ltr'><strong>omnes</strong></span> <span class='ocrx_word' id='word_1_236' title='bbox 599 1759 855 1815; x_wconf 87' lang='lat' dir='ltr'><strong>privatorum</strong></span> <span class='ocrx_word' id='word_1_237' title='bbox 872 1756 1034 1797; x_wconf 82' lang='lat' dir='ltr'><strong>Causae</strong></span> <span class='ocrx_word' id='word_1_238' title='bbox 1052 1753 1256 1796; x_wconf 91' lang='lat' dir='ltr'><strong>introduci</strong></span> <span class='ocrx_word' id='word_1_239' title='bbox 1275 1753 1451 1797; x_wconf 86' lang='lat' dir='ltr'><strong>valerent</strong></span> <span class='ocrx_word' id='word_1_240' title='bbox 1467 1768 1516 1794; x_wconf 85' lang='lat' dir='ltr'><strong>ex</strong></span> <span class='ocrx_word' id='word_1_241' title='bbox 1531 1752 1731 1794; x_wconf 83' lang='lat' dir='ltr'><strong>calumnia</strong></span> <span class='ocrx_word' id='word_1_242' title='bbox 1751 1750 1915 1805; x_wconf 84' lang='lat' dir='ltr'><strong>litigan-</strong></span> 
     </span>
     <span class='ocr_line' id='line_1_27' title="bbox 423 1801 1918 1869; baseline -0.007 -8"><span class='ocrx_word' id='word_1_243' title='bbox 423 1820 529 1861; x_wconf 80' lang='lat' dir='ltr'><strong>tium</strong></span> <span class='ocrx_word' id='word_1_244' title='bbox 559 1819 602 1859; x_wconf 93' lang='lat' dir='ltr'><strong>in</strong></span> <span class='ocrx_word' id='word_1_245' title='bbox 618 1817 797 1858; x_wconf 82' lang='lat' dir='ltr'><strong>Camera</strong></span> <span class='ocrx_word' id='word_1_246' title='bbox 812 1843 830 1862; x_wconf 63' lang='lat'><strong>&gt;,</strong></span> <span class='ocrx_word' id='word_1_247' title='bbox 861 1817 1010 1869; x_wconf 86' lang='lat' dir='ltr'><strong>absque</strong></span> <span class='ocrx_word' id='word_1_248' title='bbox 1030 1827 1078 1853; x_wconf 89' lang='lat' dir='ltr'><strong>eo</strong></span> <span class='ocrx_word' id='word_1_249' title='bbox 1094 1843 1108 1861; x_wconf 88' lang='lat'>‚</span> <span class='ocrx_word' id='word_1_250' title='bbox 1135 1812 1249 1867; x_wconf 85' lang='lat' dir='ltr'><strong>q-uod</strong></span> <span class='ocrx_word' id='word_1_251' title='bbox 1266 1826 1287 1852; x_wconf 83' lang='lat' dir='ltr'><strong>a</strong></span> <span class='ocrx_word' id='word_1_252' title='bbox 1305 1813 1470 1866; x_wconf 85' lang='lat' dir='ltr'><strong>proprio</strong></span> <span class='ocrx_word' id='word_1_253' title='bbox 1485 1809 1700 1851; x_wconf 86' lang='lat' dir='ltr'><strong>Tribunali</strong></span> <span class='ocrx_word' id='word_1_254' title='bbox 1716 1801 1918 1865; x_wconf 65' lang='lat' dir='ltr'><strong>superiori</strong></span> 
     </span>
     <span class='ocr_line' id='line_1_28' title="bbox 424 1888 793 1934; baseline -0.014 -14"><span class='ocrx_word' id='word_1_255' title='bbox 424 1891 583 1934; x_wconf 78' lang='lat' dir='ltr'><strong>possint</strong></span> <span class='ocrx_word' id='word_1_256' title='bbox 600 1888 793 1917; x_wconf 80' lang='lat' dir='ltr'><strong>coerceri.</strong></span> 
     </span>
    </p>

    <p class='ocr_par' dir='ltr' id='par_1_5' title="bbox 426 1919 1948 2398">
     <span class='ocr_line' id='line_1_29' title="bbox 546 1919 1933 1985; baseline -0.008 -11"><span class='ocrx_word' id='word_1_257' title='bbox 546 1934 737 1974; x_wconf 87' lang='lat' dir='ltr'><strong>Pluribus</strong></span> <span class='ocrx_word' id='word_1_258' title='bbox 753 1929 938 1985; x_wconf 77' lang='lat' dir='ltr'><strong>exemplis</strong></span> <span class='ocrx_word' id='word_1_259' title='bbox 954 1944 992 1970; x_wconf 90' lang='lat' dir='ltr'><strong>se</strong></span> <span class='ocrx_word' id='word_1_260' title='bbox 1009 1928 1196 1970; x_wconf 87' lang='lat' dir='ltr'><strong>tuebatur</strong></span> <span class='ocrx_word' id='word_1_261' title='bbox 1211 1925 1329 1967; x_wconf 89' lang='lat' dir='ltr'><strong>etiam</strong></span> <span class='ocrx_word' id='word_1_262' title='bbox 1352 1922 1552 1964; x_wconf 90' lang='lat' dir='ltr'><strong>Tribunal</strong></span> <span class='ocrx_word' id='word_1_263' title='bbox 1567 1923 1819 1977; x_wconf 83' lang='lat' dir='ltr'><strong>Signaturae‚</strong></span> <span class='ocrx_word' id='word_1_264' title='bbox 1831 1919 1933 1964; x_wconf 42' lang='lat' dir='ltr'><strong>hu&amp;</strong></span> 
     </span>
     <span class='ocr_line' id='line_1_30' title="bbox 426 1979 1912 2054; baseline -0.016 -18"><span class='ocrx_word' id='word_1_265' title='bbox 426 1992 602 2054; x_wconf 80' lang='lat' dir='ltr'><strong>jusmodi</strong></span> <span class='ocrx_word' id='word_1_266' title='bbox 623 2020 636 2039; x_wconf 92' lang='lat'><strong>,</strong></span> <span class='ocrx_word' id='word_1_267' title='bbox 669 2003 810 2045; x_wconf 85' lang='lat' dir='ltr'><strong>nempe</strong></span> <span class='ocrx_word' id='word_1_268' title='bbox 827 2018 841 2038; x_wconf 82' lang='lat'><strong>,</strong></span> <span class='ocrx_word' id='word_1_269' title='bbox 869 1986 1186 2028; x_wconf 86' lang='lat' dir='ltr'><strong>declarationum</strong></span> <span class='ocrx_word' id='word_1_270' title='bbox 1204 1983 1246 2023; x_wconf 86' lang='lat' dir='ltr'><strong>in</strong></span> <span class='ocrx_word' id='word_1_271' title='bbox 1266 1980 1459 2022; x_wconf 89' lang='lat' dir='ltr'><strong>similibus</strong></span> <span class='ocrx_word' id='word_1_272' title='bbox 1485 1979 1634 2021; x_wconf 89' lang='lat' dir='ltr'><strong>Causis</strong></span> <span class='ocrx_word' id='word_1_273' title='bbox 1650 2010 1663 2028; x_wconf 90' lang='lat'>‚</span> <span class='ocrx_word' id='word_1_274' title='bbox 1697 1979 1758 2023; x_wconf 90' lang='lat' dir='ltr'><strong>vel</strong></span> <span class='ocrx_word' id='word_1_275' title='bbox 1775 1981 1827 2021; x_wconf 88' lang='lat' dir='ltr'><strong>ad</strong></span> <span class='ocrx_word' id='word_1_276' title='bbox 1847 1980 1912 2022; x_wconf 83' lang='lat' dir='ltr'><strong>fa-</strong></span> 
     </span>
     <span class='ocr_line' id='line_1_31' title="bbox 429 2037 1913 2098; baseline -0.01 -4"><span class='ocrx_word' id='word_1_277' title='bbox 429 2067 568 2098; x_wconf 85' lang='lat' dir='ltr'><strong>vorem</strong></span> <span class='ocrx_word' id='word_1_278' title='bbox 585 2049 783 2091; x_wconf 86' lang='lat' dir='ltr'><strong>Gamerae</strong></span> <span class='ocrx_word' id='word_1_279' title='bbox 801 2077 816 2097; x_wconf 82' lang='lat'>‚</span> <span class='ocrx_word' id='word_1_280' title='bbox 845 2044 910 2090; x_wconf 85' lang='lat' dir='ltr'><strong>vel</strong></span> <span class='ocrx_word' id='word_1_281' title='bbox 931 2045 1048 2087; x_wconf 88' lang='lat' dir='ltr'><strong>etiam</strong></span> <span class='ocrx_word' id='word_1_282' title='bbox 1068 2043 1239 2084; x_wconf 85' lang='lat' dir='ltr'><strong>aliorum</strong></span> <span class='ocrx_word' id='word_1_283' title='bbox 1272 2038 1486 2086; x_wconf 71' lang='lat' dir='ltr'><strong>judicum,</strong></span> <span class='ocrx_word' id='word_1_284' title='bbox 1515 2037 1713 2079; x_wconf 87' lang='lat' dir='ltr'><strong>factarum</strong></span> <span class='ocrx_word' id='word_1_285' title='bbox 1757 2040 1810 2080; x_wconf 86' lang='lat' dir='ltr'><strong>ab</strong></span> <span class='ocrx_word' id='word_1_286' title='bbox 1823 2039 1913 2080; x_wconf 87' lang='lat' dir='ltr'><strong>Au-</strong></span> 
     </span>
     <span class='ocr_line' id='line_1_32' title="bbox 433 2092 1912 2163; baseline -0.009 -10"><span class='ocrx_word' id='word_1_287' title='bbox 433 2112 562 2154; x_wconf 88' lang='lat' dir='ltr'><strong>ditore</strong></span> <span class='ocrx_word' id='word_1_288' title='bbox 586 2109 852 2163; x_wconf 80' lang='lat' dir='ltr'><strong>Signaturae,</strong></span> <span class='ocrx_word' id='word_1_289' title='bbox 881 2116 921 2145; x_wconf 87' lang='lat' dir='ltr'><strong>et</strong></span> <span class='ocrx_word' id='word_1_290' title='bbox 935 2092 1187 2157; x_wconf 38' lang='lat' dir='ltr'><strong>affignatura</strong></span> <span class='ocrx_word' id='word_1_291' title='bbox 1216 2097 1332 2154; x_wconf 90' lang='lat' dir='ltr'><strong>plena</strong></span> <span class='ocrx_word' id='word_1_292' title='bbox 1350 2127 1364 2145; x_wconf 85' lang='lat'><strong>,</strong></span> <span class='ocrx_word' id='word_1_293' title='bbox 1389 2097 1510 2137; x_wconf 87' lang='lat' dir='ltr'><strong>immo</strong></span> <span class='ocrx_word' id='word_1_294' title='bbox 1529 2111 1647 2153; x_wconf 91' lang='lat' dir='ltr'><strong>super</strong></span> <span class='ocrx_word' id='word_1_295' title='bbox 1678 2096 1912 2140; x_wconf 87' lang='lat' dir='ltr'><strong>Causarum</strong></span> 
     </span>
     <span class='ocr_line' id='line_1_33' title="bbox 430 2149 1948 2228; baseline -0.009 -17"><span class='ocrx_word' id='word_1_296' title='bbox 430 2167 671 2228; x_wconf 85' lang='lat' dir='ltr'><strong>pertinentia</strong></span> <span class='ocrx_word' id='word_1_297' title='bbox 699 2166 801 2208; x_wconf 88' lang='lat' dir='ltr'><strong>inter</strong></span> <span class='ocrx_word' id='word_1_298' title='bbox 820 2164 905 2218; x_wconf 86' lang='lat' dir='ltr'><strong>ipsa</strong></span> <span class='ocrx_word' id='word_1_299' title='bbox 925 2157 1166 2200; x_wconf 87' lang='lat' dir='ltr'><strong>Tribunalia</strong></span> <span class='ocrx_word' id='word_1_300' title='bbox 1202 2155 1428 2197; x_wconf 83' lang='lat' dir='ltr'><strong>Cameralia</strong></span> <span class='ocrx_word' id='word_1_301' title='bbox 1445 2186 1457 2204; x_wconf 90' lang='lat'>,</span> <span class='ocrx_word' id='word_1_302' title='bbox 1480 2168 1651 2212; x_wconf 85' lang='lat' dir='ltr'><strong>spectare</strong></span> <span class='ocrx_word' id='word_1_303' title='bbox 1683 2170 1825 2212; x_wconf 83' lang='lat' dir='ltr'><strong>nempe</strong></span> <span class='ocrx_word' id='word_1_304' title='bbox 1854 2156 1908 2198; x_wconf 87' lang='lat' dir='ltr'><strong>ad</strong></span> <span class='ocrx_word' id='word_1_305' title='bbox 1942 2149 1948 2154; x_wconf 46' lang='lat'><strong><em>⁵</em></strong></span> 
     </span>
     <span class='ocr_line' id='line_1_34' title="bbox 433 2214 1908 2272; baseline -0.01 -1"><span class='ocrx_word' id='word_1_306' title='bbox 433 2225 745 2272; x_wconf 79' lang='lat' dir='ltr'><strong>Camerarium,</strong></span> <span class='ocrx_word' id='word_1_307' title='bbox 779 2235 864 2262; x_wconf 90' lang='lat' dir='ltr'><strong>non</strong></span> <span class='ocrx_word' id='word_1_308' title='bbox 897 2219 949 2260; x_wconf 86' lang='lat' dir='ltr'><strong>ad</strong></span> <span class='ocrx_word' id='word_1_309' title='bbox 963 2214 1311 2262; x_wconf 84' lang='lat' dir='ltr'><strong>Thesaurarium;</strong></span> <span class='ocrx_word' id='word_1_310' title='bbox 1339 2227 1377 2256; x_wconf 90' lang='lat' dir='ltr'><strong>et</strong></span> <span class='ocrx_word' id='word_1_311' title='bbox 1397 2227 1605 2272; x_wconf 74' lang='lat' dir='ltr'><strong>eapropter</strong></span> <span class='ocrx_word' id='word_1_312' title='bbox 1622 2214 1908 2256; x_wconf 84' lang='lat' dir='ltr'><strong>inconcussam</strong></span> 
     </span>
     <span class='ocr_line' id='line_1_35' title="bbox 432 2272 1905 2341; baseline -0.01 -11"><span class='ocrx_word' id='word_1_313' title='bbox 432 2302 510 2330; x_wconf 87' lang='lat' dir='ltr'><strong>esse</strong></span> <span class='ocrx_word' id='word_1_314' title='bbox 529 2284 684 2341; x_wconf 79' lang='lat' dir='ltr'><strong>praxim</strong></span> <span class='ocrx_word' id='word_1_315' title='bbox 703 2278 938 2323; x_wconf 85' lang='lat' dir='ltr'><strong>ostendebat</strong></span> <span class='ocrx_word' id='word_1_316' title='bbox 952 2291 1022 2327; x_wconf 88' lang='lat' dir='ltr'><strong>,ut</strong></span> <span class='ocrx_word' id='word_1_317' title='bbox 1040 2273 1197 2316; x_wconf 85' lang='lat' dir='ltr'><strong>Notarii</strong></span> <span class='ocrx_word' id='word_1_318' title='bbox 1214 2272 1445 2314; x_wconf 79' lang='lat' dir='ltr'><strong>Camerales</strong></span> <span class='ocrx_word' id='word_1_319' title='bbox 1462 2273 1653 2316; x_wconf 87' lang='lat' dir='ltr'><strong>accedant</strong></span> <span class='ocrx_word' id='word_1_320' title='bbox 1667 2274 1720 2315; x_wconf 83' lang='lat' dir='ltr'><strong>ad</strong></span> <span class='ocrx_word' id='word_1_321' title='bbox 1735 2274 1905 2315; x_wconf 83' lang='lat' dir='ltr'><strong>audien-</strong></span> 
     </span>
     <span class='ocr_line' id='line_1_36' title="bbox 433 2332 1904 2398; baseline -0.008 -11"><span class='ocrx_word' id='word_1_322' title='bbox 433 2346 526 2387; x_wconf 83' lang='lat' dir='ltr'><strong>tiam</strong></span> <span class='ocrx_word' id='word_1_323' title='bbox 558 2342 824 2398; x_wconf 80' lang='lat' dir='ltr'><strong>Signaturae.</strong></span> <span class='ocrx_word' id='word_1_324' title='bbox 859 2334 1092 2378; x_wconf 84' lang='lat' dir='ltr'><strong>Cardinalis</strong></span> <span class='ocrx_word' id='word_1_325' title='bbox 1119 2332 1181 2374; x_wconf 84' lang='lat' dir='ltr'><strong>De</strong></span> <span class='ocrx_word' id='word_1_326' title='bbox 1197 2333 1301 2373; x_wconf 83' lang='lat' dir='ltr'><strong>Luca</strong></span> <span class='ocrx_word' id='word_1_327' title='bbox 1333 2332 1380 2374; x_wconf 91' lang='lat' dir='ltr'><strong>de</strong></span> <span class='ocrx_word' id='word_1_328' title='bbox 1400 2332 1634 2390; x_wconf 83' lang='lat' dir='ltr'><strong>hujusmodi</strong></span> <span class='ocrx_word' id='word_1_329' title='bbox 1668 2332 1904 2388; x_wconf 83' lang='lat' dir='ltr'><strong>quaestione</strong></span> 
     </span>
    </p>

    <p class='ocr_par' dir='ltr' id='par_1_6' title="bbox 1814 2407 1906 2435">
     <span class='ocr_line' id='line_1_37' title="bbox 1814 2407 1906 2435; baseline -0.022 0"><span class='ocrx_word' id='word_1_330' title='bbox 1814 2407 1906 2435; x_wconf 88' lang='lat' dir='ltr'><strong>ver-</strong></span> 
     </span>
    </p>
   </div>
   <div class='ocr_carea' id='block_1_2' title="bbox 435 2460 1904 2486">
    <p class='ocr_par' dir='ltr' id='par_1_7' title="bbox 435 2460 1904 2486">
     <span class='ocr_line' id='line_1_38' title="bbox 435 2460 1904 2486; baseline -0.009 0"><span class='ocrx_word' id='word_1_331' title='bbox 435 2463 1519 2486; x_wconf 72' lang='lat'><em>——————-———-———-</em></span> <span class='ocrx_word' id='word_1_332' title='bbox 1525 2460 1904 2476; x_wconf 70' lang='lat' dir='ltr'>——n—</span> 
     </span>
    </p>
   </div>
   <div class='ocr_carea' id='block_1_3' title="bbox 475 2520 1882 2568">
    <p class='ocr_par' dir='ltr' id='par_1_8' title="bbox 475 2520 1882 2568">
     <span class='ocr_line' id='line_1_39' title="bbox 475 2520 1882 2568; baseline -0.008 -5"><span class='ocrx_word' id='word_1_333' title='bbox 475 2528 531 2568; x_wconf 71' lang='lat'><strong>(1)</strong></span> <span class='ocrx_word' id='word_1_334' title='bbox 557 2531 743 2568; x_wconf 74' lang='lat' dir='ltr'><strong>Constit.7x-</strong></span> <span class='ocrx_word' id='word_1_335' title='bbox 758 2528 818 2560; x_wconf 84' lang='lat' dir='ltr'><strong>Tit.</strong></span> <span class='ocrx_word' id='word_1_336' title='bbox 831 2528 870 2561; x_wconf 84' lang='lat' dir='ltr'><strong>de</strong></span> <span class='ocrx_word' id='word_1_337' title='bbox 884 2525 1037 2561; x_wconf 74' lang='lat' dir='ltr'><strong>Auditore</strong></span> <span class='ocrx_word' id='word_1_338' title='bbox 1054 2527 1197 2558; x_wconf 79' lang='lat' dir='ltr'><strong>eamerae</strong></span> <span class='ocrx_word' id='word_1_339' title='bbox 1210 2543 1218 2551; x_wconf 85' lang='lat'><strong>·</strong></span> <span class='ocrx_word' id='word_1_340' title='bbox 1269 2522 1322 2563; x_wconf 91' lang='lat'><strong>(2)</strong></span> <span class='ocrx_word' id='word_1_341' title='bbox 1336 2523 1431 2562; x_wconf 77' lang='lat' dir='ltr'><strong>&#39;To-4.</strong></span> <span class='ocrx_word' id='word_1_342' title='bbox 1446 2522 1479 2553; x_wconf 87' lang='lat' dir='ltr'><strong>in</strong></span> <span class='ocrx_word' id='word_1_343' title='bbox 1498 2522 1624 2555; x_wconf 81' lang='lat' dir='ltr'><strong>constit.</strong></span> <span class='ocrx_word' id='word_1_344' title='bbox 1646 2530 1675 2553; x_wconf 88' lang='lat'><strong>1.</strong></span> <span class='ocrx_word' id='word_1_345' title='bbox 1694 2520 1812 2556; x_wconf 81' lang='lat' dir='ltr'><strong>Urbani</strong></span> <span class='ocrx_word' id='word_1_346' title='bbox 1827 2523 1882 2556; x_wconf 81' lang='lat' dir='ltr'><strong>VI.</strong></span> 
     </span>
    </p>
   </div>
  </div>
 </body>
</html>
