1993 3195
594 327 633 368 C
668 329 704 369 Α
737 329 767 369 Ρ
798 327 840 368 U
870 325 908 367 T
968 327 998 366 l.
1508 344 1523 370 ι

69 409 111 436 ca
146 388 447 447 expediuntur3
483 401 596 428 secus
613 399 751 429 tamen
771 398 828 429 est
854 417 867 435 ,
901 382 1072 439 quando
1104 382 1274 423 suerunt
1305 346 1529 440 proposit⁷a0

71 452 111 492 in
130 449 243 507 plena
262 447 475 503 Signatura
508 459 683 499 utraque
704 458 817 504 parte
856 444 1098 486 informante
1116 472 1129 490 ‚
1155 454 1192 483 et
1209 442 1451 484 rescribatur
1470 444 1531 485 fa-

67 522 161 553 vore
199 506 333 563 potius
374 503 563 554 alterius,
595 502 1012 563 quamimpetrantis,
1053 500 1175 554 quisi
1210 499 1313 541 illam
1344 503 1529 558 expedire

68 566 246 609 noluerit
261 597 274 614 ,
309 578 406 607 tunc
426 565 676 607 adversarius
694 566 763 608 dat
782 566 898 606 aliam
920 558 1258 603 Commissionem
1279 589 1291 606 ,
1309 575 1392 614 qua
1416 561 1530 617 petit,

66 638 104 669 et
122 624 306 674 obtinet,
337 623 583 681 propositam
604 657 617 674 ,
643 640 687 667 ac
727 626 926 682 signatam
945 620 1116 679 primam
1133 618 1453 661 commissionem
1471 620 1534 661 fie-

66 685 99 727 ri
127 699 383 727 communem
404 714 415 731 ‚
450 696 487 725 et
503 698 590 725 eam
610 684 803 742 producit
822 695 932 742 parte
955 679 1074 722 citata
1095 709 1104 719 .

183 743 394 785 Adversus
415 742 751 787 Commissionem
773 777 785 795 ‚
803 745 882 801 jam
916 754 1051 784 coram
1068 738 1209 793 Judice
1242 737 1532 780 Commissario

66 802 304 851 exhibitam,
324 817 408 844 non
430 815 555 861 potest
574 803 651 846 dici
685 806 731 847 de
758 801 1034 850 invaliditate,
1078 812 1211 854 neque
1254 798 1296 838 in
1330 796 1459 839 Curia
1483 798 1529 839 de

66 863 169 906 illius
200 862 354 906 viribus
379 861 604 921 disputari,
637 865 697 910 vel
715 860 986 920 subreptionis
1006 891 1019 909 ,
1041 857 1368 914 obreptionisque
1389 856 1533 899 vitium

67 923 196 989 eidem
229 921 412 980 opponi,
439 937 573 977 quum
601 924 756 967 facilem
781 924 959 966 habeant
978 922 1110 967 Partes
1129 917 1286 960 aditum
1318 929 1534 959 recurren-

68 980 178 1024 drad
195 981 454 1047 Signata-ram
474 996 549 1039 pro
574 984 857 1028 reformatione
878 1014 891 1033 ,
917 991 1121 1037 quatenus
1137 992 1241 1033 opus
1258 976 1338 1025 sit,
1365 985 1534 1018 COsstrO·

66 1055 201 1084 versae
224 1041 548 1091 comm1=ssi0nis3
576 1059 690 1085 secus
705 1045 807 1087 vero
823 1040 995 1096 quando
1036 1038 1212 1093 aliq-uam
1246 1036 1395 1077 habeat
1425 1033 1533 1074 clau-

67 1100 198 1143 sulam
222 1098 539 1142 conditionalem
557 1131 575 1149 ‚
602 1102 896 1158 disputandum
911 1111 1011 1142 tunc
1029 1096 1158 1151 primo
1175 1094 1264 1136 loco
1279 1093 1354 1136 erit
1372 1093 1419 1134 de
1439 1106 1534 1134 con·

67 1158 234 1200 ditionis
251 1156 515 1210 implemento
531 1171 547 1204 ς
573 1171 612 1197 et
630 1161 776 1197 deinde
809 1160 864 1197 ad
881 1157 1069 1196 ulteriora
1088 1153 1322 1207 proceditur
1340 1181 1350 1191 .

187 1213 292 1256 lllud
329 1213 397 1255 hic
429 1215 653 1257 tenendum
668 1228 725 1258 est
739 1245 757 1264 ,,
781 1214 898 1269 quod
913 1213 944 1254 si
972 1209 1107 1253 citatio
1124 1210 1167 1251 fit
1198 1209 1241 1247 in
1261 1207 1390 1248 Curia
1406 1237 1418 1256 ‚
1453 1208 1534 1249 suf-

63 1274 148 1317 ficit
165 1273 451 1317 tantummodo
467 1273 595 1315 editio>
609 1307 622 1324 ,
652 1275 732 1318 sive
749 1270 1017 1331 praesentatio
1032 1265 1341 1313 Commissionis
1360 1265 1402 1306 in
1420 1267 1532 1316 actis3

64 1348 196 1390 quum
213 1333 309 1375 verb
328 1331 465 1375 citatio
490 1329 769 1376 addicendum*
788 1342 947 1381 contra,
977 1340 1018 1370 et
1050 1326 1104 1372 ad
1130 1338 1259 1369 totam
1275 1338 1441 1367 causam
1471 1324 1534 1365 di-

67 1393 221 1451 rigatur
241 1405 353 1434 extra
390 1389 560 1434 Curiam
582 1423 595 1441 ,
623 1407 723 1436 tunc
760 1390 999 1435 inserendus
1014 1401 1070 1432 est
1086 1399 1203 1429 tenor
1218 1383 1534 1433 commissionis;

66 1465 108 1494 et
121 1453 275 1495 Putem-
290 1466 379 1494 cum
396 1450 544 1492 Achille
561 1452 635 1509 (1)
655 1464 817 1502 censet,
851 1464 936 1491 non
957 1463 977 1489 a
996 1446 1110 1502 jure,
1142 1446 1212 1487 sed
1243 1458 1291 1486 ex
1325 1442 1534 1485 communi

64 1511 297 1555 Doctorum
328 1509 525 1555 sententia
542 1510 784 1566 huiusmodi
810 1509 969 1568 praxim
998 1504 1211 1551 invaluisse
1229 1534 1246 1545 .,
1269 1503 1327 1546 At
1358 1500 1534 1543 inficiari

63 1586 151 1613 non
182 1585 313 1629 potest
328 1604 346 1622 2
376 1583 525 1613 rectam
551 1569 695 1626 judicii
717 1570 958 1613 methodum
975 1566 1018 1608 id
1040 1565 1224 1623 exigere,
1254 1575 1301 1605 ut
1325 1560 1535 1603 Adversa-

62 1631 148 1674 rius
166 1632 215 1673 de
241 1629 522 1675 controversia
552 1632 749 1675 adversus
773 1645 811 1673 se
830 1642 937 1672 mota
961 1628 1217 1673 instruatur,
1243 1634 1282 1664 et
1307 1620 1360 1663 ita
1383 1619 1537 1663 delibe-

61 1705 147 1734 rare
165 1691 289 1748 possit
305 1721 321 1739 ,,
352 1707 459 1734 num
489 1690 629 1733 cedere
647 1722 660 1741 ,
689 1691 751 1735 vel
782 1688 845 1743 jus
871 1704 993 1732 suum
1025 1682 1195 1743 experiri
1216 1683 1385 1729 debeam
1418 1678 1535 1733 quod

62 1750 232 1805 quidem
253 1750 368 1793 facile
395 1750 581 1792 redditur
597 1751 633 1792 ei
653 1783 666 1800 ‚
687 1750 758 1807 qui
789 1750 830 1791 in
850 1748 984 1791 Curia
1007 1745 1157 1788 citatur
1173 1773 1186 1792 ,
1217 1754 1347 1798 quum
1378 1738 1429 1780 ad
1446 1749 1536 1778 acta

63 1810 313 1851 recurrendo
343 1810 394 1852 de
423 1810 654 1853 Adversarii
682 1809 877 1851 instantia
908 1806 1050 1850 certior
1068 1804 1113 1846 fit
1127 1835 1146 1853 ,,
1175 1799 1332 1843 difficile
1351 1796 1373 1839 ὲ
1391 1808 1534 1839 contra

63 1880 119 1910 est
133 1866 184 1907 illi
195 1893 209 1917 2
239 1867 312 1922 qui
327 1881 440 1909 extra
466 1867 641 1906 Curiam
655 1868 883 1920 reperitur,
912 1878 950 1905 et
965 1862 1150 1918 proinde-
1167 1861 1209 1899 in
1236 1857 1457 1904 citatione,
1488 1865 1536 1896 ut

65 1925 245 1967 diximus
262 1956 277 1973 ‚
294 1924 537 1965 tenoretiam
553 1923 844 1966 commissionis
876 1919 1156 1963 transcribitur
1175 1947 1185 1958 .

181 1983 280 2038 Qua
313 1981 478 2036 quidem
507 1981 701 2021 citatione·
729 1980 968 2036 reproducta
1002 1979 1044 2018 in
1077 1976 1204 2032 prima
1235 1974 1298 2014 die
1329 1969 1500 2024 juridica
1519 1998 1533 2017 ,

63 2057 164 2101 quae
198 2042 372 2089 Lunae,
404 2039 466 2084 vel
494 2037 727 2086 Mercurii,
758 2050 796 2080 et
830 2038 999 2079 Veneris
1045 2043 1125 2076 esse
1157 2033 1254 2075 solet
1302 2030 1344 2070 in
1381 2027 1533 2070 Causis

64 2100 364 2146 Commissariis
379 2130 394 2149 ‚
421 2112 470 2141 ex
487 2112 534 2140 eo
555 2097 650 2153 quia
670 2095 714 2138 in
744 2096 806 2138 his
834 2109 992 2138 tantum
1014 2093 1155 2136 diebus
1168 2092 1346 2134 'habetur
1363 2086 1538 2130 audien-

65 2162 119 2205 tia
149 2177 170 2204 a
207 2160 417 2212 judicibus
450 2156 779 2205 Commissariis,
810 2156 857 2198 fit
881 2157 1129 2209 Decretum,
1164 2163 1288 2208 prout
1321 2146 1534 2203 sequitur,

68 2220 125 2263 Ν.
145 2223 202 2264 Ν.
221 2219 336 2281 petiit
352 2251 368 2269 ,
398 2229 437 2259 ετ
450 2216 616 2260 obtinuit
634 2215 797 2258 inhiberi
811 2247 823 2265 ,
854 2225 892 2256 et
906 2210 1090 2256 mandari
1111 2208 1274 2267 procedi
1289 2207 1402 2261 juxta
1432 2205 1534 2248 illius

60 2282 227 2339 formam
253 2311 266 2331 ,
285 2276 336 2322 >et
354 2289 522 2321 tenorem
539 2275 650 2319 omni
668 2285 740 2317 etc.
758 2290 771 2325 3
803 2287 840 2317 et
857 2274 1002 2316 deinde
1020 2302 1035 2321 ,
1065 2269 1128 2314 vel
1153 2267 1420 2326 producenda
1437 2276 1535 2307 sunt

70 2356 177 2385 nova
209 2341 296 2397 jura
316 2371 328 2390 ,
354 2339 621 2380 instrumenta
638 2364 653 2383 ,
678 2349 821 2392 nempe
841 2363 853 2382 ,
881 2348 926 2376 ac
957 2332 1055 2374 aliae
1090 2328 1307 2387 publicae,
1332 2327 1536 2384 privatae-

70 2417 150 2459 que
182 2400 395 2455 scripturae
411 2428 427 2447 ,
450 2411 532 2438 una
551 2410 647 2440 cum
674 2393 769 2436 actis
784 2393 928 2450 prioris
958 2389 1174 2433 instantiae
1189 2419 1204 2438 2
1233 2386 1333 2428 etfit
1357 2381 1495 2426 citatio
1515 2412 1532 2431 ,

1412 2444 1532 2497 'quae

68 2532 225 2546 —

160 2589 215 2629 (ι)
237 2589 344 2621 Decis.
365 2593 443 2625 ²⁴¹·
459 2594 491 2617 n.
510 2592 541 2614 1.
558 2583 612 2616 hb.
628 2593 662 2625 3.
680 2583 784 2617 Decis-
807 2590 858 2613 ιο.
875 2580 916 2614 de
931 2579 1013 2613 Dolo
1027 2599 1039 2617 ,
1058 2585 1096 2612 eo
1112 2575 1320 2611 contumacia
1340 2595 1351 2605 2
