1993 3195
699 277 732 312 A
771 278 859 312 P·P
897 279 922 312 E
958 279 994 312 N
1037 281 1072 313 D
1113 281 1129 316 I
1169 281 1200 316 X
1652 298 1675 334 7

192 330 261 367 da,
291 324 429 370 singulis
462 322 535 358 aliis
561 324 712 369 personis
738 325 836 359 etiam
876 325 1001 360 similes
1020 350 1030 365 ‚
1059 337 1116 362 aut
1149 329 1212 363 illis
1255 330 1399 368 maiores
1438 335 1673 378 praerogativas

191 375 254 423 pro
280 383 432 419 ternpore
458 373 738 418 prosequentibus
757 397 767 413 ,
792 373 932 408 omnino
949 385 1108 420 possent,
1139 386 1172 409 et
1200 379 1361 411 deberent
1379 379 1536 413 anteferri
1555 406 1564 417 ,
1593 396 1674 424 quo.

190 424 301 460 minus
330 423 391 469 ipsi
422 422 652 458 Referendarii
673 423 703 457 in
719 423 911 463 hujusmodi
941 436 1002 469 per
1035 435 1090 459 eos
1113 423 1260 459 facienda
1289 427 1498 461 assecutione
1526 430 1673 472 potiores

189 471 333 508 existant
363 496 373 512 ,
413 471 572 517 cuiquam
604 472 832 519 suffragentur
860 484 871 513 3
913 476 1038 519 absque
1076 483 1186 508 tamen
1217 474 1415 518 praeiudicio
1455 476 1672 517 familiarium

189 522 430 556 continuorum
459 521 738 557 commensalium
773 530 961 558 nostrorum
990 522 1239 568 descriptorum
1270 549 1280 564 ,
1313 523 1447 560 illorum
1479 525 1637 562 videlicet
1659 553 1671 569 ‚

186 570 246 614 qui
278 582 339 614 pro
367 579 520 615 tempore
549 570 788 616 assumptionis
805 580 926 607 nostrae
951 572 992 607 ad
1020 573 1149 608 Summi
1175 571 1393 618 Apostolatus
1412 573 1540 619 apicem
1568 578 1671 611 nostri

182 619 369 655 familiares
399 618 551 654 continui
567 619 823 655 Commensales
841 622 1068 662 exstiterunt,
1099 634 1159 657 nec
1176 634 1242 657 non
1257 623 1502 670 quinquaginta
1530 622 1671 662 aliorum

187 677 266 713 post
296 668 457 703 ultimum
478 679 519 703 ex
545 668 747 714 supradictis
778 669 924 714 antiquis
953 671 1175 707 familiaribus
1207 672 1384 719 descriptis
1408 680 1672 709 annotatorum.

185 717 323 762 Ipsique
351 716 587 751 Referendarii
616 720 655 753 ad
683 717 953 754 satisfaciendum
987 720 1236 756 Constitutioni
1261 725 1304 756 de
1336 722 1549 767 publicandis
1578 735 1672 759 acce-

186 765 420 810 ptationibus,
447 773 480 800 et
510 765 788 810 provisionibus,
818 778 856 802 ac
885 767 950 802 illis
967 768 1162 804 intimandis
1188 772 1464 816 possessoribus,
1494 783 1553 807 seu
1567 773 1613 807 eis
1629 773 1671 807 ad

183 813 351 855 iudicium
388 815 570 850 evocandis
602 825 664 860 pro
694 825 850 860 tempore
877 817 1013 852 edendis
1052 817 1192 854 minime
1225 828 1423 860 teneantur3
1454 821 1511 855 sed
1541 830 1669 857 tantum

182 874 304 898 novam
332 862 560 906 provisionem
589 875 608 898 a
639 864 694 898 die
724 864 853 901 notitiae
869 866 1053 902 vacationis
1081 867 1217 904 illorum
1240 869 1366 904 habere
1397 870 1566 910 debeant,
1596 880 1671 916 qux

181 911 262 947 alias
292 910 481 957 diligentias
507 912 581 946 fieri
608 913 832 952 necessarias,
864 925 902 949 ac
927 915 1080 951 defectus
1098 940 1109 955 ‚
1137 915 1341 961 suppleant,
1370 917 1584 962 indulgemus
1602 919 1669 953 .Et

181 961 322 1005 insuper
349 972 427 995 cum
448 960 589 1005 singulis
615 961 864 997 Referendariis
879 986 890 1002 ,
918 974 956 997 ac
984 963 1056 998 aliis
1078 964 1248 1008 praedictis
1266 989 1276 1005 ,
1294 974 1334 1000 ut
1347 976 1571 1012 quaecumque
1589 978 1670 1012 qua·

181 1017 264 1044 tuor
290 1009 442 1049 Curata,
470 1021 530 1044 seu
551 1009 630 1045 alias
646 1009 793 1045 invicem
821 1009 1090 1060 incompatibilia
1112 1013 1314 1054 soecularia,
1344 1022 1400 1050 aut
1415 1026 1492 1049 cum
1509 1014 1668 1055 un0‚vel

179 1058 342 1097 duobus,
376 1066 433 1092 aut
462 1057 570 1093 tribus
598 1071 640 1094 ex
667 1058 738 1099 eis,
770 1070 829 1094 seu
856 1061 982 1105 absque
1013 1060 1077 1096 illis
1103 1084 1114 1101 ,
1144 1073 1247 1097 unum
1273 1074 1353 1098 cum
1383 1075 1490 1103 cura,
1517 1063 1572 1098 vel
1599 1063 1668 1099 sine

178 1117 264 1141 cura
285 1106 395 1141 Sancti
422 1106 628 1146 Benedicti,
654 1107 709 1141 vel
737 1107 846 1142 Sancti
873 1110 1083 1154 Augustini,
1111 1119 1169 1145 aut
1196 1111 1349 1149 cujusvis
1379 1111 1540 1151 alterius,
1567 1112 1669 1147 etiam

176 1154 380 1189 Cluniacen.
408 1154 616 1189 Cistercien.
642 1154 936 1190 Praemonstraten.
967 1158 1020 1191 vel
1051 1157 1346 1193 Grandimonden.
1361 1159 1502 1193 Ordinis
1524 1159 1669 1205 Regula-

176 1202 248 1243 ris,
279 1213 422 1237 necnon
449 1213 671 1248 quaecumque
697 1202 759 1237 alia
787 1202 850 1238 tria
871 1203 1017 1245 similia,
1048 1204 1101 1240 vel
1117 1206 1295 1241 dissimilia
1323 1208 1385 1242 sub
1402 1207 1543 1254 singulis
1560 1208 1669 1243 tribus

177 1251 277 1287 tectis
306 1262 599 1297 quarumcumque
619 1251 723 1286 trium
751 1250 978 1287 Ecclasiarum
999 1277 1009 1292 ‚
1034 1254 1251 1290 consistentia
1276 1256 1438 1291 beneficia
1462 1257 1668 1292 Ecclesiasti-

175 1311 215 1335 ca
229 1324 239 1340 ,
269 1299 401 1335 etiamsi
420 1301 483 1335 sub
511 1299 637 1334 eisdem
662 1299 760 1334 tectis
791 1300 1033 1347 consistentia,
1063 1302 1293 1338 Canonicatus
1308 1328 1318 1344 ,
1334 1314 1366 1339 et
1385 1305 1582 1340 Praebendas
1598 1329 1608 1346 ,
1628 1316 1667 1342 ac

175 1357 240 1384 tam
269 1347 324 1382 illa
351 1370 363 1386 ,
393 1360 491 1393 quam
522 1347 791 1392 incompatibilia
822 1349 1023 1390 saecularia,
1053 1351 1260 1396 dignitates,
1298 1361 1495 1396 personatus
1519 1353 1665 1388 admini-

177 1396 358 1433 strationes
372 1418 383 1435 ,
408 1396 463 1430 vel
482 1395 593 1430 officia
609 1396 639 1429 in
657 1396 921 1431 Cathedralibus
939 1399 1038 1433 etiam
1054 1400 1323 1444 Metropolitanis
1353 1409 1428 1445 post
1448 1400 1664 1437 l'ontificales

172 1447 348 1486 maiores,
366 1455 424 1479 seu
453 1442 658 1489 Collegiatis
691 1443 849 1479 Ecclesiis
880 1445 1061 1484 hujumodi
1091 1445 1314 1491 principales,
1336 1457 1394 1483 aut
1422 1448 1486 1483 tria
1513 1461 1555 1483 ex
1586 1449 1665 1495 ipsis

174 1491 488 1538 incompatibilibus
513 1515 523 1531 ,
554 1491 766 1527 secularibus
797 1493 970 1528 beneficiis
1002 1493 1216 1529 parochiales
1243 1496 1425 1537 Ecclesiae,
1456 1498 1511 1531 vel
1542 1510 1664 1533 eorum

170 1551 342 1592 perpetuae
368 1541 536 1580 Vicariae,
567 1539 738 1586 regularia
767 1553 854 1581 vero
878 1542 1040 1578 beneficia
1068 1543 1263 1584 hujusmodi
1287 1569 1297 1584 ‚
1338 1545 1516 1580 Prioratus
1535 1570 1545 1584 ‚
1578 1547 1664 1581 Prae-

170 1593 324 1640 positura
339 1614 350 1630 ,
382 1589 643 1634 Praepositatus,
668 1588 815 1634 dignitas
832 1614 842 1630 ,
859 1601 1057 1635 personatus
1071 1616 1082 1632 ‚
1102 1591 1347 1628 administratio
1364 1618 1376 1634 ,
1404 1594 1458 1628 vel
1485 1594 1636 1630 officium
1650 1619 1663 1636 ,

170 1653 230 1678 seu
260 1640 337 1677 talia
362 1639 495 1675 mixtim
528 1638 677 1673 fuerint.
704 1639 745 1673 Et
760 1640 801 1674 ad
828 1639 1045 1687 Prioratum,
1079 1641 1361 1686 praeposituram,
1379 1642 1632 1687 praepositatutn
1649 1666 1662 1684 ,

169 1691 345 1736 dignitates
373 1713 384 1729 ,
415 1696 609 1732 personatus
636 1711 647 1728 ,
673 1687 976 1724 administrationes
1001 1714 1012 1730 ,
1040 1690 1094 1724 vel
1117 1690 1226 1725 officia
1246 1691 1438 1730 huiusmodi
1474 1702 1663 1726 consueve-

169 1740 264 1779 rint,
293 1737 352 1783 qui
387 1748 447 1780 per
474 1736 676 1771 electionem
708 1737 858 1777 assumi,
887 1737 1003 1783 eisque
1028 1737 1109 1773 cura
1141 1738 1315 1774 immineat
1330 1739 1542 1779 animarum,
1571 1740 1598 1774 si
1615 1740 1660 1776 eis

170 1788 249 1823 alias
287 1784 448 1821 canonice
474 1785 715 1822 conferantur,
739 1793 799 1819 aut
840 1785 1034 1830 eligantur,
1063 1796 1311 1831 praesententur
1335 1811 1346 1827 ,
1376 1787 1430 1822 vel
1457 1788 1536 1823 alias
1568 1800 1661 1823 assu-

168 1844 304 1873 mantur
332 1834 371 1869 ad
392 1832 472 1872 illa.
502 1841 537 1867 et
555 1832 761 1867 instruantur
787 1833 819 1866 in
850 1833 924 1871 eis,
960 1835 1141 1877 recipere.
1170 1835 1212 1869 Et
1227 1836 1403 1870 soecularia
1431 1835 1462 1870 in
1492 1836 1661 1878 titulum,

165 1896 208 1921 ac
238 1883 394 1929 regulare
417 1881 451 1916 in
476 1882 712 1916 commendam
741 1882 803 1916 sub
831 1881 957 1916 eisdem
985 1883 1081 1917 tectis
1110 1883 1355 1924 consistentia,
1374 1884 1576 1921 videlicetsi
1594 1885 1661 1921 sin·-

168 1932 248 1979 gula
277 1931 439 1970 illorum,
465 1930 721 1969 Canonicatus‚
749 1938 782 1964 et
817 1929 1007 1966 Praebendae
1030 1955 1041 1971 ,
1068 1940 1125 1966 aut
1157 1933 1297 1967 totidem
1325 1933 1505 1977 dignitates
1537 1957 1548 1970 ,
1576 1945 1660 1977 per-

168 1990 305 2017 sonatus
321 2004 333 2020 ,
364 1978 693 2018 administrationes,
719 1979 775 2013 vel
803 1978 914 2014 officia
940 1981 979 2014 ad
1009 1991 1131 2015 annum
1157 1980 1244 2015 adie
1270 1979 1391 2015 habitae
1411 1992 1472 2025 per
1495 1993 1552 2015 eos
1581 1982 1657 2016 illo-

169 2042 244 2067 rum
274 2028 413 2075 pacifice
432 2028 652 2072 possessionis
670 2030 937 2072 computandum
953 2030 1151 2064 dumtaxat.
1177 2029 1210 2063 Si
1232 2040 1315 2063 vero
1340 2029 1405 2064 alia
1429 2030 1556 2065 fuerint
1571 2030 1627 2065 illa
1645 2054 1658 2071 ,

168 2091 209 2115 ac
227 2077 500 2124 incompatibilia
527 2076 726 2115 soecularia,
753 2087 817 2110 nec
844 2088 908 2110 non
924 2075 1093 2121 regularia
1122 2078 1287 2112 beneficia
1303 2078 1500 2118 hujusmodi
1515 2103 1525 2118 ,
1544 2080 1657 2124 quoad

169 2127 338 2167 vixerint,
369 2126 541 2166 retinere,
575 2124 700 2170 illaque
725 2123 838 2158 omnia
865 2124 997 2164 simul,
1035 2124 1090 2159 vel
1127 2127 1317 2160 successive
1354 2126 1578 2172 simpliciter,
1601 2126 1658 2161 vel

170 2188 212 2211 ex
238 2188 352 2212 caussa
377 2173 635 2221 permutationis
660 2197 671 2213 ,
712 2171 867 2218 quotiens
904 2172 953 2206 eis
985 2171 1151 2216 placuerit
1179 2196 1190 2212 ,
1225 2173 1402 2209 dimittere
1432 2199 1442 2214 ,
1481 2184 1514 2210 et
1543 2176 1656 2210 eidem

170 2226 393 2260 Commendae
420 2224 563 2263 cedere,
594 2222 721 2257 acloco
751 2220 919 2260 dimissae,
948 2222 1001 2255 vel
1030 2221 1247 2256 dimissorum
1266 2221 1357 2258 aliud
1377 2223 1456 2264 ,vel
1484 2223 1547 2259 alia
1564 2224 1657 2258 simi·

172 2273 230 2313 le,
260 2275 314 2307 vel
329 2273 517 2312 dissimile,
549 2279 607 2306 aut
633 2268 780 2309 similia,
810 2268 864 2304 vel
881 2268 1055 2304 dissimilia
1085 2270 1293 2306 Beneficium
1312 2273 1391 2311 ,vel
1409 2273 1578 2308 Beneficia
1597 2273 1657 2305 Ec-

171 2321 395 2358 clesiasticum
413 2347 424 2363 ‚
450 2321 503 2357 vel
532 2317 767 2356 Ecclesiastica
795 2342 805 2358 ‚
834 2327 981 2362 quatuor
1005 2319 1179 2354 dumtaxat
1212 2329 1353 2360 curata,
1378 2333 1436 2355 seu
1464 2321 1541 2355 alias
1570 2319 1656 2354 invi-

169 2383 242 2407 cem
271 2369 537 2416 incompatibilia
565 2368 746 2406 secularia,
776 2374 833 2401 aut
861 2377 936 2400 curn
953 2377 1046 2408 uno,
1082 2365 1136 2400 vel
1153 2368 1385 2407 duobus,seu
1400 2369 1504 2403 tribus
1520 2380 1564 2403 ex
1580 2368 1653 2408 eis,

168 2429 228 2456 aut
255 2420 380 2465 absque
410 2420 456 2454 eis
471 2444 482 2460 ,
508 2431 612 2455 unum
629 2429 707 2453 cum
737 2427 839 2455 cura,
856 2413 908 2449 vel
924 2415 996 2449 sine
1018 2427 1098 2451 cura
1112 2439 1122 2455 ‚
1141 2417 1251 2450 Sancti
1270 2416 1444 2452 Benedicti
1464 2440 1476 2457 ,
1507 2417 1559 2451 vel
1580 2418 1654 2452 Au-

196 2469 320 2507 ustini,
350 2475 404 2504 aut
431 2468 577 2506 cuiusvis
603 2466 743 2502 alterius
773 2464 875 2500 etiam
896 2462 1094 2500 Cluniacen.
1124 2464 1330 2499 Cistercien.
1360 2467 1650 2501 Praemonstraten.

169 2507 226 2555 {rel
246 2516 501 2554 Fontisebrandi
529 2516 669 2552 Ordinis
697 2514 866 2562 Regulare
883 2539 894 2556 ,
925 2525 987 2549 nec
1014 2525 1079 2549 non
1095 2514 1159 2549 tria
1179 2512 1241 2548 alia
1255 2513 1377 2551 similia
1392 2538 1405 2556 ,
1436 2515 1490 2550 vel
1508 2513 1653 2598 dissilmi-

1601 2576 1651 2602 la,
