1952 3167
371 305 457 351 182
628 304 703 344 DE
735 302 870 352 JURE
899 301 1244 347 SIGNATURAE
1274 302 1533 353 JUSTlTIAE

483 363 828 412 Subhastationis‚
860 377 898 405 et
929 365 1210 408 deliberationis
1241 365 1366 408 edicta
1416 365 1457 405 in
1484 363 1565 407 vim
1599 363 1812 412 mandati;

365 424 410 467 in
444 423 556 466 Urbe
578 423 752 481 expediti
772 453 785 472 ,
819 424 868 466 de
888 425 1003 467 bonis
1021 425 1062 465 in
1079 426 1275 482 partibus,
1295 424 1398 480 affigi
1427 423 1576 466 debent
1606 422 1649 464 in
1671 422 1781 466 Urbe
1796 454 1812 474 ,

368 497 405 527 et
435 484 476 525 in
512 485 600 527 loco
641 484 846 526 bonorum
875 512 888 531 ,
925 498 974 525 ex
1011 483 1296 525 constitutione
1342 482 1456 523 Pauli
1493 498 1534 526 v.
1571 484 1622 525 Et
1664 483 1812 526 debent

370 544 614 600 reproduci
606 544 790 593 macris,
827 557 866 584 et
885 543 958 583 nisi
989 553 1142 583 constet
1170 555 1220 583 ex
1252 540 1399 582 eisdem
1427 540 1524 582 actis
1560 542 1608 581 de
1643 543 1718 584 hae
1751 555 1816 582 re-

369 603 653 661 pmducdone,
671 618 755 643 non
776 601 1000 644 attenditur
1024 601 1128 643 circa
1162 600 1224 641 issa
1253 598 1527 643 testimonium
1557 629 1569 647 ,
1603 599 1683 642 sive
1715 600 1813 642 fides

364 662 556 710 Notarii,
585 662 647 701 vel
679 660 907 711 Cursoris;
936 674 1059 718 prout
1084 659 1215 716 liquet
1244 673 1264 701 e
1292 661 1418 703 Rotae
1452 658 1653 701 decisione
1684 672 1814 700 coram

371 693 724 776 Vicecom’ite(1).

487 783 719 828 Terminus,
745 778 955 835 quidari,
985 791 1023 822 et
1055 778 1181 836 accipi
1200 778 1298 821 solet
1317 780 1371 820 ad
1382 778 1609 820 ..solvendum
1642 776 1812 818 debitum

366 851 422 881 est
446 839 595 887 decem,
612 839 672 882 vel
689 839 849 895 triginta
868 838 1024 880 dierum
1043 868 1056 886 ‚
1072 837 1187 895 juxta
1214 837 1336 881 debiti
1358 838 1652 893 quantitatem:,
1686 837 1718 878 si
1752 836 1817 876 de-

368 899 472 940 bitor
489 897 782 962 acceperitjarn
804 897 914 938 illum
929 897 1064 939 decem
1092 898 1277 946 dierum,
1301 910 1340 938 et
1354 896 1500 938 deinde
1520 909 1722 952 quatenus
1754 895 1819 935 de-

368 957 438 997 biti
459 957 663 1009 quantitas
686 956 728 995 id
742 956 880 1010 exigat
896 984 909 1002 ‚
935 957 1052 997 instet
1069 971 1143 1011 pro
1158 955 1352 996 habendo
1372 955 1449 995 alio
1467 968 1639 997 termino
1659 954 1822 1009 triginta

366 1013 537 1060 dierum,
558 1024 596 1053 et
611 1027 741 1067 quum
761 1028 781 1053 a
799 1014 942 1065 Judice
963 1013 1126 1054 Causae
1143 1013 1253 1054 illurn
1271 1012 1525 1058 obtinuerit,
1544 1025 1644 1054 tunc
1670 1010 1823 1052 Credi-

364 1085 425 1114 tor
443 1070 563 1112 citare
578 1084 706 1128 potest
722 1086 860 1114 coram
872 1072 1070 1113 Auditore
1088 1071 1328 1128 Signaturae
1352 1072 1404 1112 ad
1419 1071 1623 1113 videndum
1639 1072 1822 1113 moder-aa

363 1129 400 1172 ri
421 1128 629 1175 terminum
650 1161 663 1179 ,
694 1144 733 1173 et
760 1132 792 1172 is
822 1147 942 1173 suum
970 1130 1191 1188 interponit
1226 1131 1434 1173 decretum
1455 1162 1473 1198 ‚³
1508 1130 1656 1173 servari
1685 1127 1821 1172 termi-

365 1203 458 1230 num
482 1203 558 1244 per
573 1189 736 1246 triginta
752 1190 862 1236 dies,
877 1192 1136 1232 decurrendos
1166 1205 1190 1230 a
1224 1190 1284 1230 die
1301 1190 1550 1248 susceptionis
1564 1188 1710 1245 primi.
1744 1188 1819 1229 Eo·

365 1248 455 1289 dem
472 1247 594 1288 modo
614 1247 816 1297 Auditor,
847 1249 1018 1304 quando
1044 1249 1202 1289 debitor
1213 1250 1392 1313 accepit,
1425 1263 1463 1290 et
1488 1247 1668 1289 obtinuit
1686 1245 1822 1289 termi-

364 1319 466 1347 num
487 1304 649 1374 triginta
674 1304 832 1347 dierum
847 1307 1042 1362 ,quinon
1058 1306 1264 1373 competit·
1267 1308 1388 1349 debiti
1405 1305 1658 1361 quantitati,
1681 1304 1822 1346 decer·

365 1365 451 1407 nit:
484 1365 630 1406 servati
642 1378 715 1422 per
729 1366 855 1407 decem
877 1381 901 1406 a
936 1364 998 1408 die
1030 1363 1315 1430 susceptionis.
1350 1368 1460 1408 Haec
1487 1364 1620 1422 praxis
1638 1376 1822 1406 servatur

363 1423 658 1478 exequutoriali
689 1425 886 1466 mandato
921 1440 1007 1467 non
1041 1423 1258 1480 expedito,
1281 1439 1393 1466 secus
1423 1440 1520 1468 vero
1538 1424 1569 1464 si
1588 1436 1676 1481 post
1707 1437 1823 1464 man-

364 1480 447 1523 dati
483 1480 780 1537 expeditionem
814 1483 1008 1524 terminus
1040 1481 1268 1539 praedictus
1305 1483 1686 1550 accipiatur31unc
1712 1483 1823 1524 enim

299 1557 304 1561 ·
361 1539 471 1582 idern
515 1540 695 1582 Auditor
735 1570 748 1588 ,
789 1554 944 1597 petente
989 1541 1203 1584 Creditore
1258 1542 1415 1584 termini
1460 1541 1780 1583 moderationem
1806 1570 1823 1591 ,

362 1615 440 1641 suo
458 1600 619 1641 decreto
637 1599 903 1655 praescribit:
935 1602 1083 1643 servari
1097 1599 1305 1642 terminum
1338 1600 1486 1658 reflectis
1515 1599 1695 1658 expensis
1708 1615 1823 1642 man-

365 1659 451 1700 dati
474 1656 576 1710 infra
607 1668 683 1698 tres
701 1658 813 1708 alces,
819 1672 864 1705 ez
880 1660 1050 1722 amplius
1069 1660 1091 1718 (
1110 1660 1187 1701 hoc
1206 1673 1263 1704 est
1284 1675 1368 1702 non
1385 1660 1650 1716 audiatur),
1670 1659 1730 1702 sin
1742 1657 1822 1701 mi-

366 1731 441 1760 nus
466 1715 632 1759 obtinuit
646 1718 864 1761 moderari.

485 1775 766 1818 leesaurarius
786 1777 1006 1828 Generalis,
1024 1792 1180 1835 praeter
1196 1778 1434 1835 privativam
1467 1775 1823 1830 jurisdictionem
1807 1806 1824 1828 ‚

367 1835 496 1879 eidem
519 1848 747 1877 concessam
764 1852 787 1877 a
806 1837 1025 1878 Benedicto
1037 1850 1123 1880 xtv.
1143 1852 1220 1878 suo
1238 1838 1357 1879 Motu
1377 1838 1540 1894 proprio
1557 1837 1659 1894 (2)'
1651 1852 1692 1878 tn
1708 1835 1821 1880 Cau-

363 1895 416 1938 sis
434 1893 642 1938 civilibus
636 1894 775 1938 activis
793 1923 805 1942 ‚
821 1896 987 1951 passivis
1001 1924 1012 1942 ‚
1030 1896 1338 1947 criminalibus,
1369 1911 1407 1939 et
1432 1897 1587 1943 mixtis,
1603 1896 1823 1954 respicien-

363 1953 499 1997 tibus
491 1964 674 1995 interesse
697 1954 923 2000 Pontificiae
946 1954 1209 2005 Camerae,et
1225 1928 1338 2004 Sacri
1353 1956 1510 1997 Montis
1525 1955 1716 2003 Pietatis,
1748 1954 1823 1995 ha·

366 2013 434 2056 bet
464 2013 583 2055 etiam
604 2012 854 2069 privativam
888 2013 1243 2068 jurisdictionem
1234 2030 1276 2055 m
1293 2014 1424 2057 Platea
1430 2013 1535 2055 Fori
1559 2011 1723 2071 pis-carii
1741 2041 1754 2057 ,
1781 2022 1822 2055 et

366 2070 487 2115 Cotta
500 2087 552 2115 ex
571 2071 787 2132 Chirograp
788 2076 836 2117 Ιιο
855 2075 1075 2117 Clementis
1102 2089 1192 2117 xrv.
1205 2074 1308 2116 anni
1337 2087 1465 2129 1774.
1483 2088 1551 2129 per
1573 2085 1662 2113 acta
1682 2071 1823 2113 Aurel-

363 2131 423 2173 li.
461 2132 537 2173 Et
529 2146 589 2174 lta
603 2147 625 2173 3
645 2134 860 2192 Signatura
875 2134 1056 2172 decisum
1073 2133 1267 2195 reperitur
1284 2146 1424 2172 contra
1445 2131 1658 2189 Neoplriros
1680 2131 1719 2172 ia
1739 2133 1819 2172 Ro-

365 2203 484 2231 mana
512 2203 576 2245 ¹7·
603 2188 810 2231 decembris
836 2188 964 2246 1778.
1000 2189 1124 2230 Item
1116 2203 1158 2229 1n
1178 2188 1481 2246 respicientibus
1496 2192 1708 2247 Appcltum
1730 2191 1820 2231 Do·-

367 2249 516 2296 lamae,
531 2262 569 2289 et
587 2246 712 2289 Banci
727 2246 821 2289 Fori
836 2247 1032 2298 Piscium,
1064 2263 1110 2289 ac
1127 2248 1247 2290 etiam
1269 2250 1518 2291 exactionem
1530 2253 1817 2307 Eleemosynae,

365 2322 390 2349 a
409 2305 728 2349 Revenditoribus
745 2307 959 2351 solvendae
992 2306 1170 2366 Capellae
1192 2309 1242 2349 S.
1256 2309 1459 2360 Attdtffeae
1490 2310 1544 2352 ita
1573 2311 1613 2351 in
1636 2310 1816 2351 Romana

1690 2400 1691 2403 ,
1747 2365 1818 2407 die

526 2438 680 2452 unn——q

420 2498 454 2531 (1
467 2501 474 2518 x
498 2500 533 2528 ln
549 2499 655 2529 Serina
670 2495 867 2532 liberationis
880 2506 901 2530 a
917 2496 1071 2532 molestiis
1084 2515 1097 2533 2
1186 2496 1246 2538 (2)
1268 2499 1306 2530 In
1321 2498 1468 2542 Append.
1488 2507 1556 2542 pag
1582 2506 1659 2539 124.

379 2548 432 2572 ιι.
447 2543 558 2586 aprilis
580 2552 680 2583 1755·
