1993 3195
624 357 664 399 C
696 358 738 398 A
771 359 799 399 P
829 358 938 405 U,T
1008 359 1076 403 111.
1519 378 1601 408 211

142 418 356 470 connexis,
383 427 528 459 attento
555 418 662 474 quod
677 416 813 475 agitur
838 419 887 458 de
919 433 1052 460 annuo
1088 418 1245 460 redditu
1273 426 1467 462 scutorum
1489 423 1607 476 quin-

141 480 337 548 quaginta
367 491 419 518 ex
440 491 554 520 causu
574 492 711 520 census
724 491 820 520 scut.
854 479 954 519 800
975 494 1015 519 m
1032 487 1136 521 sorte
1146 476 1383 536 princzpalt,
1413 478 1532 521 alicui
1562 483 1608 524 S.

141 539 282 585 Palatii
310 537 424 580 vestri
444 536 631 579 Auditori
662 566 675 584 ,
706 537 767 578 vel
792 537 1111 588 Locumtenenti,
1129 538 1321 581 audiendi
1351 552 1423 583 etc.
1445 539 1609 597 fineque

140 599 267 643 debito
282 596 522 647 summarie,
548 596 770 655 simpliciter
791 629 804 648 ,
837 610 873 639 et
884 610 1008 656 prout
1024 596 1064 640 iu
1081 597 1366 658 beneficialibus
1397 598 1608 643 terminon.

140 659 376 705 committere
393 668 469 699 etc.
488 672 576 699 cum
602 667 793 715 potestate
807 667 880 700 etc.

432 716 678 762 commissio
695 717 1026 760 Subhastationis
1045 716 1087 758 in
1105 717 1297 764 Salviano
1316 748 1327 761 0

780 777 997 819 Tudertina
1015 808 1027 820 .

679 834 908 879 Beatissime
932 837 1052 878 Pater
1069 865 1080 877 .

233 895 335 937 Cum
354 893 589 938 Dominicus
607 895 767 943 Maria,
784 910 819 938 et
835 895 911 938 alii
927 898 976 937 de
998 896 1027 937 C
1028 894 1206 938 iccoltnts
1220 894 1352 938 devoti
1371 899 1414 939 S
1437 898 1487 941 V.
1507 898 1609 942 Ora

141 967 242 1002 tores
256 967 451 1012 tanquam
467 957 653 996 haeredes
671 958 872 1012 quondam
887 953 991 1004 Julii
1009 955 1198 999 Ciccolini
1228 970 1352 998 essent
1376 958 1409 999 C
1409 957 1610 1003 redztore:

141 1017 343 1082 quondam
363 1014 503 1057 Felicis
529 1015 700 1061 Ioannis
719 1014 954 1073 Hieronymi
985 1014 1026 1056 in
1043 1032 1099 1058 sc.
1126 1027 1222 1071 194.
1237 1030 1313 1071 pro
1327 1017 1533 1066 fructibus
1546 1020 1609 1060 de-

141 1090 298 1124 cursts,
324 1085 361 1116 et
378 1090 456 1115 non
475 1073 618 1115 solutis
646 1077 820 1116 duorum
846 1089 1063 1124 censuum,
1095 1073 1262 1116 alterius
1277 1089 1413 1132 nempe
1427 1091 1471 1117 ιη
1506 1091 1613 1121 sorte

142 1136 213 1173 &-
237 1146 308 1188 50.
332 1134 395 1174 die
430 1147 474 1199 4.
495 1135 709 1176 decembris
732 1135 859 1189 1617.
895 1133 1100 1191 impositi,
1138 1133 1304 1176 alterius
1320 1149 1410 1177 vero
1442 1151 1484 1176 tn
1502 1146 1610 1179 sorte

144 1194 200 1226 2⁹-
215 1207 287 1233 20.
304 1192 479 1256 imposit.
499 1193 561 1231 die
585 1206 657 1244 23.
678 1192 893 1233 decembris
917 1207 1045 1247 1723.
1057 1208 1160 1248 ,pro
1179 1191 1501 1245 dictisfructibus
1513 1211 1615 1237 con⁴

141 1249 350 1309 sequendis
387 1261 471 1290 tam
491 1249 691 1299 decursis,
725 1265 845 1307 quam
864 1250 1105 1304 infuturum
1140 1251 1424 1301 decurrendis,
1454 1252 1612 1307 acipsis

143 1310 318 1353 sortibus
347 1308 638 1365 principalibus
654 1312 709 1350 ad
724 1309 902 1366 effectum
933 1324 1066 1352 tamen
1103 1309 1352 1367 deponendi,
1382 1311 1609 1365 donecfue-

141 1369 196 1411 rit
223 1368 445 1435 praestitus
479 1383 610 1408 novus
647 1368 875 1425 Fidejussor
893 1399 905 1416 ,
936 1370 1138 1412 obtinuere
1166 1383 1240 1425 per
1258 1369 1520 1426 Capitoneum
1537 1372 1612 1418 Ju·

142 1428 278 1472 stiriae
300 1428 470 1467 Tuderti
487 1458 500 1476 ,
536 1440 590 1467 ex
605 1427 698 1467 utili
717 1429 912 1469 Salviano
926 1429 1133 1471 interdicto
1157 1428 1316 1469 immitti
1333 1428 1371 1469 in
1390 1431 1611 1485 possessio-

145 1504 234 1530 nem
266 1501 378 1527 ratae
412 1485 532 1526 unius
561 1486 719 1542 praedii
733 1489 800 1528 siti
832 1488 872 1528 in
909 1490 1063 1529 Tenuta
1101 1485 1242 1528 Turris
1274 1487 1438 1530 Gentilis
1471 1492 1607 1533 vocab.

144 1549 189 1590 S.
208 1549 380 1603 Lorenio
400 1546 576 1588 laborat.
595 1575 609 1595 ,
622 1546 828 1604 pergulat.
854 1576 866 1593 ,
895 1557 931 1588 et
949 1548 1087 1589 olivat.
1099 1544 1227 1601 juxta
1240 1545 1342 1588 bona
1363 1562 1431 1589 etc.
1442 1564 1610 1605 possess.

145 1609 195 1650 ab
213 1608 266 1648 N.
290 1607 344 1647 [V.
362 1636 375 1655 ‚
393 1608 449 1647 acl
465 1607 644 1664 effectum
680 1605 875 1649 retinendi
899 1610 1026 1651 donec
1044 1638 1057 1655 ‚
1088 1617 1124 1648 et
1141 1620 1344 1664 quousque
1376 1620 1433 1650 est
1446 1609 1611 1653 illorum

133 1666 341 1721 fructibus
363 1664 516 1717 fuerint
547 1664 742 1719 satisfacti
776 1667 953 1711 dediciis
974 1667 1179 1721 fructibus
1208 1679 1396 1709 censuum
1432 1680 1515 1709 tam
1547 1671 1611 1711 de-

144 1725 297 1775 cursis,
331 1741 451 1782 quam
482 1725 522 1767 in
543 1726 737 1779 futurum
761 1726 1018 1771 decurrendis
1036 1760 1048 1779 ,
1079 1737 1117 1769 et
1124 1725 1296 1768 mszmul
1311 1726 1511 1784 deposttoe
1518 1727 1613 1781 fue-

146 1785 228 1828 rint
260 1796 385 1828 sortes
415 1785 656 1842 principales
691 1792 950 1830 eorumdem.
996 1789 1142 1833 Verum
1162 1786 1255 1845 quia
1290 1788 1333 1828 Ρ
1357 1789 1400 1828 S.
1420 1787 1523 1830 dicta
1542 1789 1613 1830 bo·

146 1862 200 1888 na
219 1857 396 1903 parvos,
426 1854 463 1884 et
479 1844 653 1901 exiguos
679 1845 843 1897 fructus
873 1850 1077 1894 reddunt,
1108 1861 1147 1887 et
1163 1849 1211 1887 ob
1230 1846 1273 1886 id
1305 1849 1495 1889 Oratores
1532 1862 1614 1890 non

142 1913 314 1972 possunt
338 1915 391 1944 ex
409 1917 546 1944 eorum
576 1901 778 1957 fructibus
804 1908 851 1946 de
869 1903 985 1947 dictis
999 1920 1135 1948 eorum
1152 1904 1311 1946 creditis
1340 1905 1448 1948 intra
1481 1907 1614 1950 decen·

151 1965 261 2007 nium
303 1959 487 2019 satisfieri
520 1979 530 2011 ;
574 1977 784 2020 propterea
816 1965 1043 2021 supplicant
1099 1963 1305 2006 humiliter
1329 1966 1372 2006 S.
1402 1967 1451 2009 V.
1480 1965 1614 2008 devoti

147 2025 334 2068 Oratores
349 2021 745 2078 antedicti‚quatenus
763 2024 947 2081 dignetur
959 2025 1079 2066 eidem
1103 2023 1314 2080 Capitoneo
1339 2023 1546 2075 Iustitiae,
1564 2039 1614 2069 ac

148 2080 280 2132 ludici
290 2080 501 2124 Ordinario
516 2082 1615 2141 Tudemutpraefixotertusp1aea1c11sPossessoribus‚in

150 2138 335 2202 praefato
351 2141 505 2187 Iudicio
543 2141 791 2182 immissionis
809 2142 968 2190 citatis,
998 2158 1048 2184 ac
1066 2143 1152 2184 aliis
1165 2143 1303 2211 quibus
1332 2143 1506 2200 dejure,
1539 2143 1615 2186 ali-

151 2217 227 2260 quo
246 2199 353 2243 brevi
373 2231 385 2249 ,
415 2212 453 2244 et
470 2199 700 2255 competenti
730 2199 893 2242 termino
924 2211 1003 2242 tam
1019 2200 1061 2242 in
1074 2200 1256 2258 petitorio
1284 2232 1296 2250 ‚
1331 2219 1446 2260 quam
1464 2202 1504 2246 in
1516 2218 1614 2261 pos-

158 2258 323 2304 sessorio
341 2262 396 2302 ad
411 2260 612 2303 dicendum
630 2289 645 2308 ,
679 2269 718 2302 et
728 2261 969 2317 probandum
999 2259 1186 2318 quicquid
1203 2261 1365 2312 volunt,
1389 2273 1428 2304 et
1440 2272 1609 2320 possunt

156 2334 195 2364 et
211 2322 310 2363 dicta
330 2320 429 2364 bona
464 2318 724 2369 reluenclum,
752 2335 816 2360 seu
835 2317 1067 2362 Oratoribus
1097 2323 1144 2362 cle
1161 2321 1266 2364 dicto
1297 2334 1433 2365 eorum
1452 2321 1613 2366 credito

157 2379 467 2432 satisfaciendum
488 2409 500 2428 ,
532 2394 606 2436 quo
622 2377 751 2444 elapso
770 2406 782 2425 ,
812 2388 850 2420 et
865 2378 992 2428 nihil,
1021 2383 1126 2436 quod
1156 2383 1300 2423 relevet
1326 2380 1438 2424 docto
1455 2410 1469 2428 ‚
1503 2380 1612 2422 etati-

160 2439 234 2484 ctis
259 2439 370 2482 bonis
386 2457 462 2484 non
480 2435 691 2495 redemptis
709 2466 723 2486 ,
739 2449 787 2481 ac
805 2435 1033 2481 Oratoribus
1050 2455 1130 2479 non
1146 2439 1370 2493 satisfactis,
1384 2441 1438 2481 ad
1452 2451 1609 2482 eorum·

161 2501 243 2543 dem
268 2498 449 2542 bonorum
481 2497 800 2543 subhastationem
828 2524 843 2547 ‚
877 2506 916 2540 et
930 2497 1235 2540 deliberationem
1266 2529 1279 2548 ,
1308 2499 1363 2540 ad
1376 2499 1555 2557 effictum
1590 2522 1605 2545 ‚

162 2570 206 2602 ut
222 2558 446 2601 Oratoribus
475 2574 527 2601 ex
558 2559 711 2600 illorum
736 2558 861 2626 pretio
898 2556 1052 2617 possit,
1084 2568 1126 2599 ut
1159 2556 1385 2615 praefertur
1408 2557 1613 2628 satisfieri.

164 2620 218 2661 ad
234 2628 400 2662 tenorem
427 2618 551 2662 dictae
577 2617 817 2668 sententiae,
861 2618 1075 2677 procedat,
1108 2629 1145 2657 et
1158 2627 1344 2661 sententia
1358 2630 1614 2661 lmmtSSIO'nS

1015 2675 1057 2718 D
1081 2677 1108 2719 d
1138 2689 1165 2719 2
1510 2675 1624 2732 fece-
