1993 3195
619 268 1136 305 A'PPENDIX
1579 282 1624 322 17

775 363 838 410 N.
876 363 971 410 111.

181 457 413 513 Praefinitio
448 459 616 508 numeri
637 491 653 513 ,
685 469 732 508 et
763 457 1017 528 qualitatum
1052 457 1329 509 Ptaelatotum
1362 458 1572 515 Refer-en<

272 531 494 587 dariorum
532 534 749 600 utriusque
779 534 1011 599 Signaturae
1035 534 1227 583 Romani
1253 533 1475 586 Pontifieis

478 620 582 655 cum
609 603 941 671 Privilegiorum
967 608 1249 656 concessione
1264 644 1279 658 .

548 728 862 759 SIXSTvS
913 729 1127 760 ‘P-APA
1178 731 1215 761 V.

582 798 645 832 aad
664 805 858 846 perpetuam
890 799 941 834 rei
963 799 1154 834 memoriam
1171 821 1182 831 .

131 898 162 933 1.
289 895 558 932 Uemadmodum
587 896 749 942 providus
779 897 968 945 agricultor
993 898 1035 933 ad
1060 895 1254 932 uberiorem
1284 897 1355 938 eJ'us
1375 897 1523 933 futuram
1550 896 1622 932 fru-

304 957 377 991 gem
411 953 603 989 temporum
631 946 721 982 vices
754 945 898 981 sollicite
925 947 1108 986 observat,
1130 947 1265 981 arbores
1292 946 1410 980 ordine
1441 945 1620 990 disponit,

136 1002 170 1030 et
200 1005 240 1029 ne
256 994 387 1028 illarum
402 993 489 1028 vires
503 992 601 1028 latius
630 993 757 1029 diffusae
784 1002 1005 1033 evanescant,
1035 991 1172 1028 nimiam
1203 993 1403 1033 frondium,
1439 1003 1626 1028 ramorum·

136 1054 203 1088 que
227 1042 480 1088 frequentiam,
517 1042 735 1088 comprimit,
766 1052 799 1078 et
829 1050 983 1082 resecat,
1000 1053 1054 1088 ⁸ac
1082 1041 1208 1076 ibidem
1237 1042 1421 1076 inordinata
1438 1065 1448 1081 ,
1478 1050 1512 1076 et
1540 1039 1626 1075 indi-

93 1129 97 1132 Δ
137 1090 290 1135 sposita,
328 1092 353 1125 si
383 1102 456 1135 quae
474 1090 565 1130 sint,
593 1092 632 1125 ad
654 1091 829 1126 meliorem
852 1091 996 1126 formam
1023 1090 1182 1125 reducere
1211 1091 1358 1136 satagit;
1385 1091 1431 1124 ita
1461 1101 1520 1124 nos
1550 1087 1623 1133 agri

136 1138 315 1173 Dominici
345 1149 433 1172 curae
463 1149 607 1181 superna
645 1138 869 1182 dispositione
901 1138 1072 1183 praepositi
1098 1161 1109 1177 ,
1153 1138 1323 1173 efficacem
1351 1161 1362 1176 ,
1403 1147 1436 1172 et
1469 1138 1627 1172 fructuo-

134 1197 204 1221 sam
233 1195 369 1231 operam
403 1185 433 1219 in
453 1185 542 1220 illius
574 1185 706 1219 cultura
733 1186 925 1232 impendere
957 1185 1125 1221 credimus
1147 1209 1157 1226 ‚
1188 1197 1265 1220 cum
1296 1187 1335 1221 ad
1369 1197 1404 1220 ea
1439 1184 1626 1230 vigilantiae

133 1243 255 1269 nostrae
282 1233 432 1269 studium
449 1233 567 1268 sedulo
587 1235 817 1270 convertimus
834 1258 846 1274 ,
872 1245 933 1280 per
949 1245 1023 1279 quae
1038 1234 1139 1273 huius
1162 1234 1255 1269 Sedis
1278 1234 1486 1279 Apostoiicae
1515 1231 1626 1277 digni-

133 1291 245 1322 tates,
273 1290 307 1316 et
332 1281 463 1320 officia,
486 1282 665 1326 praesertim
694 1292 841 1318 nostram
859 1282 972 1328 gratiae
996 1305 1006 1322 ,
1034 1291 1068 1317 et
1085 1280 1222 1323 justitiae
1250 1282 1460 1329 Signaturarn
1489 1289 1625 1316 concer-

133 1330 269 1369 nentia,
307 1339 477 1373 tamquam
495 1330 620 1364 feraces
645 1329 764 1376 plantae
792 1331 825 1366 in
857 1331 930 1376 ipso
961 1341 1040 1377 agro
1056 1330 1245 1366 Dominico
1269 1330 1431 1370 consitae,
1456 1329 1558 1368 utili,
1589 1335 1625 1362 et

134 1378 316 1415 commoda
346 1388 459 1412 rerum
491 1378 710 1422 dispositione
733 1378 912 1415 salubriter
935 1380 1125 1424 dirigantur
1147 1402 1159 1418 ,
1199 1388 1232 1413 et
1262 1390 1303 1413 ex
1331 1390 1450 1413 eorum
1483 1375 1624 1411 admini-

135 1427 302 1463 stratione
326 1425 449 1469 sperati
478 1425 605 1459 fructus
632 1427 672 1460 ad
689 1426 753 1460 Dei
770 1427 935 1470 gloriam,
972 1435 1006 1461 et
1032 1426 1121 1460 illius
1139 1427 1249 1470 gregis
1276 1425 1458 1460 utilitatem
1475 1449 1486 1465 ,
1519 1423 1626 1459 dictae

136 1488 205 1521 que
243 1474 337 1509 Sedis
365 1476 522 1509 decorem
543 1474 660 1512 majori
692 1473 723 1508 in
757 1473 827 1509 dies
854 1486 930 1510 cum
962 1474 1089 1510 foenore
1115 1473 1343 1520 proveniaut;
1372 1475 1494 1509 abusus
1510 1483 1622 1512 vero,

141 1524 199 1568 qui
218 1523 248 1556 in
268 1522 333 1556 illis
349 1523 473 1567 passim
489 1547 500 1562 ,
526 1523 651 1568 absque
675 1534 890 1568 personarum
907 1523 1041 1559 delectu
1057 1547 1067 1563 ‚
1093 1524 1304 1559 conferendis
1324 1523 1553 1567 irrepserunt,
1573 1531 1623 1554 re·

136 1571 236 1608 sectis
252 1595 263 1611 ,
292 1581 324 1604 et
345 1569 448 1605 veluti
465 1571 590 1615 putatis
619 1571 717 1606 ramis
737 1572 906 1607 sterilibus
930 1573 972 1607 de
1001 1572 1113 1608 medio
1141 1573 1408 1607 submoveantur
1424 1595 1433 1605 .
1463 1571 1501 1606 In
1517 1579 1620 1613 quam

137 1632 253 1664 curam
281 1643 291 1659 ‚
321 1618 633 1665 cogitationemque
659 1630 722 1665 pro
747 1620 851 1656 officii
884 1620 989 1656 nostri
1015 1621 1134 1656 debito
1168 1621 1421 1659 incumbentes,
1456 1625 1624 1663 opportu-

137 1681 215 1704 num
235 1693 245 1708 ‚
274 1668 378 1702 immo
393 1669 619 1705 necessarium
636 1680 707 1703 esse
735 1681 938 1710 censemus,
970 1679 1007 1705 ut
1034 1672 1073 1705 ad
1094 1670 1246 1710 ejusdem
1266 1668 1446 1715 Signaturae
1460 1675 1525 1701 tam
1546 1675 1621 1711 gra-

137 1717 193 1753 tiae
212 1741 222 1755 ‚
251 1728 349 1761 quam
365 1717 501 1757 justitiae
519 1717 702 1753 ministeria
716 1743 725 1758 ‚
753 1718 881 1754 nonnisi
903 1719 1044 1763 cognitae
1060 1743 1070 1758 ‚
1098 1727 1131 1753 et
1144 1726 1300 1763 spectatae
1330 1716 1467 1752 virtutis
1489 1713 1553 1749 viri
1573 1725 1622 1748 as-

140 1773 320 1801 sumantur
344 1790 355 1806 ,
397 1774 430 1799 et
461 1766 600 1809 proinde
627 1765 716 1800 illius
748 1767 1067 1801 Referendariorum
1105 1775 1211 1801 coetus
1238 1765 1341 1800 nimia
1373 1763 1625 1810 praeteritorum

140 1822 334 1858 temporum
369 1812 576 1857 indulgentia
595 1836 606 1851 ,
634 1821 666 1847 et
693 1813 1101 1858 quorumdam-instantia
1126 1824 1226 1859 supra
1251 1815 1387 1849 modum
1416 1835 1427 1851 ‚
1456 1823 1520 1847 non
1550 1811 1624 1845 sine

137 1862 288 1909 pristinae
301 1873 367 1897 suae
389 1861 560 1907 dignitatis
576 1860 800 1897 diminutione
817 1887 828 1902 ,
857 1862 1017 1898 adauctus
1033 1888 1044 1903 ,
1077 1870 1224 1898 resecata
1246 1861 1380 1897 illorum
1402 1858 1623 1895 multitudine

140 1914 179 1945 ad
198 1921 329 1945 certum
360 1911 621 1945 determinatum
649 1921 846 1951 numerum,
876 1911 977 1955 inque
1002 1911 1230 1957 compositum
1256 1910 1409 1945 ordinem
1433 1908 1620 1951 redigatur,

137 1968 182 1993 ne
215 1959 398 1993 multitudo
428 1959 501 2004 ipsa
532 1961 631 1994 rebus
655 1961 812 2005 gerendis
842 1959 1100 2000 confusionem,
1125 1969 1159 1995 et
1176 1958 1453 2006 impedimentum
1482 1955 1623 1993 afferat,

143 2014 177 2041 et
203 2019 277 2052 spes
305 2008 473 2042 uberioris
499 2008 653 2048 fructus,
678 2019 751 2053 quae
780 2009 815 2044 iu
844 2019 961 2044 eorum
989 2009 1186 2044 muneribus
1205 2009 1295 2048 rite,
1330 2015 1365 2043 et
1389 2005 1536 2042 fideliter
1565 2003 1624 2037 ob-

144 2055 262 2090 eundis
296 2055 408 2100 posita
440 2068 508 2090 esse
526 2057 650 2103 debet,
677 2057 774 2096 Nos,
803 2066 903 2102 atque
939 2057 1027 2102 ipsos
1060 2058 1240 2094 frustretur
1261 2082 1272 2092 .

241 2105 290 2139 11.
316 2104 435 2149 Itaque
463 2113 651 2149 opportuna
666 2103 753 2138 circa
782 2105 852 2139 haec
869 2105 1018 2139 remedia
1043 2106 1200 2141 adhibere
1227 2105 1404 2144 volentes,
1435 2109 1529 2138 motu
1550 2111 1628 2146 pro-

144 2152 219 2197 prio
247 2162 310 2187 etc¹
341 2161 376 2186 et
404 2165 444 2187 ex
472 2160 564 2187 certa
577 2150 713 2187 scientia
738 2161 874 2192 nostra,
903 2163 940 2187 ac
954 2153 996 2186 de
1010 2152 1216 2196 Apostolicae
1241 2152 1414 2198 potestatis
1442 2147 1625 2196 plenitudi-

147 2210 189 2233 ne
215 2202 276 2236 hac
303 2210 418 2235 nostra
434 2210 601 2245 perpetuo
630 2201 774 2235 valitura
800 2200 1058 2236 Constitutione
1075 2224 1086 2240 ,
1115 2202 1292 2237 statuimus
1310 2225 1321 2241 ,
1350 2209 1382 2236 et
1403 2199 1624 2235 ordinamus.

147 2250 241 2292 quod
266 2249 375 2284 nullus
409 2249 565 2294 deinceps
609 2251 640 2281 in
667 2248 946 2284 Referendarium
978 2248 1169 2285 alterutrius
1206 2250 1390 2296 Signaturae
1434 2248 1625 2293 praedictae,

150 2296 251 2331 etiam
273 2298 468 2333 cedentibus
484 2321 493 2337 ‚
527 2296 580 2331 vel
603 2297 867 2336 decedentibus,
896 2305 951 2331 aut
969 2296 1046 2331 alias
1074 2298 1329 2339 deficientibus,
1365 2297 1425 2343 qui
1442 2307 1528 2329 nunc
1546 2302 1624 2329 sunt

148 2356 189 2380 ex
218 2345 462 2381 Referendariis
494 2343 634 2390 praefatis
654 2368 664 2383 ,
695 2344 833 2379 omnino
859 2344 1053 2379 admittatur
1082 2368 1093 2383 ‚
1118 2347 1251 2386 donec,
1287 2354 1320 2380 et
1351 2355 1527 2391 quousque
1554 2353 1626 2377 om-

135 2393 241 2429 -nium
259 2393 570 2430 Referendariorum
596 2392 788 2431 huiusmodi
814 2403 970 2427 numerus
997 2393 1196 2428 imminutus
1220 2418 1231 2433 ‚
1257 2402 1288 2428 et
1311 2396 1350 2429 ad
1371 2402 1505 2429 centurn
1525 2392 1625 2426 dum-

151 2450 240 2477 taxat
268 2442 423 2477 reductus
450 2442 552 2477 fuerit
569 2469 576 2475 .
604 2441 667 2476 Illo
695 2450 807 2477 autem
838 2441 885 2476 sic
922 2441 1087 2481 reducto,
1115 2451 1149 2476 et
1176 2441 1355 2477 imminuto
1373 2466 1382 2479 ,
1412 2441 1624 2486 praescriptus

152 2493 360 2528 centenarius
388 2502 543 2528 numerus
572 2490 887 2527 Referendariorum
916 2490 1110 2532 hujusmodi
1142 2491 1232 2527 nullo
1276 2503 1436 2537 umquam
1470 2499 1625 2535 tempore

1059 2550 1078 2573 c
1512 2550 1633 2587 augea-
