1952 3167
360 329 444 372 <270
637 313 712 352 DE
742 310 877 359 JURE
912 306 1252 351 SIGNATURAE
1282 304 1546 361 JUSTlTIAE

356 375 503 417 Orator
519 386 566 414 eo
585 371 643 412 uti
662 372 752 415 velit
771 402 782 419 ,
806 382 924 427 prout
943 368 1129 410 Ostiensis
1145 367 1292 418 firmat,
1306 382 1343 410 et
1362 382 1450 426 post
1471 382 1566 409 eum
1583 368 1713 410 Αἰγίνης
1729 367 1814 424 (ι),

352 448 391 477 et
407 436 502 477 Rota
522 431 634 489 apud
653 434 858 473 Burattum
888 429 957 485 (2)
975 460 984 469 .

310 495 311 498 ’
474 494 602 535 Immo
630 507 678 533 ex
697 488 851 532 Λνατίιιί
883 486 1049 529 Consilio
1084 500 1152 541 33.
1184 484 1340 526 censuit
1372 485 1512 525 eadem
1543 487 1639 527 Rom
1677 499 1815 528 coram

361 554 491 598 Bicln‘o
510 584 522 603 ‚
562 551 673 593 nullo
706 561 894 602 unquam
945 548 1066 587 modo
1102 542 1382 584 conditionem
1419 543 1522 584 illam
1557 543 1813 600 purificatam

361 614 438 657 dici
458 627 570 671 posse
589 642 600 660 ‚
632 609 706 651 nisi
724 606 933 665 praemissa
958 603 1149 653 citatione
1170 604 1220 643 ad
1241 602 1458 644 dicendum
1477 616 1614 644 contra
1629 633 1641 651 ,
1661 603 1722 644 vel
1741 604 1817 644 alio

364 674 488 716 modo
505 673 627 712 Actor
641 665 936 709 Commissione
954 668 1117 706 obtenta
1137 677 1233 703 usus
1250 659 1373 703 fuerit
1391 678 1403 712 τ,
1424 662 1517 704 hinc
1536 676 1609 719 pro
1627 659 1716 714 jure
1735 676 1820 704 cer-

367 747 409 775 to
428 733 599 774 habetur
632 728 739 785 apud
758 739 897 767 omnes
918 756 930 774 ‚
962 738 1066 779 quos
1083 721 1219 765 videre
1252 735 1308 763 est
1342 723 1382 762 in
1403 722 1568 763 laudata
1594 721 1823 772 decisione,

366 792 580 849 simplicem
608 784 916 829 Commissionis
936 781 1253 840 impetrationem
1271 811 1282 830 ‚
1301 795 1338 822 et
1353 780 1716 839 praesentationem
1737 795 1821 824 non

368 852 546 894 sufficere
579 848 631 890 ad
666 845 862 888 effectum
881 855 1165 885 attentatorum
1194 855 1205 886 ;
1241 855 1312 882 nec
1348 841 1494 882 relevat
1527 840 1687 882 assertio
1718 839 1778 880 illa
1807 871 1821 890 2

369 907 735 953 commissionem,
755 919 801 944 ex
831 918 878 943 eo
899 902 997 955 quia
1023 902 1186 941 obtenta
1202 898 1323 940 fuerit
1356 914 1527 954 utraque
1553 901 1662 939 Parte
1693 897 1823 938 infor-

369 980 501 1009 mante
520 995 533 1012 ,
548 1001 550 1003 ,
564 976 819 1004 communem
837 974 915 1000 esse
931 989 944 1007 ‚
975 971 1012 998 et
1029 971 1236 1014 propterea
1269 973 1372 1014 opus
1391 958 1501 997 haud
1521 972 1601 999 esse
1618 957 1824 1012 praedicta

370 1022 560 1067 citatione
597 1019 886 1062 addicendum
918 1030 1088 1065 contra3
1120 1015 1266 1056 dicitur
1293 1016 1402 1057 enim
1430 1016 1490 1056 illa
1512 1015 1742 1057 communis
1772 1014 1826 1056 ad

372 1082 554 1126 effectum
575 1110 587 1128 ‚
610 1093 666 1124 ,ut
684 1078 801 1120 altera
828 1079 919 1118 Pars
950 1090 993 1117 ea
1013 1076 1072 1116 uti
1107 1074 1229 1132 possit
1250 1074 1392 1117 ,invito
1421 1076 1651 1133 impetrante
1676 1105 1689 1123 ‚
1731 1088 1827 1116 nam

372 1143 467 1185 alias
497 1143 537 1182 id
555 1140 681 1182 facere
719 1153 800 1178 non
820 1136 1038 1194 potuisset,
1058 1150 1141 1175 non
1164 1147 1295 1176 autem
1312 1165 1325 1183 ,
1363 1149 1406 1176 ut
1425 1149 1515 1177 ante
1535 1133 1828 1176 commissionis

374 1218 493 1244 usum
513 1199 717 1242 tribuatur
752 1196 883 1244 Judici
916 1174 1170 1248 jurisdiclio„
1205 1206 1241 1234 et
1261 1193 1305 1233 lis
1321 1194 1494 1250 pendere
1526 1193 1711 1241 dicatum
1743 1192 1828 1234 sine

374 1276 455 1316 qua
485 1260 647 1301 firmum
664 1257 708 1296 in
728 1255 842 1312 praxi
872 1268 958 1303 est,
992 1251 1129 1293 omnia
1150 1267 1257 1307 gesa
1274 1267 1320 1292 eo
1341 1266 1516 1308 tempore
1537 1266 1725 1294 attentata
1746 1265 1831 1292 non

374 1334 484 1369 esse3
506 1333 555 1365 ‘et
572 1329 722 1374 semper
752 1314 850 1354 inest
871 1312 1060 1369 rescripto
1078 1341 1089 1358 ,
1130 1325 1174 1351 ut
1192 1311 1376 1366 superius
1418 1311 1618 1360 diximus,
1649 1308 1831 1351 conditio

378 1378 441 1419 ilia
461 1379 640 1435 pendens
659 1392 681 1417 a
698 1373 905 1417 voluntate
925 1369 1198 1428 impetrantis3
1232 1385 1323 1411 nam
1343 1401 1355 1418 ,
1383 1371 1606 1411 dum'sseus
1626 1369 1704 1425 ipse
1723 1383 1832 1409 com-

378 1437 567 1478 missione
601 1451 684 1476 non
706 1432 858 1478 utitur,
887 1431 1026 1470 milirat
1044 1429 1156 1469 vratio
1178 1443 1260 1467 non
1284 1429 1463 1469 firmatae
1483 1426 1771 1480 jurisdictionis
1790 1427 1832 1469 in

378 1495 522 1550 Judice
543 1524 554 1541 ,
590 1495 691 1535 itaut
709 1489 806 1530 desit
823 1487 1158 1544 personaJudicis
1177 1515 1191 1533 ‚
1222 1488 1305 1526 sine
1330 1501 1410 1540 qua
1433 1486 1670 1543 impossibile
1688 1500 1744 1527 est
1760 1485 1834 1533 ‚ii-

381 1568 459 1597 tem
487 1583 499 1601 ,
535 1567 571 1595 et
588 1551 788 1605 judicium
815 1545 1012 1587 efformari
1032 1577 1044 1595 ,
1064 1546 1175 1601 juxta
1196 1546 1371 1601 regulam
1387 1546 1526 1600 ,quod
1553 1545 1671 1586 trium
1701 1559 1837 1600 perso-

382 1627 531 1655 narum
551 1622 773 1653 concursus
805 1606 1036 1660 requiratur
1054 1619 1137 1661 pro
1157 1605 1445 1646 constitutione
1469 1604 1643 1646 formalis
1659 1601 1834 1658 judicii,

386 1671 544 1714 Actoris
564 1684 703 1726 nempe
725 1699 734 1714 ‚
756 1665 824 1706 Rei
847 1695 859 1714 ‚
894 1679 930 1707 et
945 1665 1094 1712 judicis
1119 1694 1130 1704 .

492 1733 638 1777 Posset
656 1728 773 1770 etiam
809 1726 960 1782 opponi
978 1757 989 1774 ,
1010 1723 1122 1778 quod
1141 1724 1246 1764 Reus
1263 1753 1275 1771 ‚
1295 1722 1365 1765 ubi
1389 1736 1558 1779 utraque
1577 1725 1687 1766 Parte
1710 1722 1840 1764 infor-

387 1803 522 1831 mante
558 1789 773 1846 Signatura
808 1785 1001 1842 rescripsit
1017 1815 1028 1831 ,
1075 1783 1362 1823 commissionis
1397 1783 1584 1824 notitiam
1611 1782 1798 1825 habuerit
1827 1794 1842 1830 3

390 1862 429 1891 at
445 1850 534 1906 pius
551 1846 708 1905 operari
731 1860 812 1886 non
836 1857 961 1898 potest
974 1840 1282 1883 Commissionis
1299 1840 1438 1883 notitia
1452 1872 1464 1890 ,
1483 1857 1605 1897 quam
1625 1841 1706 1898 ipsa
1720 1841 1844 1882 Corn·

391 1909 554 1959 missio,
590 1924 610 1949 e
632 1921 712 1961 qua
738 1919 780 1946 ut
800 1904 975 1944 diximus
998 1931 1009 1948 ,
1046 1900 1208 1941 nonnisi
1225 1914 1313 1956 post
1349 1901 1454 1941 illius
1483 1916 1603 1942 usum
1637 1901 1712 1943 litis
1742 1914 1845 1957 pen-

393 1967 528 2008 dentia
560 1969 715 2014 oritur;
745 1964 896 2005 namin
921 1961 1154 2003 fortioribus
1186 1959 1367 2001 terminis
1400 1975 1447 2002 ex
1469 1959 1556 2017 ipso
1586 1958 1842 2001 inhibitionis

393 2025 474 2068 sive
495 2025 696 2068 citationis
713 2056 726 2073 ,
755 2025 935 2072 decreto,
956 2020 1138 2077 quamvis
1154 2019 1196 2060 id
1210 2022 1320 2062 Reus
1339 2019 1496 2063 sciverit
1511 2049 1526 2068 ,
1547 2017 1692 2074 quoad
1709 2015 1844 2072 ipsum

397 2099 481 2126 non
500 2084 659 2127 inducit
682 2083 766 2126 ‘litis
785 2084 1068 2139 pendentiam,
1098 2079 1168 2119 sed
1197 2079 1419 2132 requiritur
1436 2078 1601 2118 actualis
1622 2074 1843 2131 exequutio

386 2156 442 2187 ,ac
460 2143 725 2199 praesentatio
750 2138 1012 2181 vinhibitionis
1029 2165 1039 2180 ,
1058 2150 1137 2176 seu
1157 2135 1357 2173 citationis
1378 2134 1450 2189 (3)
1482 2162 1491 2173 .

517 2198 762 2252 Huiusmodi
791 2197 887 2236 vero
920 2193 1096 2235 clausula
1116 2191 1347 2247 suspensiva
1377 2190 1663 2247 exequutionis
1684 2209 1767 2236 non
1782 2192 1850 2236 101.

400 2258 442 2301 lit
470 2259 576 2302 viam
615 2257 903 2314 exequutivam
927 2252 1158 2308 obligationi
1179 2251 1378 2292 camerali
1401 2281 1413 2298 ‚
1449 2265 1580 2305 neque
1601 2255 1681 2310 ipsa
1704 2253 1850 2311 obliga.

404 2317 460 2360 tio
487 2317 749 2366 vulneratum,
781 2317 850 2356 sed
866 2311 1146 2355 tantummodo
1186 2311 1498 2367 exequutionem
1514 2314 1753 2370 suspendit,
1777 2314 1849 2353 do.

406 2391 479 2418 nec
499 2377 546 2419 de
564 2375 742 2419 mandati
763 2373 915 2428 justitia
935 2383 1200 2428 cognoscatur
1220 2398 1232 2417 ‚
1251 2369 1366 2425 juxta
1388 2384 1559 2414 mentem
1576 2375 1698 2416 Rotae
1715 2386 1850 2416 coram

1755 2431 1788 2471 C
1786 2445 1853 2472 oc-

897 2502 1053 2516 ——*

1680 2504 1834 2517 ——n-

456 2536 511 2574 (1)
535 2539 568 2566 In
586 2538 657 2577 Cap·
677 2545 716 2566 ex
746 2535 978 2576 conquaestione
1002 2533 1040 2565 de
1071 2540 1120 2562 re·
1211 2533 1248 2572 (3
1289 2531 1473 2564 Lancellott.
1494 2533 1532 2566 de
1551 2535 1673 2568 Attem.
1702 2538 1834 2575 cap-20.

414 2582 478 2613 stit.
497 2580 702 2620 spoliatorum
721 2590 751 2608 n.
768 2588 819 2608 10.
1167 2576 1247 2609 ded.
1270 2585 1297 2606 1.
1313 2587 1346 2607 n.
1362 2588 1398 2618 4.

456 2625 512 2666 (2)
537 2626 639 2658 Decis.
663 2623 738 2666 138·
755 2633 786 2655 n.
804 2632 835 2654 2.
