2075 3167
408 317 466 358 50
705 299 781 342 DE
811 300 946 348 JURE
974 297 1317 342 SIGNATURAE
1345 294 1599 346 JUST1T1AE

407 374 532 418 quare
555 360 608 403 ita
623 373 662 403 se
681 359 887 411 inscribat,
902 373 988 403 tum
1005 374 1158 403 caetera
1176 374 1280 417 quae
1297 358 1483 415 deinceps
1494 357 1541 398 de
1565 355 1629 396 illo
1642 364 1790 397 statuta
1801 352 1892 395 fue-

410 434 538 464 runt.
575 419 625 463 Et
651 420 828 478 primum
854 420 950 463 scire
983 433 1166 476 oportet,
1205 418 1435 476 Collegium
1460 448 1472 468 ,
1504 416 1620 473 quod
1652 414 1894 472 Scriptorum

407 479 586 523 Arclzz'viz‘
626 493 892 536 nuncupatur
911 510 923 527 ‚
967 480 1113 533 aJulio
1143 481 1192 521 ΙΙ.
1215 494 1327 521 anno
1351 489 1478 533 1507.
1511 476 1740 518 institutum
1773 502 1786 521 ,
1818 487 1855 516 et
1873 487 1895 514 a

406 538 616 582 nonnullis
643 539 728 582 aliis
749 541 1010 582 Pontificibus
1043 540 1349 588 confirmatum,
1366 537 1586 580 obtinuisse
1604 549 1730 589 usque
1751 547 1772 573 a
1794 545 1893 575 tem-

410 614 507 656 pore
540 599 749 642 erectionis
768 599 935 657 Collegii
963 599 1324 641 X11.V0tam·1urn
1358 596 1599 654 Signaturae
1619 625 1633 643 ‚
1666 593 1896 635 facultatem

410 659 653 714 privativam
682 672 767 700 acta
799 656 1041 701 conficiendi
1075 658 1116 698 in
1146 658 1323 715 ejusdem
1362 656 1601 712 Signaturae
1630 651 1858 694 Tribunali
1884 681 1899 701 ,

409 732 534 775 prout
550 719 631 759 iam
642 719 900 775 probavimus
918 718 961 758 in
982 717 1111 774 priore
1125 716 1292 771 hujusce
1308 715 1436 758 nostri
1452 714 1582 771 operis
1600 712 1793 758 editione,
1812 711 1902 752 lau-

407 776 490 818 dati
509 777 550 818 in
568 777 777 819 Pontificio
797 776 1086 833 Chirographo
1107 809 1120 827 ‚
1150 790 1322 818 exarato
1343 790 1417 833 pro
1434 774 1575 816 eodem
1590 771 1772 828 Collegio
1792 784 1903 812 anno

414 836 545 892 1789·
561 836 635 893 (1)
654 867 663 877 .
700 837 840 892 Quam
858 836 1021 892 quidem
1041 837 1270 878 facultatem
1284 833 1512 891 Collegium
1531 832 1781 890 praedictum
1798 843 1906 872 exer-

409 896 584 937 cendam
599 896 766 938 tradidit
793 897 958 952 cuidam
978 910 1026 936 ex
1043 895 1223 936 Notariis
1243 896 1451 935 Romanae
1483 892 1638 933 Curiae
1665 890 1825 947 praevia
1845 889 1905 929 lo-

410 953 569 994 catione
588 954 954 996 emolumentorum
973 985 986 1002 ,
1017 953 1368 1009 percipiendorum
1404 965 1477 1008 pro
1496 951 1749 992 decretorum
1782 962 1904 1003 expe-

412 1008 671 1058 ditionibus,
700 1014 865 1066 aliisque
898 1011 995 1052 actis
1010 1010 1299 1052 conficiendis.
1335 1012 1390 1051 At
1422 1023 1533 1049 anno
1566 1019 1693 1061 1743·
1746 1017 1905 1048 mutato

410 1067 578 1109 consilio
597 1097 612 1116 ,
642 1068 799 1110 censuit
818 1099 829 1115 ,
844 1068 1025 1110 Archivii
1053 1068 1188 1109 Officii
1216 1067 1486 1108 emolumenta
1506 1064 1733 1107 rationibus
1748 1065 1831 1106 suis
1848 1065 1907 1106 in-

406 1126 524 1176 ferre,
541 1140 580 1170 et
596 1127 764 1183 proinde
786 1127 821 1167 ei
841 1126 1076 1182 praeposuit
1086 1125 1304 1165 Notarium
1320 1125 1498 1176 aliquem
1509 1122 1569 1163 uti
1591 1123 1904 1164 Administrum.

411 1185 472 1227 Ex
495 1197 592 1227 tunc
611 1184 717 1226 idem
745 1183 972 1240 Collegium
989 1182 1228 1239 excogitavit
1247 1181 1352 1224 illam
1374 1181 1590 1223 formulam
1611 1181 1907 1232 subscribendi,

413 1256 452 1286 et
469 1244 664 1285 utendam
682 1243 848 1285 tradidit
872 1243 979 1285 dicto
997 1241 1253 1284 Administro
1275 1272 1286 1282 .

531 1301 605 1344 His
622 1302 847 1360 praemissis
862 1300 1067 1356 reliquum
1098 1313 1154 1342 est
1168 1331 1183 1349 ‚
1209 1312 1258 1342 ut
1275 1299 1488 1344 videamus
1524 1299 1726 1355 quidnam
1760 1299 1808 1341 de
1825 1313 1909 1341 cae-

415 1372 501 1402 tero
535 1362 676 1417 quoad
700 1361 860 1403 dictum,
892 1360 1150 1417 Collegium,
1183 1357 1350 1415 ejusque
1383 1357 1519 1400 Officii
1550 1357 1736 1401 Archivii
1773 1360 1908 1402 Nota-

414 1419 523 1462 rium·
546 1420 958 1468 Administratorem,
992 1432 1113 1474 atq-ue
1145 1418 1266 1475 hujus
1297 1417 1518 1474 Adjutores
1553 1417 1637 1459 sive
1659 1418 1907 1460 Substitutos

413 1479 707 1536 psaescriptum
722 1480 772 1522 sit
785 1510 796 1520 .
830 1480 984 1521 Eodem
1001 1478 1110 1518 enim
1146 1477 1436 1533 Chirographo
1456 1491 1544 1518 non
1559 1477 1682 1519 modo
1692 1477 1908 1519 confirma-

413 1551 503 1580 tum
529 1537 610 1582 fuit
637 1538 865 1596 Collegium
895 1538 938 1578 in
956 1537 1173 1578 Notarium
1206 1534 1453 1594 privativum
1476 1549 1558 1578 tarn
1581 1535 1818 1578 Tribunalis
1847 1535 1910 1577 Si-

414 1610 637 1653 gnaturae‚
672 1613 796 1655 quam
829 1597 1013 1651 judicum
1049 1595 1431 1638 Commissariorum
1445 1627 1459 1644 ,
1476 1596 1545 1637 sed
1580 1596 1699 1638 etiam
1720 1595 1910 1637 Admini-

413 1658 596 1705 stratori„
611 1657 778 1713 eiusque
790 1656 1035 1705 Substitutis,
1052 1655 1216 1712 aliisque
1235 1655 1561 1702 inservientibus,
1581 1670 1630 1696 ne
1647 1656 1700 1696 ob
1719 1654 1909 1712 indigen·-

410 1716 509 1756 tiam
535 1717 777 1773 negligenter
789 1746 814 1766 ,-
834 1716 895 1760 vel
911 1715 1124 1757 inhoneste
1158 1714 1373 1772 proprium
1389 1730 1542 1757 munus
1580 1728 1762 1757 exercere
1792 1728 1911 1770 coge-

418 1787 578 1822 rentur,
601 1776 774 1818 adaucta
799 1776 966 1817 fuerunt
990 1775 1215 1830 stipendia3
1244 1786 1484 1831 proutpatet
1509 1789 1529 1815 e
1568 1788 1661 1817 taxa
1678 1774 1842 1830 ginserta
1865 1772 1910 1813 in

414 1834 626 1889 praedicto
650 1834 939 1890 Chi-rographo
960 1863 970 1873 .
1807 1838 1821 1880 ζ.

534 1893 743 1934 Adversus
768 1890 1005 1943 huju-smodi
1047 1889 1286 1949 privativam
1329 1888 1561 1931 facultatem
1602 1889 1912 1931 insurrexerunt

412 1950 621 1992 retroactis·
665 1950 911 2006 temporibus
964 1948 1186 1990 nonnullae
1235 1948 1524 2001 disputationes
1543 1973 1558 1992 ,
1593 1946 1785 1986 excitatae
1832 1961 1911 2002 po-

409 2006 609 2050 tissimum
627 2022 648 2049 a
665 2006 846 2050 Notariis
865 2008 919 2048 A.
932 2006 986 2048 C.
1006 2038 1019 2056 ,
1039 2007 1110 2062 qui
1128 2005 1429 2047 contendebant
1449 2004 1598 2045 habere
1618 2004 1906 2048 cumulativam

410 2067 643 2110 facultatem
681 2065 923 2109 conficiendi
958 2078 1046 2108 acta
1080 2065 1122 2104 in
1157 2062 1305 2104 Causis
1325 2061 1633 2104 Commissariis
1666 2095 1676 2104 .
1709 2063 1905 2105 Attamen

416 2125 589 2168 instante
617 2127 759 2168 eodem
786 2124 968 2179 Collegio
986 2123 1234 2177 Scriptorum
1250 2152 1263 2170 ‚
1287 2135 1513 2175 eorumque
1540 2121 1700 2178 juribus
1719 2138 1741 2163 a
1756 2123 1907 2167 Tribu-

415 2184 496 2225 nali
530 2187 672 2227 Sacrae
706 2188 832 2228 Rotae
853 2182 908 2223 ad
921 2195 1089 2223 examen
1118 2180 1341 2236 revocatis,
1372 2180 1478 2221 duae
1504 2182 1750 2238 prodierunt
1776 2183 1905 2224 eidem

416 2243 600 2301 Collegit>
629 2240 877 2288 favorabiles
891 2240 1110 2283 decisiones
1132 2254 1258 2281 coram
1282 2240 1402 2281 cerro
1427 2241 1507 2282 sub
1519 2241 1637 2284 titulo
1649 2243 1908 2290 Romcmalu-

413 2302 469 2344 ris
489 2302 683 2345 scribendi
719 2299 979 2359 14.jrznuc1rij
1023 2298 1360 2355 1725.etead'em
1394 2298 1458 2340 die
1474 2302 1552 2343 sub
1582 2301 1697 2344 titulo
1729 2303 1903 2345 Romana

408 2361 520 2416 juris
533 2362 724 2404 scribendi-
738 2375 858 2418 super·
869 2359 1108 2402 restitutione
1119 2359 1462 2401 emolumentorum
1479 2388 1492 2399 .

1817 2419 1902 2460 Nec

1521 2490 1904 2504 ———

464 2547 519 2587 (1)
542 2549 689 2593 Append.
705 2558 782 2594 pag.
802 2557 882 2591 173.
