2075 3167
449 303 505 358 58
745 300 821 341 DE
848 301 981 348 JURE
1001 302 1348 347 SlGNATURAE
1377 302 1634 353 JUSTlTIAE

565 360 609 402 ln
629 357 771 402 Edicto
791 360 1070 405 declarationis
1095 394 1108 412 ‚
1125 377 1162 405 et
1179 364 1421 407 extensionis
1438 365 1584 406 decreti
1604 377 1721 421 super
1753 360 1935 403 abolitio-

449 434 500 463 ne
517 418 803 464 Tribunalium
820 421 1141 478 particularium,
1154 424 1227 464 alia
1250 423 1581 467 huic-Tribunali
1602 424 1750 465 tributa
1768 421 1934 463 facultas

446 495 533 532 est,
555 493 598 522 ut
624 493 761 535 nempe
788 481 967 523 habentes
978 480 1205 536 fiieultatem
1229 484 1393 541 eligendi
1420 484 1460 524 in
1481 483 1654 540 partibus
1670 481 1841 536 judicem
1869 495 1932 522 se-
1953 516 1963 526 ,

446 542 659 582 cundarum
691 539 958 582 instantiarum
988 552 1191 582 teneantur
1205 543 1307 584 illum
1336 542 1470 583 ibidem
1485 557 1555 599 per
1579 541 1733 583 unicam
1754 568 1768 587 ,
1799 553 1836 580 et
1850 538 1934 580 uni·

445 600 630 643 versalem
662 599 947 655 deputationem
971 600 1023 640 ad
1047 602 1336 643 omtzes‘Cctusas
1363 604 1575 658 (leputare3
1607 614 1643 641 et
1661 600 1696 641 si
1711 608 1929 641 controver-

444 658 501 700 sia
525 669 699 716 emergat
725 674 841 715 super
855 657 1092 700 recusatione
1111 687 1124 706 ,
1150 662 1209 702 vel
1221 676 1334 718 super
1347 663 1462 703 morlo
1478 658 1710 717 procedendi
1727 670 1855 699 coram
1874 655 1931 696 di-

444 728 505 759 cto
515 717 649 773 judice
663 718 842 773 deputato
858 748 871 766 ,
885 727 1104 759 recurratur
1116 720 1169 760 nd
1184 720 1439 777 Signaturam
1452 719 1622 768 Iustitiae
1639 748 1652 768 ,
1685 716 1933 775 quemadmo-

444 776 536 818 dum
556 777 596 818 itz
615 777 762 818 caeteris
779 777 866 818 aliis
889 776 1025 819 Causis
1041 807 1054 826 ‚
1080 787 1118 818 et
1139 779 1305 836 negotiis
1310 778 1406 836 fieri
1418 781 1559 822 assolet
1577 809 1586 820 .

558 837 704 892 Quum
722 836 864 892 aliquis
881 835 1059 878 defectus
1076 851 1264 893 appareat
1276 852 1324 879 ex
1341 839 1436 880 actis
1458 838 1643 887 Causae,
1656 836 1697 877 in
1714 830 1930 876 Tribunali

443 891 657 939 Auditoris
689 894 887 936 Camerae
907 895 1351 951 definitae‚Signatura
1379 895 1531 938 idcirco
1567 895 1773 938 rescribit·
1801 892 1856 933 Α.
1886 889 1932 932 C·

440 949 582 992 iterum
624 952 762 993 audiat
791 969 844 995 esc
868 952 1022 1009 integro
1047 982 1058 994 .
1085 953 1136 994 Et
1163 965 1261 995 tunc
1280 955 1378 1001 ,etsi
1411 955 1598 996 nonnulli
1630 951 1934 995 contendissent

441 1021 527 1048 non
555 1024 634 1050 esse
668 1010 803 1049 locum
832 1009 1058 1064 allegationi
1093 1010 1135 1049 in
1154 1024 1384 1065 suspectum
1415 1011 1592 1063 judicem
1610 1010 1712 1066 ,qui
1731 1009 1844 1066 prius
1873 1004 1936 1059 jU-

441 1064 663 1116 dicaverit;
697 1079 871 1108 attamen
899 1068 1038 1108 eadem
1055 1066 1272 1123 Signatura
1303 1068 1413 1111 aliter
1442 1069 1600 1111 censuit
1617 1069 1660 1109 in
1686 1068 1869 1110 Romana
1889 1079 1931 1121 7.

438 1125 670 1182 septembris
693 1126 820 1180 1758.
837 1125 989 1166 etiamsi
1005 1154 1019 1172 ,
1044 1139 1126 1167 tam
1144 1126 1200 1165 A.
1218 1125 1273 1166 C.
1292 1127 1594 1169 Locumte‘nens
1615 1156 1629 1176 ‚
1646 1129 1770 1181 quam
1801 1128 1856 1167 A.
1878 1124 1934 1166 C.

437 1196 518 1226 met
543 1183 586 1225 in
606 1183 712 1226 dicta
732 1183 873 1225 Causa
890 1182 1162 1238 judicaverint
1180 1212 1190 1223 .
1627 1202 1630 1205 ·

557 1241 797 1297 Aliquando
827 1242 1028 1284 Tribunal
1067 1242 1142 1284 hoc
1173 1241 1430 1298 Signaturam
1454 1242 1618 1285 Gratiae
1639 1253 1936 1298 repraesentat,

443 1313 578 1352 quum
605 1315 745 1356 nempe
772 1300 814 1340 in
835 1299 970 1355 aliqua
988 1299 1130 1341 Causa
1162 1300 1205 1342 fit
1222 1314 1435 1349 recursus,
1472 1313 1518 1343 ut
1533 1315 1579 1342 ea
1611 1312 1865 1358 proponatur
1891 1300 1935 1341 in

439 1359 659 1415 signatura
678 1358 841 1400 Gratiae
859 1389 871 1408 ‚
908 1370 1010 1400 etex
1046 1372 1093 1399 eo
1118 1358 1217 1414 quia
1249 1359 1355 1400 dicta
1385 1359 1597 1416 Signatura
1621 1374 1706 1400 non
1736 1358 1790 1400 ita
1819 1358 1934 1401 facile

439 1417 643 1467 habetur,
669 1417 737 1459 sed
757 1418 920 1474 perraro
937 1447 950 1465 ,
981 1416 1085 1458 itaut
1113 1416 1338 1473 saepissime
1371 1418 1458 1459 duo
1474 1449 1488 1466 ‚
1525 1431 1605 1460 tres
1622 1448 1635 1465 ‚
1663 1417 1725 1462 vel
1754 1429 1935 1471 quatuor

441 1476 543 1518 anni
564 1489 781 1520 excurrant
796 1507 810 1526 ‚
839 1489 971 1530 quum
989 1475 1162 1531 pendeat
1180 1490 1200 1516 a
1219 1476 1429 1520 voluntate
1445 1477 1648 1519 pontificis
1663 1508 1677 1525 ,
1710 1477 1782 1530 qui
1799 1506 1811 1525 ,
1841 1490 1935 1531 gra-

437 1535 625 1579 vioribus
638 1536 822 1578 detentus
833 1534 999 1592 negotiis
1017 1565 1030 1583 ‚
1061 1532 1317 1591 Principatus
1336 1549 1476 1576 curam
1491 1536 1823 1592 respicientibus,
1854 1547 1936 1576 tam

437 1593 558 1636 facile
592 1594 781 1638 auditum
815 1594 1003 1651 praebere
1038 1593 1183 1648 nequit
1209 1592 1702 1650 Litigantibus‚Auditor
1733 1592 1936 1636 pontificis

437 1653 490 1694 ad
508 1653 767 1696 obviandum
784 1652 1046 1695 dilationibus
1064 1684 1078 1703 ‚
1109 1652 1254 1695 similes
1280 1652 1441 1695 Causas
1467 1653 1629 1696 remittit
1659 1654 1711 1695 ad
1739 1653 1938 1709 Signatu-

436 1726 523 1753 ram
540 1712 724 1765 justitiae
741 1712 829 1755 loco
847 1710 1010 1754 Gratiae
1031 1726 1044 1760 ;
1073 1724 1173 1755 tunc
1197 1711 1305 1753 enim
1318 1711 1505 1765 Justitiae
1522 1713 1742 1770 Signatura
1771 1710 1936 1753 diversi-

436 1770 559 1812 mode
579 1772 790 1826 procedit,
823 1784 861 1813 et
879 1771 920 1812 in
937 1769 1163 1826 judicando
1181 1784 1311 1827 potest
1325 1802 1339 1820 ,
1373 1784 1419 1812 ut
1436 1771 1493 1814 ait
1524 1771 1759 1814 Cardinalis
1771 1771 1835 1810 De
1854 1771 1936 1810 Lu-

437 1844 514 1880 ca,
547 1829 681 1871 laxare
714 1830 890 1872 habenas
919 1860 933 1877 ‚
962 1844 1094 1882 quum
1126 1829 1229 1869 illius
1261 1829 1489 1883 jurisdictio
1518 1831 1625 1869 intra
1658 1829 1757 1883 juris
1793 1828 1935 1871 limites

433 1902 522 1929 non
555 1888 603 1929 sit
624 1887 798 1929 restricta
820 1916 830 1928 .
862 1886 1030 1928 Causae
1049 1886 1184 1936 enim,
1214 1900 1319 1941 quae
1336 1899 1631 1942 proponuntur
1653 1888 1696 1927 in
1712 1887 1933 1940 Signatura

432 1943 604 1987 Gratiae
635 1955 734 1985 sunt
760 1959 819 1987 eae
844 1945 1103 2001 praesertim,
1134 1959 1240 2000 quae
1273 1942 1357 1984 iam
1379 1943 1566 1984 definitae
1600 1943 1713 1982 fuere
1745 1955 1816 1998 per
1851 1957 1935 1986 rem

432 2001 661 2057 judicatam
678 2030 690 2050 ,
722 2002 827 2045 itaut
844 2001 1003 2044 nullum
1027 2014 1214 2061 suppetat
1232 2000 1512 2044 succumbenti
1529 2000 1750 2043 remedium
1766 2000 1934 2044 ordina-

433 2060 544 2104 rium
574 2077 648 2119 pro
665 2061 930 2104 instauranda
951 2076 1062 2103 nova
1081 2061 1262 2115 ejusdem
1284 2058 1446 2101 Causae
1464 2059 1695 2116 cognitione
1712 2089 1726 2106 ,
1758 2073 1796 2101 et
1814 2061 1935 2102 exin-

430 2119 641 2178 dulgentia
660 2149 672 2169 ,
705 2120 928 2178 sivegratia
958 2119 1140 2174 petitur,
1167 2130 1214 2159 ut
1242 2117 1383 2159 denuo
1416 2118 1678 2168 revideatur;
1712 2119 1932 2162 indubium

431 2191 565 2221 tamen
583 2193 639 2223 est
654 2211 668 2230 ,
695 2179 830 2236 magni
851 2176 1043 2219 momenti
1063 2190 1130 2219 eas
1157 2190 1237 2219 esse
1253 2176 1394 2218 debere
1409 2205 1422 2224 ,
1454 2190 1502 2219 ut
1519 2191 1747 2234 supremam
1774 2178 1934 2219 Princi-

431 2237 493 2295 pis
523 2252 696 2281 mentem
715 2249 915 2296 occupent
933 2251 949 2285 t,
976 2235 1061 2277 illae
1078 2236 1204 2278 etiarn
1229 2233 1390 2278 Causae
1406 2264 1420 2284 ,
1451 2236 1603 2291 quibus
1619 2239 1780 2280 obstant
1796 2238 1935 2280 Motus

421 2299 572 2355 proprii
597 2297 753 2339 Summi
785 2295 932 2338 pontifi
944 2294 1029 2345 cis,
1063 2295 1126 2338 vel
1157 2294 1390 2342 clausulae,
1428 2295 1551 2337 alicui
1596 2294 1746 2346 Brevi,
1778 2296 1934 2340 easdem

428 2358 588 2399 Causas
603 2355 809 2411 tangenti,
828 2354 1018 2409 adjectae
1037 2385 1050 2404 ,
1082 2354 1288 2397 irritantes
1322 2354 1479 2406 dictae,
1515 2354 1658 2411 dignae
1689 2367 1933 2412 reputantur

427 2413 583 2470 judicio
599 2415 837 2469 Signaturae
871 2412 1040 2454 Gratiae
1062 2444 1073 2454 .

551 2475 597 2514 In
616 2472 765 2515 Causis
783 2471 1070 2515 criminalibus
1086 2473 1151 2514 hic
1165 2471 1285 2514 etiam
1326 2486 1430 2529 opus
1449 2485 1507 2515 est
1523 2503 1537 2522 ,
1568 2485 1615 2515 ut
1645 2472 1854 2517 videamus
1878 2483 1933 2512 an

429 2546 468 2574 se
487 2530 641 2589 ingerat
667 2531 875 2574 Tribunal
898 2531 980 2574 hoc
998 2531 1236 2590 Signaturae
1251 2531 1433 2581 justitiae
1454 2545 1467 2583 ;
1501 2546 1631 2589 quum
1657 2532 1765 2576 enim
1788 2544 1933 2588 grava-

1831 2601 1923 2632 men
