1952 3167
353 321 441 364 204
613 308 689 348 DE
720 310 854 355 JURE
886 308 1231 351 SIGNATURAE
1261 305 1519 356 JUST1T1AE

354 371 394 413 in
414 367 601 412 territori0
636 367 884 425 Fulginaten.
901 368 941 409 in
958 370 1040 410 loco
1060 379 1279 424 nuncupato
1299 369 1354 409 Ν.
1365 367 1486 423 juxta
1525 365 1620 406 bona
1640 363 1696 404 N.
1720 363 1773 404 N.
1796 393 1809 412 ‚

342 441 389 472 et
407 428 506 472 alios
522 426 848 484 notissimosfines
867 444 879 478 ;
913 443 1042 469 verum
1060 429 1149 485 quia
1182 427 1322 469 Orator
1340 455 1353 474 ,
1382 427 1449 481 qui
1465 425 1505 466 in
1520 423 1697 480 partibus
1711 421 1810 463 assi-

351 492 427 532 due
453 498 716 531 commoratur
730 504 808 528 non
824 497 951 543 potest
980 487 1107 542 aliqua
1124 486 1270 528 ratione
1289 485 1329 525 in
1354 484 1482 539 prima
1515 482 1695 524 instantia
1718 495 1812 523 con-

351 548 476 592 veniri
489 547 532 589 in
553 547 668 589 Curia
689 578 702 595 ‚
736 561 852 602 quum
884 545 1011 601 prima
1037 544 1223 586 instantia
1253 542 1304 584 sit
1331 542 1372 583 in
1399 541 1579 598 partibus
1596 540 1776 593 facienda
1801 553 1814 589 ;

351 609 545 667 supplicat
559 608 683 664 igitur
715 605 907 646 humiliter
924 605 966 644 S.
998 604 1044 646 V.
1083 605 1231 645 Orator
1254 600 1470 643 antedictus
1487 629 1499 646 ‚
1530 609 1574 640 ut
1602 597 1815 655 dignetur,

347 669 467 711 eidem
486 666 665 715 A.C2N.,
680 676 724 707 ut
738 679 846 706 suam
864 664 1084 704 moderetur
1100 660 1369 703 inhibitionem
1387 693 1400 711 ,
1415 671 1452 702 et
1470 659 1636 701 Causam
1656 657 1813 714 adpar-

347 739 406 770 tes
428 727 598 769 remittat
614 758 626 776 ‚
657 723 892 767 committere
911 753 925 772 ‚
956 732 992 763 et
1008 723 1196 763 mandare
1215 735 1302 763 cum
1329 718 1516 774 facultate
1534 715 1679 761 citandi
1697 746 1710 765 ‚
1747 716 1813 756 in-

349 786 503 829 hibendi
522 817 534 834 ,
570 801 662 844 quos
681 816 693 834 ,
720 783 855 841 quibus
875 811 887 830 ,
919 782 1065 838 quoties
1081 785 1152 824 et'e.
1170 813 1183 831 ‚
1219 779 1552 822 constitutionibus
1576 787 1648 820 etc.
1667 785 1807 818 statum

343 862 417 904 pro
433 848 549 903 plene
568 858 640 888 ctc.
936 848 939 852 ’
1230 885 1238 891 ,

460 905 572 948 Nulli
596 903 769 945 dubium
786 915 842 944 est
857 901 983 956 ,quin
1004 900 1166 942 Causae
1184 916 1337 950 ornnes,
1359 898 1473 950 juxta
1494 898 1720 955 exploratas
1738 894 1811 947 Ju-

337 963 392 1004 ris
418 965 573 1020 regulas
593 992 606 1009 ‚
641 961 781 1016 quoad
801 960 946 1014 primas
967 960 1179 1000 instantias
1209 959 1250 999 in
1270 959 1452 1014 partibus
1469 955 1723 998 definiendae
1737 952 1814 1009 pri-

344 1036 411 1063 mo
439 1023 526 1064 loco
554 1022 666 1067 sint,
700 1018 785 1072 quo
821 1017 939 1057 eriam
959 1016 1130 1072 respexit
1157 1016 1386 1058 Tridentino
1427 1016 1604 1073 Syaoclus
1635 1012 1740 1070 (1);
1773 1020 1811 1052 et

345 1096 482 1124 revera
509 1081 550 1121 id
580 1092 756 1134 aequum
788 1075 958 1116 omnino
982 1090 1038 1117 est
1066 1089 1119 1117 ex
1157 1090 1204 1116 eo
1229 1075 1480 1132 potissimum
1499 1105 1511 1123 ,
1546 1074 1662 1129 quod
1695 1085 1812 1114 com-

330 1140 505 1181 ·modius
531 1139 584 1182 ibi
607 1136 864 1195 probationes
882 1165 894 1182 ,
930 1149 966 1176 et
985 1149 1194 1191 processus
1221 1135 1304 1176 fieri
1334 1149 1503 1190 possunt
1525 1149 1536 1184 ;
1567 1146 1604 1174 et
1626 1133 1648 1173 ἐ
1666 1143 1809 1172 contra

332 1214 431 1240 -non
467 1199 551 1239 sine
586 1196 731 1253 grandi
759 1194 1020 1235 incommodo
1040 1222 1053 1240 ‚
1089 1193 1276 1249 temporis
1306 1193 1573 1238 diuturnitate
1592 1222 1606 1239 ,
1639 1203 1677 1232 et
1706 1204 1812 1231 sum-

342 1258 419 1300 mis
435 1256 618 1311 expensis
637 1254 720 1295 fieri
736 1266 900 1309 possent
915 1252 956 1292 in
979 1252 1111 1293 Curia
1132 1283 1145 1301 ,
1175 1236 1402 1307 praesertim
1421 1253 1463 1291 in
1484 1251 1643 1292 testium
1659 1247 1810 1291 exam-i-

344 1330 424 1357 ne.
463 1317 684 1371 Eapropter
706 1312 767 1359 ‚si
790 1310 1020 1365 hujusmodi
1052 1324 1195 1350 causae
1229 1309 1271 1350 in
1312 1309 1445 1350 Curia
1477 1309 1740 1355 deferantur,
1773 1316 1812 1347 et

346 1373 621 1419 Adversarius
643 1370 857 1419 reclamet,
887 1369 1016 1410 eidem
1037 1369 1262 1411 consulitur
1287 1367 1370 1409 illas
1389 1368 1441 1409 ad
1459 1382 1589 1424 partes
1607 1366 1812 1407 remitten-

349 1433 404 1474 do
423 1463 432 1473 .
465 1433 506 1473 Si
530 1445 665 1473 autern
682 1430 813 1477 Judex
837 1457 846 1472 ‚
884 1443 1018 1468 coram
1038 1443 1122 1482 quo
1139 1428 1184 1468 lis
1216 1438 1359 1482 agatur
1381 1456 1393 1474 ‚
1424 1426 1616 1468 remittere
1636 1439 1723 1466 eam
1743 1439 1813 1465 no-

343 1491 389 1534 lit
405 1523 418 1540 ‚
445 1506 631 1533 recursus
666 1487 838 1530 habetur
859 1485 911 1526 ad
929 1485 1169 1526 Auditorem
1184 1484 1423 1541 signaturae
1441 1516 1454 1534 ,
1468 1483 1583 1537 juxta
1605 1484 1809 1526 notissima

343 1549 657 1593 Reformationis
689 1545 828 1588 Edicta
849 1560 862 1595 ;
887 1544 938 1585 ab
959 1558 1087 1599 eoque
1104 1557 1307 1599 quatenus
1325 1559 1396 1585 nec
1415 1543 1701 1585 remmittenda
1720 1557 1810 1584 cen·

342 1623 477 1652 seatur
495 1638 509 1655 ,
539 1610 581 1649 in
602 1608 718 1663 plena
739 1605 954 1660 Signatura
987 1603 1224 1645 reclamatur
1243 1631 1256 1649 ‚
1287 1615 1324 1644 et
1343 1602 1588 1644 commissio
1621 1602 1809 1644 recensita

342 1667 560 1725 porrigitur
581 1697 592 1707 .
613 1668 662 1709 Et
684 1662 1088 1707 animadvertendum
1115 1662 1179 1704 hic
1211 1661 1329 1704 etiam
1347 1676 1403 1704 est
1420 1691 1433 1711 ,
1464 1661 1579 1718 quod
1611 1661 1810 1716 Signatu-

341 1742 411 1769 rae
434 1726 643 1768 'Tribunal
660 1757 672 1774 ‚
708 1727 807 1765 dum
834 1719 968 1777 agitur
990 1721 1039 1762 de
1059 1721 1208 1764 Causis
1237 1721 1440 1763 instruetis
1460 1721 1502 1762 in
1523 1720 1653 1763 curia
1673 1749 1686 1767 ,
1719 1735 1803 1762 non

329 1786 439 1827 solet
457 1783 694 1841 hujusmodi
727 1780 1069 1826 Commissionem
1100 1780 1288 1836 signare,
1320 1779 1394 1820 nisi
1429 1780 1538 1822 aliter
1569 1779 1807 1821 Causarum

342 1843 557 1898 qualitates
578 1843 777 1885 suadeant
795 1857 808 1891 ;
842 1851 888 1881 ut
909 1839 963 1880 ait
978 1840 1266 1881 Marclzesanus
1281 1838 1328 1879 de
1351 1836 1685 1883 commissionibus
1718 1853 1806 1881 avo-

343 1902 497 1947 catonis
516 1902 726 1945 Causarum
747 1901 821 1958 (2)
839 1932 848 1942 .

564 1960 807 2005 Commissio
828 1977 902 2019 pro
922 1960 1080 2004 alterius
1101 1960 1256 2009 judicis
1274 1959 1537 2016 deputatione
1560 1988 1567 2000 .

963 2021 1145 2063 Romana
1173 2051 1182 2061 .

877 2080 1102 2124 Beatissime
1130 2081 1246 2119 Pater
1262 2109 1272 2119 .

449 2145 673 2201 Exponitur
680 2141 874 2184 humiliter
883 2140 927 2177 S.
954 2140 1001 2180 V.
1013 2150 1085 2190 pro
1092 2149 1203 2189 parte
1220 2136 1347 2178 devoti
1355 2136 1457 2178 illius
1475 2135 1649 2178 Oratoris
1666 2136 1721 2178 N.
1737 2134 1792 2178 N.

332 2201 436 2256 quod
450 2201 671 2242 introducta
695 2200 760 2239 lite
775 2205 910 2238 contra
940 2193 1112 2235 eumdem
1147 2192 1345 2237 Oratorem
1379 2190 1508 2236 coram
1531 2196 1580 2237 A.
1607 2196 1649 2237 C.
1673 2197 1726 2237 N.
1746 2197 1801 2238 ad

332 2259 555 2301 instantiam
587 2259 641 2299 N.
658 2255 713 2298 N.
729 2252 926 2312 praetensi
946 2250 1140 2294 creditoris
1155 2251 1196 2292 in
1213 2255 1328 2296 scutis
1354 2265 1458 2308 500.
1475 2266 1649 2296 monetae
1681 2270 1795 2297 occa-

332 2317 439 2358 sione
448 2316 595 2374 praetii·
615 2316 757 2360 Vineae
774 2326 844 2356 etc.
864 2343 877 2362 ‚
908 2311 998 2354 licet
1019 2312 1157 2352 Orator
1173 2314 1396 2369 opposuerit
1411 2313 1669 2370 exceptionem
1687 2329 1795 2355 com-

325 2373 592 2434 pensotionis,
621 2385 659 2418 et
670 2372 845 2416 docuerit
873 2386 912 2413 se
928 2387 1006 2414 esse
1041 2384 1094 2413 ex
1109 2369 1188 2412 alia
1216 2386 1327 2429 parte
1358 2373 1588 2416 Creditorem
1623 2373 1789 2424 eiusdem

1123 2501 1271 2519 μ-

496 2505 962 2519 ——-—-—

371 2564 430 2605 (ι)
456 2564 533 2597 δεμ-τ.
547 2572 600 2605 24.
624 2566 656 2597 in
675 2566 748 2607 Cap.
770 2563 889 2598 Causae
913 2570 1017 2595 omnes
1034 2582 1041 2592 .
1138 2561 1194 2602 (2)
1227 2562 1300 2607 Cap.-
1319 2573 1352 2607 3.
1372 2573 1406 2596 n.
1422 2563 1474 2595 16.
1493 2568 1523 2593 et
1542 2571 1592 2603 ιγ.
