1952 3167
339 331 383 365 80
702 326 762 361 DE
789 325 900 368 JURE
928 324 1206 360 SIGNATURAE
1233 323 1447 365 JUSTITIAE

340 385 473 412 vatores
506 375 764 419 interponuntur
793 377 951 409 adversus
979 374 1163 408 Sententias
1194 397 1203 412 ,
1250 382 1282 407 et
1312 373 1459 407 Decreta
1487 371 1659 407 definitiva
1692 373 1823 408 Guber·

340 435 495 461 natorum
527 424 683 459 localium
699 448 707 463 ‚
739 434 840 468 prout
871 422 1061 468 disponitur
1087 430 1146 468 per
1165 426 1327 455 Statutum
1355 421 1452 454 vrbis
1466 420 1606 466 praefatae
1627 420 1697 455 Lib.
1713 422 1821 468 primo

344 479 422 521 Cap.
439 486 494 508 xv.
527 475 563 507 de
582 472 689 517 Officio
708 477 978 507 conservatorum
1006 495 1014 510 ,
1042 471 1098 504 ubi
1126 470 1294 512 conceptis
1314 469 1426 502 verbis
1450 470 1614 507 habetur,
1645 470 1820 514 praedictos

342 524 611 557 Conservatores
639 533 734 566 posse
762 522 802 554 de
832 520 951 554 Causis
980 528 1268 562 quarumcumque
1305 515 1569 560 appellationum
1599 528 1617 550 a
1645 518 1823 556 Sententiis

345 572 417 606 latis
447 570 478 604 iu
499 569 609 604 Terris
641 568 782 603 Romani
800 567 921 609 Populi
950 567 976 600 si
995 569 1033 599 ad
1065 577 1121 599 eos
1149 576 1323 599 recursum
1355 563 1481 602 fuerit,
1508 575 1564 598 seu
1595 567 1637 599 de
1668 565 1825 601 nullitate

345 620 500 658 dictum,
529 619 620 652 etde
639 618 793 651 omnibus
823 615 894 649 aliis
922 614 1044 648 Causis
1078 612 1243 648 dictarum
1271 613 1450 647 Terrarum
1483 614 1674 648 summatim
1701 625 1824 659 cogno-

341 679 437 703 scere
454 691 464 707 ,
492 675 525 700 et
551 665 671 700 clarius
701 669 778 711 Cap.
807 675 880 698 cxc.
900 664 1008 697 eodem
1026 662 1098 695 Lib.
1111 663 1220 709 primo
1236 685 1246 700 ,
1262 661 1403 704 Rubrica
1434 663 1472 695 de
1501 662 1658 708 appellat.
1675 662 1823 696 Subdita-

343 726 416 751 rum
435 739 445 755 ,
473 719 658 748 castrorum
672 737 682 753 ,
713 721 744 747 et
765 719 936 748 Terrarum
952 711 1091 752 Romani
1118 710 1263 757 Populi:
1293 709 1361 744 ibi:
1389 710 1640 757 Appellationes
1658 719 1719 756 per
1739 710 1823 744 Sub-

346 765 430 798 ditos
459 763 568 806 Officio
587 767 860 798 conservatorum
888 760 929 794 ab
952 758 1266 798 committentibus,
1294 765 1353 792 aut
1378 760 1600 806 superioribus
1622 758 1822 804 officialibus

342 813 584 859 interponendae
609 813 651 845 ad
678 813 762 858 ipsos
780 814 1027 844 conservatores
1052 809 1215 855 interponi
1241 807 1400 846 debeant,
1430 810 1471 842 ad
1490 819 1567 854 quos
1586 809 1824 855 appellationes

344 863 504 909 praedictae
532 872 595 895 una
621 871 693 894 cum
723 867 789 894 toto
819 859 954 904 negocio
974 858 1218 897 devolvantur,
1246 858 1302 903 qui
1331 857 1367 890 de
1392 856 1460 890 illis
1474 858 1655 898 omnijnris
1670 858 1822 892 solemni-

343 918 412 943 tate
440 910 556 943 omissa
582 914 643 956 per
667 920 700 941 se
720 932 730 947 ,
762 916 819 942 aut
846 914 1057 941 assessorem
1086 907 1273 951 eligendum
1293 929 1302 945 ,
1343 917 1380 938 ac
1407 905 1477 939 sola
1505 906 1822 952 veritate'inspccta

340 965 562 1002 cognoscant,
591 965 621 989 et
647 958 820 990 secundnm
845 956 1008 996 justitiam
1035 956 1236 993 terminent,
1268 962 1298 988 et
1329 955 1480 988 decidant
1506 967 1513 986 ε
1551 954 1702 1000 dictique
1730 954 1825 988 Con-

344 1013 535 1038 servatores
554 1006 635 1038 hanc
662 1004 928 1043 iurisdictionem
959 1006 1103 1037 duorum
1135 1002 1242 1037 ferme
1269 1004 1309 1036 ab
1338 1003 1414 1037 hinc
1443 1002 1633 1037 seculorum
1662 1005 1820 1041 decursu,

341 1064 474 1097 semper
489 1052 718 1093 exercuerint,
732 1052 971 1097 appellationes
985 1077 995 1091 ‚
1011 1061 1044 1087 et
1060 1062 1214 1086 recursus
1227 1051 1377 1096 praefatos
1396 1051 1626 1086 admittendo:
1656 1052 1748 1098 Cum
1766 1062 1824 1085 au-

340 1110 409 1136 tem
438 1101 522 1135 sicut
556 1101 670 1136 eadem
700 1101 867 1147 expositio
898 1102 1122 1146 subjungebat
1162 1100 1240 1145 ipsis
1275 1100 1518 1144 exponentibus
1558 1100 1735 1135 innotuerit
1761 1110 1822 1144 pro

344 1159 438 1195 parte
468 1148 656 1195 aliquorum
685 1163 725 1185 ex
755 1150 923 1195 praedictis
956 1149 1098 1184 subditis
1136 1149 1167 1184 in
1197 1149 1311 1184 odium
1343 1148 1582 1184 nonnullorum
1622 1159 1822 1184 recursuum

337 1200 380 1233 ab
409 1198 534 1233 eisdem
565 1200 812 1243 exponentibus
841 1199 1089 1238 admissorum,
1129 1200 1284 1244 quasdam
1313 1198 1481 1233 instantias
1511 1198 1657 1232 indebite
1685 1208 1822 1243 promo-

339 1256 387 1282 tas
414 1248 518 1282 fuisse
549 1260 661 1282 coram
688 1248 812 1283 dilecto
839 1247 910 1282 filio
940 1248 1105 1282 Auditore
1134 1247 1317 1292 Signaturae
1360 1257 1480 1281 nostrae
1516 1246 1684 1286 Justitiae,
1712 1245 1821 1280 aliove

340 1296 460 1331 Iudice
487 1297 636 1334 eiusdem
664 1297 767 1331 ‘Uibis
785 1296 948 1342 prodiisse
978 1295 1090 1330 laesiva
1104 1305 1261 1329 enarratae
1289 1294 1558 1335 jurisdictionis,
1588 1306 1624 1328 ac
1653 1294 1736 1329 adeo
1753 1293 1824 1328 lon-

340 1356 432 1390 gevae
461 1345 554 1389 quasi
570 1345 787 1391 possessionis
805 1345 1018 1384 illam,sicut
1033 1344 1270 1389 praemittitur,
1292 1344 1466 1378 exercendi
1488 1342 1549 1383 ‚in
1566 1342 1739 1387 quadicti
1767 1353 1822 1377 ex-

343 1402 502 1437 ponentes
532 1395 770 1439 reperiuntur.
797 1393 906 1429 Nobis
935 1403 1114 1438 propterea
1140 1392 1316 1427 humiliter
1344 1390 1523 1436 supplicari
1565 1393 1716 1426 fecerunt
1742 1401 1820 1435 qua-

337 1451 431 1475 tenus
455 1442 519 1475 sibi
551 1443 581 1475 in
608 1443 784 1487 praemissis
808 1453 999 1485 opportune
1027 1441 1230 1485 providere,
1258 1449 1290 1475 et
1321 1449 1357 1474 ut
1384 1441 1466 1474 infra
1496 1439 1668 1484 indulgere
1699 1441 1739 1473 de
1765 1439 1823 1473 be-

336 1488 496 1534 nignitate
525 1491 722 1534 Apostolica
746 1491 985 1534 dignaremur<
1009 1491 1082 1523 Nos
1109 1489 1217 1534 igitur
1233 1489 1367 1522 eosdem
1396 1497 1598 1532 exponentes
1621 1487 1820 1532 specialibus

332 1537 532 1577 favoribus,
568 1547 600 1572 et
627 1538 740 1582 gratiis
768 1537 922 1580 prosequi
952 1536 1102 1570 volentes
1130 1562 1140 1576 ,
1174 1550 1216 1572 rac
1251 1548 1369 1571 eorum
1406 1535 1586 1580 singulares
1615 1547 1772 1578 personas
1804 1546 1822 1568 a

335 1585 508 1631 quibusvis
539 1586 901 1619 excommunicationis
916 1610 926 1624 .,
940 1585 1169 1629 suspensionis
1183 1610 1193 1625 ‚
1209 1594 1240 1619 et
1258 1584 1454 1622 interdicti,
1489 1583 1630 1627 aliisque
1651 1582 1822 1617 Ecclesia-

332 1631 425 1668 sticis
456 1632 659 1672 Sententiis,
685 1633 872 1673 Censuris,
900 1625 931 1667 ei
963 1634 1060 1676 paenis
1091 1646 1108 1666 a
1134 1635 1207 1671 jure
1232 1656 1242 1671 ,
1285 1630 1339 1665 vel
1360 1632 1409 1665 ab
1445 1632 1581 1666 homine
1614 1631 1732 1677 quavis
1760 1642 1821 1666 oc-

332 1683 464 1716 casione
492 1681 565 1715 latis
583 1705 593 1720 ‚
628 1680 653 1716 si
671 1682 794 1726 quibus
810 1680 1067 1727 quomodolibet
1098 1680 1260 1715 innodatae
1277 1680 1454 1720 existunt,
1487 1680 1528 1714 ad
1560 1681 1717 1715 effectum
1738 1690 1820 1724 prae⁴

331 1729 472 1765 sentium
503 1737 630 1764 tanturn
660 1732 934 1775 consequendum
962 1730 1077 1764 harum
1105 1730 1190 1763 serie
1217 1730 1428 1764 absolventes
1456 1754 1466 1769 ‚
1495 1737 1528 1763 et
1558 1728 1724 1763 absolutas
1749 1729 1820 1763 fore
1859 1735 1863 1738 '

331 1787 528 1817 censentes;
560 1777 857 1823 supplicationibus
874 1789 991 1812 eorum
1020 1777 1154 1812 nomine
1179 1777 1290 1812 Nobis
1319 1790 1421 1823 super
1449 1780 1512 1812 hoc
1539 1777 1717 1812 humiliter
1742 1787 1820 1823 por-

331 1827 428 1862 rectis
456 1826 630 1865 inclinati,
667 1829 834 1861 Statutum
866 1826 989 1865 Urbis,
1017 1827 1173 1871 superius
1203 1838 1397 1871 expressum
1427 1828 1531 1875 Capit.
1559 1839 1643 1867 xv.‚
1674 1833 1718 1864 co·
1744 1836 1820 1862 exe.

326 1875 528 1910 auctoritate
574 1875 774 1920 Apostolica
819 1885 937 1910 tenore
986 1875 1200 1919 praesentium
1244 1876 1479 1911 confirmamus
1517 1901 1527 1916 ‚
1578 1886 1610 1911 et
1658 1876 1823 1921 approba⁴

328 1936 402 1959 mus
431 1948 442 1963 ‚
474 1923 590 1969 illique
620 1924 824 1959 inviolabilis
858 1922 1064 1969 Apostolicae
1096 1923 1264 1959 firmitatis
1296 1926 1402 1959 robur
1428 1924 1605 1960 adiicimus
1634 1949 1645 1964 ‚
1674 1937 1710 1959 ac
1743 1936 1820 1959 om-

321 1985 384 2008 vnes
416 1981 448 2006 et
473 1972 623 2018 singulos
648 1974 757 2012 iuris,
776 1982 808 2007 et
832 1972 912 2007 facti
930 1974 1081 2007 defectus
1110 1973 1136 2007 si
1167 1974 1221 2018 qui
1253 1974 1398 2017 desuper
1429 1973 1689 2019 quomodolibet
1720 1973 1818 2006 inter-

325 2021 508 2061 venerint,
536 2021 756 2067 supplemus.
796 2022 1026 2057 Decernentes
1055 2022 1186 2056 easdem
1218 2032 1397 2064 praesentes
1437 2022 1562 2057 litteras
1602 2031 1734 2066 semper
1763 2020 1816 2053 fir-

327 2082 395 2104 mas
423 2069 550 2105 validas
569 2095 579 2110 ‚
605 2080 639 2106 et
669 2071 818 2106 efficaces
847 2071 990 2106 existere
1008 2095 1018 2110 ‚
1048 2071 1117 2106 fore
1146 2095 1156 2111 ‚
1188 2083 1332 2117 suosque
1372 2071 1568 2115 plenarios,
1592 2070 1636 2104 'et
1667 2070 1815 2113 integros

325 2119 465 2153 effectus
495 2119 633 2159 sortiri,
660 2130 693 2154 et
722 2120 905 2159 obtinere,
932 2133 970 2155 ac
1001 2119 1092 2155 illis,
1128 2121 1170 2154 ad
1199 2132 1285 2163 quos
1315 2128 1471 2163 spectat,
1499 2131 1536 2152 ac
1566 2129 1627 2161 pro
1659 2125 1815 2160 ternpore

324 2167 606 2210 quandocumque
633 2167 799 2210 spectabit
825 2168 1015 2210 plenissime
1042 2166 1213 2209 suffragari
1242 2188 1252 2203 ,
1290 2174 1321 2198 et
1350 2166 1389 2198 ab
1420 2165 1459 2199 iis
1491 2166 1682 2209 respective
1711 2165 1818 2199 invio-

326 2212 470 2247 labiliter
498 2213 699 2252 observari3
734 2212 850 2256 sicque
877 2212 908 2245 in
940 2212 1117 2255 praemissis
1150 2224 1210 2256 per
1241 2224 1474 2257 quoscumque
1515 2214 1647 2248 Iudices
1674 2213 1819 2247 Ordina-

327 2261 393 2295 rios
410 2284 420 2300 ,
437 2270 485 2294 ‘et
499 2259 671 2305 delegatos
690 2259 788 2294 etiarn
809 2261 993 2295 Causarum
1023 2259 1140 2293 Palatii
1164 2259 1355 2304 Apostolici
1385 2261 1568 2296 Auditores
1583 2261 1730 2302 judicari
1744 2285 1755 2300 ‚
1783 2268 1818 2295 et

323 2308 455 2344 definiri
485 2308 607 2342 debere
635 2332 645 2347 ,
674 2320 710 2342 ac
738 2307 896 2347 irritum,
922 2316 954 2341 et
984 2308 1077 2340 inane
1118 2331 1128 2346 ‚
1171 2308 1197 2341 si
1237 2319 1332 2342 secus
1373 2319 1471 2354 super
1507 2310 1557 2344 his
1597 2322 1614 2344 a
1645 2321 1815 2355 quoquam

324 2355 440 2403 quavis
472 2355 673 2390 auctoritate
703 2355 847 2390 scienter
867 2380 877 2395 ‚
912 2354 964 2389 vel
993 2355 1185 2401 ignoranter
1211 2357 1393 2400 contigerit
1419 2357 1573 2392 attentari
1598 2370 1608 2397 ;
1637 2357 1814 2402 praemissis

323 2404 462 2450 aliisque
492 2404 523 2437 in
556 2404 762 2440 contrarium
789 2404 992 2439 facientibus
1022 2416 1086 2437 non
1115 2405 1326 2439 obstantibus
1355 2406 1624 2451 quibuscumque
1651 2431 1660 2440 .
1684 2407 1812 2441 Datum

323 2452 438 2488 Romae
467 2453 557 2497 apud
573 2454 607 2487 S.
623 2453 761 2488 Mariam
793 2453 957 2493 Maiorem
991 2453 1052 2486 sub
1082 2453 1219 2489 Annulo
1248 2454 1429 2490 Piscatoris
1456 2455 1510 2490 die
1535 2467 1587 2491 xx.
1605 2453 1810 2501 Septembris

329 2505 435 2546 1736.
461 2501 682 2538 pontificatus
711 2501 831 2537 Nostri
849 2503 948 2538 Anno
982 2502 1161 2547 Septimo.

419 2552 453 2584 f.
475 2552 566 2587 card.
589 2551 757 2588 oliverius
774 2574 784 2584 .

1618 2598 1810 2638 N.XX1X.
