1993 3195
613 250 653 291 C
687 251 727 290 A
759 251 787 290 p
819 249 861 290 U
893 247 931 289 T
994 251 1024 290 I·
1511 268 1564 300 25

84 312 252 356 maniter
278 309 371 350 solet
391 306 588 350 cameram
624 309 665 350 ἱιι
686 308 833 350 Palatio
853 307 1074 364 Apostolico
1090 310 1232 351 hahere
1256 341 1265 351 .
1300 312 1346 352 Si
1357 325 1482 356 autem
1513 295 1567 358 sii

81 371 267 413 Praelatus
284 398 297 417 ,
328 367 387 409 vel
408 367 511 409 alius
532 367 716 424 pinguior
743 367 988 424 beneficiatus
1011 383 1088 410 non
1119 370 1313 412 consuevit
1342 372 1387 410 tle
1418 374 1566 417 Palatio

75 427 330 485 provisionem
352 427 488 468 hahere
507 455 517 466 .
550 427 615 467 Act
627 428 759 469 horum
777 440 903 468 autem
940 426 1103 480 officium
1121 428 1215 486 quid
1223 429 1393 488 pertinet
1411 446 1485 472 non
1502 449 1565 475 ex-

73 486 261 543 primitur
278 515 290 534 ,
323 486 410 541 quia
430 484 522 526 satis
531 485 719 527 notorium
737 495 795 528 est
815 516 827 527 .

194 545 436 586 Procedente
470 557 644 600 tempore
677 544 782 586 adeo
814 544 1387 589 excrevitReferendariorum
1421 562 1568 590 nume-

77 614 146 643 rus
166 629 179 648 ‚
211 616 259 646 ut
302 604 490 645 laudatus
518 602 702 647 Pontifex
736 604 873 647 Sixtus
906 605 956 649 V.
996 619 1070 646 sua
1104 604 1410 653 Constitutione
1465 609 1564 649 anni

79 659 210 714 1586.
232 663 304 719 (ι)
330 677 486 704 summa
517 662 699 705 instituta
717 662 975 720 querimonia
1008 664 1055 710 de
1076 664 1200 706 nimia
1238 664 1487 723 indulgentia
1523 667 1565 709 in

75 718 457 764 Referendariofflm
484 722 689 764 creatione
717 754 730 772 ,
759 737 799 766 et
834 723 882 765 de
914 721 1105 781 pristinae
1142 723 1347 782 dignitatis·
1379 724 1562 767 diminu-

75 776 183 821 tione
218 783 272 824 ob
296 781 530 824 eorumdem
548 781 846 824 multitudinem
867 813 879 831 ‚
899 796 1054 826 certum
1069 782 1134 832 ,‘et
1152 783 1462 825 determinatum
1494 799 1568 826 nu-

74 851 254 890 merum,
287 855 427 898 nempe
447 854 664 883 centenum
684 841 936 900 praescripsit
957 857 970 891 ;
1005 855 1129 896 atque
1164 856 1346 900 expresse
1367 841 1562 893 inhibuit,

74 910 126 939 ne
157 900 237 942 ullo
255 915 442 958 unquam
461 914 636 957 tempore
654 901 882 957 praedictus
897 916 1092 944 numerus
1112 914 1328 960 augeretur
1345 932 1355 942 .
1389 901 1565 943 Eadem-

74 971 154 1012 que
173 960 460 1003 constitutione
497 959 642 1002 deinde
662 959 748 1002 illos
783 961 826 1003 in
854 975 977 1012 suos,
1017 972 1055 1003 et
1085 976 1159 1019 pro
1192 975 1371 1018 tempore
1390 961 1564 1002 existen-

76 1016 124 1058 tis
140 1018 313 1058 Romani
333 1019 536 1060 Pontificis
553 1019 761 1061 familiares
776 1052 789 1069 ,
817 1032 856 1060 et
872 1021 1093 1063 continuos
1115 1020 1398 1062 commensales
1413 1018 1565 1075 gratio-

69 1086 111 1114 se
130 1076 299 1129 recepit,
320 1089 358 1115 et
375 1080 426 1113 ab
442 1077 557 1112 omni
578 1077 698 1130 etiam
716 1076 1004 1124 jurisdictione
1023 1078 1341 1118 Ordinatiorutn
1360 1092 1564 1133 exemptos

71 1130 315 1178 declaravit,
338 1143 376 1172 et
393 1129 638 1186 Apostolicae
670 1130 760 1169 Sedi
796 1130 1022 1171 immediate
1044 1133 1215 1185 subjecit
1234 1159 1247 1177 ,
1271 1136 1489 1175 nobilitatis
1508 1136 1560 1177 ti-

71 1189 156 1232 tulo
179 1189 384 1232 decoravit
402 1220 414 1237 ,
440 1201 478 1229 et
498 1203 603 1230 verce
624 1188 839 1231 nobilitatis
857 1187 1030 1245 insignia
1048 1188 1241 1245 gentilitia
1260 1203 1344 1230 una
1362 1204 1457 1231 curn
1478 1193 1563 1234 suis

71 1244 347 1292 stemmatibus
363 1261 509 1303 gestare
539 1246 732 1297 indulsit;
764 1259 905 1290 caetera
938 1262 1067 1296 Vero,
1101 1261 1200 1301 quae
1218 1263 1449 1304 sequuntur
1479 1250 1565 1306 pri-

73 1308 248 1367 vilegia,
285 1307 388 1363 pene
408 1306 649 1349 coincidunt
675 1307 856 1349 cumillis
885 1307 1070 1364 superius
1095 1307 1286 1363 expressis
1302 1320 1447 1363 praetcr
1465 1309 1564 1351 illud

71 1367 319 1411 eXtensionis
336 1367 460 1408 Bullae
472 1365 663 1421 Bomfzcii
679 1366 801 1415 VIIL,
815 1365 934 1422 (quae
954 1366 1324 1424 incipitStatutum)
1338 1367 1390 1408 ad
1403 1367 1564 1410 eosdem

70 1427 377 1470 Referendarios
398 1455 410 1474 ,
447 1427 548 1468 itaut
579 1426 652 1483 ipsi
671 1440 809 1467 omnes
835 1426 943 1476 sint,
978 1440 1016 1469 et
1049 1441 1129 1468 esse
1163 1438 1403 1467 censeantur
1437 1427 1480 1467 in
1502 1427 1560 1469 di-

73 1488 224 1543 gnitate
257 1485 528 1528 Ecclesiastica
562 1484 800 1532 constituti,
833 1496 874 1526 et
901 1484 1016 1542 Juxta
1048 1484 1352 1543 dispositionem
1382 1485 1564 1542 ejusdem

75 1545 400 1589 Constitutionis
426 1544 645 1601 qualificati
664 1578 677 1596 ‚
703 1544 821 1586 etiam
851 1545 903 1586 ad
933 1545 1010 1587 hoc
1046 1558 1093 1588 ut
1126 1544 1166 1584 in
1195 1559 1340 1587 eorum
1370 1545 1564 1588 manibus

72 1604 285 1663 pensiones
303 1605 439 1654 abiis,
470 1604 541 1660 qui
558 1603 772 1648 sufficienti
803 1603 855 1645 ad
889 1604 966 1646 hoe
990 1605 1178 1647 facultate
1204 1603 1357 1647 suffulti
1391 1604 1561 1654 fuerint,

71 1663 278 1706 transferri
297 1665 481 1713 valeant;
512 1677 549 1706 et
565 1662 803 1720 hujusmodi
836 1665 1118 1707 translationes
1139 1664 1409 1712 Pensionum,
1427 1676 1568 1705 coram

70 1721 167 1779 ipsis
196 1723 314 1767 factae
329 1755 342 1775 ‚
363 1723 511 1767 validae
528 1755 541 1775 ,
557 1737 595 1768 et
609 1724 787 1767 efficaces
820 1723 1024 1775 existant,
1054 1737 1234 1779 suosque
1253 1720 1415 1765 effectus
1430 1721 1572 1766 sortiri.

74 1780 250 1823 debeant
266 1811 275 1821 .

193 1838 416 1880 Occasione
455 1839 588 1878 relatae
606 1840 775 1880 Sixtinae
801 1839 1119 1881 constitutionis
1153 1836 1571 1882 animadvertendum.-

73 1894 289 1943 duximus,
315 1896 465 1935 nullius
481 1897 584 1948 pene
602 1896 793 1937 momenti
824 1912 904 1937 esse
923 1897 1190 1948 quaestionem
1223 1897 1323 1935 illam
1355 1911 1376 1936 a
1394 1897 1567 1940 Moneta,

72 1949 322 2012 promotam,
348 1965 386 1994 et
424 1967 446 1992 a
470 1952 643 1993 Barbosa
666 1951 804 1992 denuo
822 1953 1059 2003 excitatam,
1089 1967 1191 1994 num
1213 1967 1352 2010 nempe
1376 1954 1562 1997 Referen-

73 2013 173 2056 darii
205 2012 248 2053 in
267 2010 584 2055 Conservatores
605 2009 691 2065 eligi
712 2012 878 2067 possint,
891 2026 939 2055 ex
959 2026 1004 2052 ea
1025 2011 1178 2054 ratione
1197 2041 1210 2060 ‚
1244 2012 1358 2068 quod
1375 2014 1562 2068 quamvis

74 2072 263 2116 dicantur
284 2073 430 2114 habere
464 2069 713 2126 Dignitatem
729 2069 847 2112 simul
873 2085 967 2112 cum
983 2071 1115 2113 officio
1134 2102 1148 2121 ‚
1177 2071 1292 2131 juxta
1319 2072 1558 2116 sententiam

77 2131 219 2176 Vestrii
251 2131 292 2174 in
316 2126 439 2189 praxi
469 2127 533 2172 lib.
553 2145 589 2170 1.
633 2144 717 2186 cap.
755 2142 798 2184 3.
852 2130 1006 2172 Gramt.
1044 2130 1144 2187 (2)
1165 2160 1179 2180 ,
1220 2130 1402 2175 Cassanei
1421 2132 1442 2188 (
1462 2132 1523 2188 3)
1546 2163 1560 2183 ,

76 2191 243 2233 Gomesii
260 2192 331 2248 (4)
352 2220 365 2238 ‚
399 2201 436 2233 et
468 2188 690 2231 Carclitznlis
715 2189 892 2235 Jacobat.
920 2188 1021 2246 (5);
1048 2203 1223 2233 attamen
1248 2184 1297 2231 ill'i
1315 2223 1327 2240 ‚
1356 2206 1488 2248 quum
1507 2192 1561 2232 di.

76 2251 265 2308 gnitatem
281 2251 374 2295 vere
392 2263 478 2293 non
500 2249 690 2292 dicantur
717 2248 862 2291 habere
885 2249 927 2290 in
953 2248 1085 2306 aliqua
1113 2248 1286 2292 Ecclesia
1310 2250 1559 2300 Cathedrali‚

1496 2309 1569 2353 vel„

80 2378 1176 2401 ——ffl——ss———n———uu—-nn
1335 2376 1560 2393 ——n——h--n

126 2409 182 2446 (ι)
209 2411 242 2438 ln
261 2410 403 2452 Append.
418 2419 496 2452 pag.
527 2418 579 2449 17.
595 2408 637 2439 ad
655 2417 711 2439 21.
825 2410 896 2451 gin.
913 2419 942 2448 7.
971 2410 1095 2441 Consid.
1121 2420 1172 2440 11.

122 2453 176 2491 (2)
198 2454 296 2483 Nat-n.
312 2463 359 2484 ιο.
874 2455 929 2495 (4)
952 2455 986 2485 In
1005 2455 1191 2497 Conpendio
1219 2454 1257 2487 V.
1275 2454 1306 2485 S.

123 2495 176 2539 (3)
201 2500 237 2529 In
273 2498 418 2540 casalego
443 2499 554 2542 gloriae
582 2496 700 2533 Mundi
719 2506 780 2542 pa-
873 2500 926 2541 (5)
949 2499 1166 2534 Det—Consiliis
1183 2498 1236 2533 lib.
1254 2509 1283 2531 1.
1307 2506 1367 2533 art.
1404 2507 1432 2538 ς.
1449 2508 1482 2531 n.
1500 2507 1530 2539 ς.
