1952 3167
299 308 319 333 2
665 293 729 330 DE
756 292 869 335 JURE
897 288 1178 327 SIGNATURAE
1202 287 1414 333 JUSTITIAE

950 391 1092 438 Num.
1122 391 1156 436 1.

409 486 637 554 PtIvilegia
658 521 673 546 ,
702 494 747 539 ὅτ.
773 488 931 536 Gratiae
950 485 1228 533 Praelatorum
1254 478 1675 532 Referendariorum

788 560 1005 626 utriusque
1042 559 1302 621 Signaturae.

665 691 960 725 PAvas
1005 689 1433 723 EPISCOPvS

559 765 682 799 Servus
708 767 888 799 Servorum
914 762 977 798 Dei
1003 763 1046 797 ad
1060 761 1208 806 futuram
1235 760 1284 797 rea·
1310 759 1527 796 memoriam.

301 869 331 907 1.
365 870 557 956 DEbita
594 871 865 907 consideratione
893 879 1066 916 pensantes
1108 879 1269 916 quantum
1305 867 1519 904 Venerabiles
1555 864 1787 918 matresua:

477 918 593 953 dilecti
610 919 668 954 filii
700 921 733 954 in
751 919 939 954 minoribus
954 919 1155 960 constituti,
1185 920 1359 965 utriusque
1377 917 1561 962 Signaturae
1579 939 1589 955 ,
1617 912 1787 965 supplica-

303 967 435 1000 tionum
466 965 654 1005 videlicet,
679 976 712 1002 et
737 966 1014 1001 commissionum
1048 979 1109 1012 per
1129 980 1189 1002 nos
1219 992 1230 1007 ,
1258 979 1316 1002 seu
1344 966 1377 1000 in
1407 965 1578 1010 praesentia
1605 967 1719 997 nostra
1746 970 1789 994 st-

300 1014 535 1058 gnandarum‚
566 1013 769 1060 infrascripti
799 1014 1033 1049 Referendarii
1058 1017 1191 1056 nostri,
1221 1015 1278 1061 qui
1308 1025 1373 1060 pra:
1402 1013 1529 1049 caeteris
1544 1009 1787 1050 Officialfbuss

297 1072 332 1095 et
360 1061 529 1096 Ministris
546 1062 667 1098 nostris
684 1062 909 1109 propinquius
936 1063 1031 1098 nobis
1048 1065 1206 1100 assistunt
1230 1064 1321 1099 circa
1336 1063 1423 1107 ipsas
1440 1053 1705 1113 supplicationes
1719 1081 1730 1098 2
1754 1064 1789 1091 et

295 1110 553 1146 commissiones
587 1123 649 1156 pro
674 1121 791 1147 nostro
807 1136 816 1152 ‚
843 1121 876 1147 et
892 1113 1098 1158 Apostolicae
1125 1114 1219 1149 Sedis
1252 1115 1381 1148 honore
1399 1136 1410 1152 ‚
1441 1123 1478 1147 ac
1497 1107 1706 1147 Universalis
1722 1106 1789 1161 Ec-

294 1159 404 1195 clesiae
430 1159 597 1199 utilitate,
630 1170 662 1196 et
692 1160 754 1196 alia
783 1161 907 1207 gratis,
943 1172 1101 1207 prompta
1130 1163 1305 1198 voluntate
1337 1162 1500 1196 indefesse
1530 1160 1711 1195 laborant,
1736 1155 1788 1188 di-

295 1219 399 1253 gnum
415 1232 426 1248 ,
461 1209 541 1254 quin
570 1209 681 1254 potius
698 1210 852 1244 debitum
871 1219 1065 1254 reputamus
1079 1235 1090 1251 ,
1107 1220 1145 1246 ut
1161 1210 1236 1247 illos
1250 1209 1404 1255 specialis
1431 1202 1675 1260 benevolentiae
1691 1205 1788 1239 favo-

295 1256 389 1291 ribus
406 1256 653 1301 amplectamur
669 1282 680 1298 ,
706 1270 743 1293 ac
757 1258 926 1302 praeclaris
955 1259 1158 1304 dignitatum
1186 1259 1292 1295 titulis
1320 1259 1546 1297 decoremus,
1570 1264 1603 1290 et
1618 1253 1698 1288 altas
1727 1260 1788 1286 nos

293 1304 342 1340 eis
361 1329 370 1345 ‚
391 1309 414 1352 Ι(
430 1314 532 1349 prout
546 1307 730 1348 convenit)
745 1330 755 1346 ,
787 1306 954 1352 gratiosos
970 1307 1187 1342 exhibeamus
1203 1332 1213 1342 .

391 1354 437 1389 ΙΙ.
469 1354 558 1390 Hinc
573 1364 647 1395 est,
663 1357 754 1400 quod
770 1367 829 1390 nos
846 1354 903 1390 fel.
921 1366 988 1391 rec.
1005 1356 1076 1391 Leo
1090 1379 1100 1391 .
1121 1356 1152 1390 X
1166 1370 1177 1398 ;
1192 1364 1225 1392 et
1238 1355 1430 1391 Clementis
1447 1354 1529 1391 VII.
1546 1353 1785 1405 Romanorum

294 1401 502 1438 Pontificum
531 1406 817 1447 praedecessorum
846 1414 1038 1439 nostrorum
1066 1405 1218 1450 vestigiis
1251 1405 1450 1440 inhaerentes
1477 1426 1490 1443 ‚
1526 1401 1662 1437 eosdem
1692 1396 1790 1453 infra:

292 1449 439 1495 scriptos
468 1450 724 1486 Referendarios
753 1459 909 1491 nostros,
933 1452 994 1497 qui
1020 1452 1179 1491 Praelati,
1204 1464 1244 1486 ac
1277 1454 1376 1487 etiam
1403 1450 1599 1486 Familiares
1631 1455 1788 1500 contmul

292 1497 537 1533 commensales
565 1499 670 1534 nostri
699 1499 876 1538 existunt,
902 1499 1058 1544 condigni
1086 1500 1212 1535 favoris
1239 1500 1370 1545 gratia,
1397 1508 1430 1532 et
1448 1497 1653 1532 excellentiae
1678 1495 1789 1539 digni-

293 1554 400 1581 tatum
430 1545 637 1586 sublhnaoe,
667 1558 704 1581 ac
735 1547 935 1591 opportunis
964 1547 1138 1582 favoribus
1168 1548 1301 1584 munire
1329 1546 1481 1582 volentes
1496 1561 1516 1584 ,·
1541 1545 1704 1590 ipsosque
1723 1541 1788 1576 Re-

227 1612 234 1622 ‹
289 1594 523 1632 ferendarios,
551 1606 589 1629 ac
622 1606 740 1629 eorum
759 1595 909 1640 smgulos
938 1607 955 1630 a
983 1595 1163 1640 quibusvis
1190 1592 1576 1634 excommunicationis,
1595 1590 1789 1637 suspensio·

292 1644 368 1682 nis,
395 1650 431 1676 et
459 1640 655 1682 interdicti,
681 1643 823 1688 aliisque
852 1643 1098 1679 Ecclesiasticis
1125 1643 1297 1680 sententiis
1325 1668 1336 1684 ,
1364 1642 1541 1684 censuris,
1569 1650 1604 1678 et
1632 1639 1739 1687 poenis
1768 1650 1787 1674 a

290 1691 392 1730 iure,
424 1690 479 1725 vel
495 1692 536 1725 ab
549 1691 687 1727 homine
701 1691 820 1738 quavis
833 1692 1013 1728 occasione
1031 1717 1042 1733 ,
1066 1693 1120 1728 vel
1133 1704 1249 1739 ¹causa
1265 1693 1364 1731 latis,
1394 1692 1423 1728 si
1451 1691 1575 1737 quibus
1595 1714 1606 1731 ,
1633 1689 1688 1725 vel
1704 1699 1787 1734 quo-

289 1738 483 1774 modolibet
508 1738 658 1776 innodati
691 1740 867 1781 existunt,
893 1742 933 1776 ad
962 1741 1115 1776 effectum
1142 1742 1358 1788 praesentium
1374 1743 1550 1777 dumtaxat
1580 1748 1789 1783 consequen·

290 1788 372 1822 dum
401 1789 519 1823 harum
537 1789 623 1824 serie
642 1789 853 1825 absolventes
873 1814 884 1830 ,
914 1798 949 1825 et
977 1789 1152 1826 absolutos
1177 1791 1252 1825 fore
1280 1787 1476 1830 censentes,
1505 1799 1602 1825 motu
1621 1785 1786 1835 proprio,

290 1848 355 1870 non
389 1836 429 1870 ad
464 1837 615 1882 ipsorum
635 1838 980 1879 Referendariorum‚
1009 1838 1063 1874 vel
1090 1838 1236 1876 'aliorum
1268 1850 1330 1885 pro
1363 1838 1409 1875 eis
1436 1849 1540 1885 super
1571 1839 1637 1873 hoc
1662 1835 1785 1872 oblatae

288 1884 466 1929 petitionis
493 1885 707 1928 instantiam,
734 1887 792 1923 sed
818 1889 861 1924 de
877 1896 991 1923 nostra
1010 1898 1100 1924 mera
1126 1887 1367 1924 deliberatione
1381 1913 1391 1929 ‚
1417 1896 1452 1924 et
1470 1900 1511 1924 ex
1527 1895 1621 1923 certa
1640 1884 1785 1922 scientia

291 1933 493 1970 auctoritate
518 1935 718 1981 Apostolica
757 1945 876 1972 tenore
903 1938 1121 1982 praesentium
1154 1940 1310 1983 praefatos
1340 1937 1600 1973 Referendarios
1623 1960 1634 1976 ‚
1662 1942 1697 1969 et
1724 1943 1785 1987 <30-

288 1992 365 2016 rum
395 1981 547 2029 singulos
565 2007 577 2024 ,
615 1985 673 2030 qui
689 1985 849 2023 Praesules
863 1998 928 2021 non
945 1995 1046 2026 sunt,
1074 1999 1112 2023 ac
1143 1987 1226 2022 alios
1239 1987 1497 2032 infrascriptos,
1516 1995 1551 2021 et
1575 1994 1694 2021 eorum
1711 1991 1781 2015 sin-

287 2029 386 2075 gulos
423 2031 456 2066 in
492 2042 625 2069 nostros
643 2057 654 2073 ,
682 2044 715 2069 et
740 2036 839 2072 dictae
866 2035 961 2071 Sedis
1000 2036 1164 2072 Notarios
1209 2035 1356 2082 gratiose
1379 2035 1610 2085 recipimus„
1627 2039 1780 2074 eosque,

287 2087 322 2113 et
347 2079 455 2120 alim,
486 2082 544 2127 qui
564 2082 723 2119 Praesules
752 2084 928 2124 existunt,
955 2096 994 2119 ac
1016 2097 1134 2120 eorum
1163 2084 1314 2129 singulos
1341 2084 1373 2117 in
1388 2085 1476 2117 Sacri
1492 2080 1634 2117 Palatii,
1665 2086 1697 2112 et
1712 2077 1783 2112 Au-

288 2124 328 2160 1ae
357 2127 585 2165 Lateranensis
605 2133 762 2167 Comites
776 2156 787 2172 ,
815 2143 876 2166 nec
893 2143 959 2165 non
977 2155 989 2171 ,
1014 2131 1074 2175 qui
1099 2131 1230 2166 nobiles
1255 2142 1324 2164 non
1339 2139 1416 2164 sunt
1433 2152 1444 2169 ‚
1467 2128 1596 2163 nobiles
1611 2127 1752 2162 facimus
1767 2148 1780 2164 ,

288 2174 558 2216 constituimus,
587 2178 809 2218 ordinamus,
833 2187 869 2211 et
897 2180 1127 2221 deputamus,
1155 2188 1193 2212 ac
1223 2178 1466 2218 nobilstamus,
1499 2188 1560 2213 nec
1590 2188 1656 2211 non
1687 2173 1781 2210 nobi·

287 2221 393 2256 litatis
409 2221 535 2263 titulo,
571 2233 604 2258 et
627 2226 743 2260 favore
769 2227 970 2261 decoramus
986 2249 996 2265 ,
1029 2237 1066 2261 ac
1096 2226 1241 2261 aliorum
1266 2235 1460 2262 nostrorum
1479 2251 1491 2266 ‚
1524 2234 1557 2262 et
1571 2224 1665 2261 Sedis
1696 2233 1780 2268 prae-

288 2270 386 2304 dictae
415 2270 664 2313 Notariorum,
692 2286 754 2308 nec
784 2286 849 2308 non
876 2273 1020 2314 Palatii,
1048 2283 1082 2309 et
1100 2275 1197 2310 Aulae
1222 2275 1418 2316 hujusmodi
1444 2276 1624 2312 Comitum
1642 2297 1653 2313 2
1681 2284 1718 2307 ac
1735 2283 1778 2307 ex

288 2330 414 2363 magno
446 2319 615 2356 Baronum
632 2346 643 2361 ,
674 2331 707 2356 et
735 2322 913 2358 Nobilium
937 2334 1059 2368 genere
1074 2332 1331 2368 procreatorum
1349 2336 1492 2359 numero
1511 2349 1521 2365 ‚
1551 2333 1584 2359 et
1602 2319 1776 2358 consortio

288 2366 520 2404 favorabiliter
552 2382 797 2416 aggregamus,
831 2383 957 2416 eosque
986 2372 1143 2418 deinceps
1173 2373 1301 2408 nobiles
1327 2385 1425 2414 esse,
1455 2385 1492 2410 ac
1523 2385 1585 2418 pro
1602 2369 1773 2407 nobilibus

289 2417 468 2469 reputari,
499 2418 689 2458 nominari,
718 2419 852 2459 teneri,
883 2421 1036 2460 censeri,
1068 2430 1100 2456 et
1122 2421 1289 2462 iudicari,
1307 2434 1343 2457 ac
1376 2423 1417 2457 de
1436 2425 1556 2458 caetero
1584 2421 1616 2456 in
1637 2419 1776 2466 quibus-

284 2475 338 2497 Vls
366 2466 644 2502 concessionibus
671 2491 682 2507 ,
709 2478 743 2503 et
775 2469 879 2504 literis
898 2493 909 2508 ,
938 2476 1004 2504 tam
1032 2469 1198 2515 gratiam,
1228 2482 1326 2515 quam
1355 2471 1521 2511 justitiam
1548 2465 1772 2506 concernenti-

287 2513 377 2552 bus,
406 2525 424 2547 a
450 2517 572 2556 nobis,
597 2529 658 2553 seu
686 2517 768 2553 Sede
794 2518 955 2564 praedicta
981 2517 1170 2564 impetratis
1188 2541 1200 2559 ,
1231 2530 1293 2555 seu
1327 2520 1572 2566 impetrandis,
1589 2519 1643 2556 vel
1672 2517 1719 2552 eis
1750 2526 1769 2549 8

1060 2568 1063 2569 ⁷
1647 2566 1768 2607 nobis,
