2075 3167
423 300 480 355 4⁸0
724 280 804 323 Dr:
830 277 964 330 June
993 271 1622 326 SIGNATURAE'JUSTITIAE

426 345 609 405 ejusdem
624 343 794 398 Regesto
821 341 1066 399 deprompsit
1082 338 1291 380 Fatinellus
1311 337 1406 394 (1);
1420 339 1460 379 in
1473 353 1517 380 ea
1533 349 1713 390 namque
1730 367 1743 386 ,
1774 333 1921 378 suffra-⁸

427 405 616 465 gantibus
651 399 974 443 Eminentissimo
996 398 1132 440 Flavio
1162 398 1290 439 Cbisio
1328 398 1559 444 Praefecto,
1593 396 1759 446 Bussio,
1801 397 1920 437 Muto

427 467 474 508 de
490 461 741 520 Ραραζζιιιϊὶε
757 490 770 508 ,
795 459 991 501 Bentiuolo
1011 490 1023 507 ‚
1060 457 1217 499 Telonio
1234 489 1246 506 ‚
1280 457 1430 500 Ginetto
1450 488 1462 507 ‚
1496 455 1662 497 Bernino
1679 486 1692 504 ‚
1720 466 1758 496 et
1777 453 1924 495 Filica-

417 524 465 582 ja
481 522 664 575 ejusdem
683 520 926 575 Signaturae
963 516 1261 559 Referendariis
1305 516 1554 558 vorantibus
1574 546 1586 564 ,
1610 514 1813 554 decretum
1826 510 1923 559 fuit,

431 583 543 639 quod
564 583 605 622 in
621 592 822 637 posterum
841 591 926 617 non
954 577 1221 617 admittantur
1238 575 1406 632 amplius
1422 573 1592 617 Praelati
1612 573 1651 613 in
1674 571 1888 629 Signatum
1907 600 1923 620 ,

432 653 515 684 tam
545 640 597 682 illi
619 669 632 687 ,
667 638 738 695 qui
757 648 897 679 emunt
916 635 1086 681 Officia,
1118 649 1241 690 quam
1278 635 1342 675 alii
1363 663 1375 681 ,
1409 634 1481 691 qui
1499 631 1796 690 quoquomodo
1819 629 1928 672 obti-

436 713 535 743 nent
561 698 827 741 Praelaturam
844 726 857 744 ,
887 695 962 736 nisi
979 693 1091 750 prius
1115 693 1156 734 in
1177 693 1315 735 eadem
1331 694 1547 750 signatura
1581 690 1742 733 admissi
1774 689 1928 732 fuerint

439 759 492 800 ad
511 772 684 801 examen
704 787 717 805 ,
744 755 1017 813 proponendo
1035 752 1150 806 juxta
1171 767 1321 794 rnorem
1335 754 1437 794 duas
1455 751 1771 795 Commissiones
1792 749 1833 790 in
1850 748 1929 790 for·

424 833 501 860 τηε
530 818 622 875 ipsis
646 815 936 873 assignandas,
968 826 1006 854 et
1025 813 1178 854 fuerint
1207 812 1428 854 successive
1457 811 1702 854 Votantium
1736 806 1927 865 suffragio

439 877 649 935 approbati
668 905 681 924 ,
715 890 759 918 ac
796 872 1062 930 praestiterint
1091 869 1237 912 deinde
1270 871 1432 912 solitum
1462 869 1740 927 juramentum
1768 884 1781 918 ;
1820 880 1926 921 quae

440 935 607 988 quidem
637 933 824 977 resolutio
847 931 1086 973 confirmata
1107 929 1185 971 fuit
1206 929 1248 969 in
1276 930 1514 985 Signaturae
1536 942 1759 985 congressu
1778 957 1791 975 ,
1816 924 1928 967 habi·

435 1005 481 1035 v‘to
499 994 575 1033 sub
590 993 651 1032 die
673 1006 723 1044 23
760 989 890 1046 aprilis
915 989 1092 1042 ejusdem
1109 986 1207 1026 anni
1225 988 1389 1041 praevio
1406 987 1615 1028 maturiori
1643 985 1823 1027 examine
1840 1013 1854 1032 ,
1882 995 1929 1024 ac

439 1047 753 1106 suffragantibus
772 1048 890 1089 etiam
909 1045 1123 1086 Crescentio
1154 1045 1322 1084 Decano
1334 1074 1349 1093 ,
1375 1055 1413 1086 et
1432 1044 1575 1086 Ursino
1593 1041 1778 1097 ejusdem
1794 1040 1932 1099 Signa·

441 1122 554 1152 turae
588 1106 866 1150 vorantibus.

559 1164 782 1219 Juramenti
815 1176 911 1203 vero
949 1160 1121 1202 formula
1158 1174 1180 1200 a
1200 1159 1406 1202 Factinello
1441 1159 1638 1211 refertur,
1672 1171 1828 1203 aream
1856 1173 1932 1204 nos

435 1226 663 1269 &habuimus
690 1224 712 1266 ὲ
732 1221 913 1279 quodam
934 1219 1089 1261 Codice
1109 1219 1419 1262 membranaceo
1448 1220 1537 1261 MS.
1556 1237 1568 1270 3
1603 1220 1675 1277 qui
1702 1220 1866 1263 extabat
1885 1220 1930 1263 in

442 1282 692 1328 Bibliotheca
725 1279 920 1324 Praesulis
939 1278 1109 1332 joannis
1132 1277 1332 1320 Francisci
1349 1279 1396 1320 de
1417 1279 1651 1323 Abbatibus
1681 1277 1886 1327 Oliveriis,
1906 1294 1931 1322 a

444 1343 614 1385 Secretis
634 1339 973 1400 Congregationis
985 1338 1013 1379 F
1018 1337 1174 1380 rubricae
1191 1338 1230 1378 S.
1248 1338 1366 1387 Petri,
1393 1353 1565 1396 eamque
1598 1339 1664 1382 hic
1685 1329 1934 1382 transcribe-

444 1402 700 1446 seduximus
717 1433 727 1443 ο

609 1462 794 1506 Formula
820 1459 1062 1509 linamenti,
1086 1461 1188 1517 quod
1202 1469 1425 1515 praestatur
1455 1475 1478 1502 a
1495 1459 1766 1517 Referendario

1021 1520 1075 1560 D.
1106 1520 1162 1561 N.
1188 1520 1340 1577 Papae.

565 1585 656 1642 Ego
670 1584 726 1625 N.
749 1581 909 1626 Domini
925 1583 1052 1637 Papae
1069 1578 1365 1634 Refer-endarius
1380 1582 1428 1623 ab
1447 1583 1519 1623 bac
1537 1583 1627 1624 bora
1646 1579 1687 1620 in
1708 1588 1822 1622 antea
1832 1577 1932 1637 ᾐόσι

443 1643 493 1688 lis
513 1658 576 1685 ero
588 1645 634 1685 Β.
649 1644 761 1685 Petro
777 1674 790 1692 ‚
821 1644 1060 1696 Sanctaeque
1076 1640 1124 1681 R.
1144 1640 1196 1680 Ε.
1210 1668 1223 1686 ,
1250 1650 1288 1681 et
1306 1641 1473 1684 Domino
1493 1656 1578 1682 meo
1598 1640 1767 1682 Domino
1787 1639 1931 1696 Papae,

449 1702 605 1759 ejusque
635 1701 912 1744 successoribns
942 1699 1125 1742 canonice
1141 1698 1373 1742 intrantibus
1390 1732 1404 1751 ‚
1433 1716 1509 1744 non
1534 1716 1599 1743 ero
1618 1699 1778 1754 infacto
1797 1729 1810 1748 ,
1844 1713 1938 1740 con-

449 1761 536 1803 silio
551 1792 564 1810 ,
580 1761 648 1803 vvel
670 1776 854 1803 consensu
876 1790 887 1808 ,
916 1759 1021 1816 quod
1052 1757 1170 1799 vitam
1188 1759 1358 1814 perdant
1372 1791 1385 1809 ,
1412 1774 1481 1803 aut
1510 1761 1720 1801 membrum
1742 1790 1753 1808 ‚
1787 1759 1850 1798 vel
1867 1772 1936 1799 ca-

447 1819 606 1878 piantur
635 1820 735 1860 mala
764 1819 939 1875 captione
958 1848 967 1857 .
1007 1817 1218 1858 Consilium
1239 1847 1253 1864 ‚
1288 1821 1395 1871 quod
1424 1834 1496 1872 per
1525 1833 1569 1856 vse
1601 1847 1614 1866 ,
1642 1818 1703 1858 vel
1731 1815 1935 1857 Nuncium

449 1893 561 1921 suum
581 1909 594 1927 ,
619 1892 685 1919 seu
701 1876 849 1919 litteras
872 1875 965 1918 mibi
981 1873 1166 1918 credituri
1183 1882 1274 1914 sunt
1291 1902 1304 1920 ,
1320 1874 1432 1932 signo
1452 1903 1464 1922 ,
1494 1875 1608 1916 verbo
1624 1905 1638 1922 ,
1666 1876 1730 1915 vel
1745 1886 1843 1914 nutu
1875 1883 1938 1915 me

450 1936 590 1979 sciente
625 1936 676 1974 ad
709 1947 838 1975 eorum
870 1936 1054 1974 damnum
1074 1962 1086 1979 ,
1124 1946 1188 1971 seu
1201 1931 1487 1984 praejudicium
1522 1931 1623 1971 nulli
1647 1931 1819 1985 pandam
1840 1960 1849 1970 .
1887 1931 1934 1973 Si

447 1996 638 2036 damnum
663 2006 788 2034 eorum
801 1991 965 2033 tractari
988 1989 1131 2031 scivero
1153 2019 1162 2034 ‚
1173 2002 1250 2044 pro
1260 2002 1378 2044 posse
1411 2003 1496 2031 meo
1524 1988 1733 2046 impediam
1767 2004 1816 2031 ne
1820 1989 1932 2046 fiat:

451 2053 555 2111 quod
571 2052 604 2094 si
615 2065 687 2109 per
701 2065 763 2092 me
776 2050 967 2107 impedire
983 2063 1057 2090 non
1071 2061 1222 2104 possem
1244 2075 1257 2093 ‚
1285 2062 1354 2101 per
1379 2048 1557 2089 nuntium
1575 2077 1588 2095 ‚
1622 2059 1694 2090 aut
1710 2049 1860 2092 litteras
1878 2049 1935 2092 eis

453 2110 674 2170 significare
693 2142 706 2161 ‚
729 2110 788 2152 vel
809 2109 865 2153 illi
880 2139 893 2157 ‚
920 2120 1114 2165 perquem
1134 2105 1244 2146 citius
1260 2106 1313 2145 ad
1328 2107 1503 2148 notitiam
1522 2108 1734 2150 deducatur
1755 2140 1765 2149 .
1802 2111 1935 2166 Papa-

457 2182 537 2212 tum
557 2171 772 2212 Romanum
788 2196 802 2216 ,
834 2181 870 2208 et
896 2163 1054 2223 Regalia
1087 2165 1133 2204 B.
1155 2163 1285 2213 Petri,
1312 2180 1348 2205 et
1364 2166 1492 2208 omnia
1529 2168 1623 2215 Jura
1639 2169 1836 2211 Romanae
1853 2170 1934 2211 Ec-

457 2225 590 2272 clesiae
608 2260 621 2278 ,
647 2242 745 2286 quae
759 2226 873 2268 babet
901 2225 1038 2281 ubique
1050 2224 1301 2265 manutenebo
1318 2225 1406 2267 totis
1423 2226 1569 2267 viribus
1584 2257 1596 2275 ,
1630 2241 1666 2269 et
1694 2226 1899 2282 defendam
1918 2257 1930 2270 .

454 2286 632 2342 Officium
651 2284 1003 2341 Referendariatus,
1025 2280 1120 2323 mibi
1147 2295 1171 2320 a
1197 2281 1366 2325 Domino
1385 2286 1457 2325 ΡΡ.
1477 2285 1731 2337 commissum,
1749 2289 1838 2329 bene
1854 2319 1868 2337 ,
1892 2297 1933 2330 et

446 2345 621 2405 fideliter
639 2360 773 2403 geram
796 2375 806 2386 .
841 2344 880 2385 A
899 2342 1010 2385 donis
1023 2371 1035 2392 ,
1056 2338 1276 2384 muneribus
1292 2374 1306 2393 ,
1332 2358 1368 2386 et
1381 2345 1507 2388 xeniis
1521 2343 1719 2390 abstinebo
1739 2376 1752 2396 ‚
1778 2362 1815 2389 et
1829 2361 1933 2390 meos

1808 2405 1938 2461 fami-

505 2534 558 2576 (1)
585 2536 658 2575 Pag.
676 2542 754 2575 203,
772 2534 811 2566 de
825 2534 1006 2567 Votantium
1036 2535 1159 2577 Signat.
1177 2533 1332 2577 collegio.
