1952 3167
256 347 280 381 6
621 345 682 381 DE
709 344 822 389 JURE
857 345 1143 382 SIGNATURAE
1170 344 1390 388 JUSTITIAE

258 395 467 442 promulgari
494 394 698 442 contigerit,
739 405 771 432 et
799 407 1021 442 quaecumque
1066 396 1143 430 inde
1186 403 1355 440 sequuta,
1387 392 1481 430 nulla
1506 417 1517 435 ,
1552 393 1677 436 irrita,
1712 398 1747 429 et

257 444 366 480 inania
385 470 394 484 ‚
423 444 612 489 nulliusque
627 446 756 481 roboris
769 469 778 484 ‚
814 444 867 480 vel
889 444 1047 480 momenti
1066 444 1137 479 fore
1152 469 1162 484 ‚
1191 454 1223 477 et
1242 455 1312 478 csse
1329 466 1338 476 .
1519 464 1524 470 ·

308 495 367 528 xl.
395 495 574 530 Coeteium
611 493 853 531 Referendaris
870 518 881 535 ,
927 503 962 529 et
991 493 1065 528 aliis
1099 492 1264 537 praedictis
1282 515 1292 530 ,
1309 502 1346 526 ae
1364 501 1481 525 eorum
1507 490 1647 536 singulis
1672 515 1684 532 ,
1710 498 1747 526 ut

260 542 373 579 literas
401 545 584 590 gratiarum
616 546 906 589 expectativarum
941 553 1017 577 cum
1040 541 1085 575 eis
1109 539 1313 587 generaliter
1351 538 1490 573 concedi
1529 539 1710 586 contigerit
1735 565 1746 582 ‚

261 594 385 638 absque
415 594 478 629 alia
491 594 669 640 Sigratura
700 593 846 637 desuper
878 591 1084 630 obtinenda,
1116 591 1158 624 ad
1186 598 1250 623 tres
1285 587 1482 624 collationes
1511 600 1571 633 per
1598 588 1748 634 singulos

261 653 380 678 eorum
410 643 604 688 eligendas,
633 652 664 676 et
689 641 825 675 totidem
867 639 1027 675 beneficis
1060 638 1158 674 etiam
1177 650 1256 673 cum
1287 637 1456 673 creatione
1484 636 1515 671 in
1532 637 1750 674 canonicum

259 703 557 738 quorumcumque
589 691 694 726 trium
724 688 980 724 cathedralium
997 714 1006 730 ‚
1034 688 1132 723 etiam
1152 685 1494 733 Metropolitanarum
1515 710 1526 728 ,
1554 688 1608 722 vel
1625 685 1748 722 Colle-

261 741 431 786 giatarum
461 741 687 777 ecclesiarum
718 740 780 775 sub
800 737 1033 785 expectatione
1059 737 1201 772 totidem
1228 736 1311 772 inibi
1340 737 1592 781 praebendarum
1608 761 1619 777 ‚
1644 735 1749 771 etiam

259 792 427 829 majorum
444 814 453 829 ‚
487 800 519 825 et
536 789 751 836 pinguiorum
768 812 779 829 ,
805 800 842 824 ac
867 788 1070 833 dignitatum
1090 811 1101 827 ,
1132 797 1350 829 personarum
1374 809 1386 826 ,
1417 784 1751 822 administrationum

259 847 295 872 et
311 838 498 875 officiorum
528 863 539 879 ,
580 839 680 874 etiam
709 847 930 876 curatorum,
955 846 989 872 et
1015 836 1238 871 electivorum
1257 859 1268 876 ,
1305 847 1343 870 ac
1374 834 1581 870 ferculorum
1613 859 1624 876 ,
1664 832 1750 868 obli-

260 889 436 932 gationum
455 913 465 929 ,
485 888 756 924 addimentorum
772 910 782 926 ,
817 886 1124 931 praestimoniorum
1154 908 1167 925 ,
1189 897 1248 920 seu
1276 883 1590 930 praestimonialiurn
1619 883 1750 929 portio·

260 946 365 975 num,
394 945 451 970 aut
467 936 673 980 simplicium
696 936 964 973 beneficiorum,
991 933 1118 973 unius,
1144 934 1291 968 duorum
1320 957 1331 973 ,
1366 933 1419 966 vel
1448 931 1599 976 plurium
1630 932 1749 966 ceden-

258 985 344 1018 tium
362 1005 372 1019 ‚
402 983 456 1020 vel
481 984 718 1018 decedentium
748 982 893 1027 ipsarum
925 981 1177 1021 Ecclesia-um,
1206 981 1463 1016 Canonicorum
1487 1004 1498 1020 ‚
1525 992 1585 1016 seu
1610 980 1688 1015 alias
1716 980 1750 1015 in

259 1043 374 1066 earum
404 1031 640 1071 Civitatibus,
670 1042 729 1065 seu
748 1029 963 1065 Dioecesibus
990 1030 1295 1068 beneficiatorum,
1336 1039 1395 1064 aut
1424 1030 1464 1063 ad
1492 1030 1556 1064 tria
1581 1028 1751 1066 Beneficia

258 1079 515 1120 Ecclesiastica,
543 1080 673 1115 etiamsi
696 1081 765 1115 duo
792 1078 928 1114 illorum
958 1091 1036 1115 cum
1064 1090 1170 1120 cura,
1196 1087 1254 1114 aut
1278 1079 1474 1114 Decanatus
1503 1103 1514 1119 ‚
1546 1077 1599 1113 vel
1630 1077 1752 1114 Archi-

259 1130 516 1177 presbyteratus
562 1129 687 1164 rurales
718 1153 731 1175 ,
764 1141 823 1164 seu
850 1128 993 1164 Vicariae
1033 1153 1044 1169 ,
1085 1126 1141 1163 vel
1170 1127 1399 1174 Cappellaniae
1442 1136 1614 1172 perpetuae
1646 1152 1658 1168 ,
1691 1126 1751 1172 qui

257 1180 404 1224 velquae
421 1178 628 1224 dignitates,
662 1178 763 1213 etiam
793 1187 915 1213 curatae
940 1186 1036 1212 extra
1050 1188 1160 1212 tamen
1187 1177 1406 1212 Cathedrales
1436 1176 1599 1211 Ecclesias
1628 1187 1750 1221 reprae-

260 1236 436 1263 sententur
455 1251 466 1267 ‚
495 1235 550 1262 aut
573 1227 778 1273 dignitates,
807 1226 860 1261 vel
881 1234 1100 1271 personatus,
1127 1237 1185 1260 seu
1210 1225 1350 1274 singula,
1370 1235 1488 1260 eorum
1519 1226 1751 1260 Canonicatus

261 1285 295 1311 et
312 1277 499 1321 praebendae
516 1275 761 1310 administratio
778 1298 788 1315 ,
807 1276 860 1308 vel
877 1275 1027 1310 officium
1043 1298 1054 1313 ,
1079 1274 1180 1308 etiam
1215 1283 1371 1308 curatum
1389 1297 1401 1313 ,
1436 1282 1469 1307 et
1497 1273 1682 1308 electivum
1715 1273 1750 1308 in

259 1324 528 1360 cathedralibus
544 1348 554 1364 ‚
583 1324 684 1359 etiam
712 1322 1008 1367 Metropolitanis,
1033 1322 1086 1357 vel
1118 1321 1322 1366 Collegiatis
1357 1321 1515 1357 Ecclesiis
1531 1345 1541 1361 ‚
1559 1331 1616 1358 aut
1643 1334 1749 1358 unum

264 1386 304 1410 ex
321 1375 368 1409 eis
382 1387 460 1410 cum
492 1383 571 1408 cura
590 1396 600 1412 ‚
625 1373 680 1408 vel
700 1372 772 1407 sine
795 1383 874 1406 cura
889 1396 900 1412 ,
927 1371 1077 1411 cujusvis
1096 1369 1237 1406 Ordinis
1255 1370 1422 1416 Regulare
1437 1394 1447 1411 ,
1473 1371 1601 1406 etiamsi
1618 1371 1749 1404 Priora-

265 1433 320 1458 tus
339 1447 350 1462 ‚
378 1422 601 1467 l'raepositura
618 1445 628 1462 ,
661 1421 899 1465 Praepositatus
915 1443 926 1459 ‚
952 1419 1007 1455 vel
1021 1420 1084 1454 alia
1102 1420 1270 1465 dignitas,
1299 1431 1363 1454 non
1392 1428 1497 1454 tamen
1526 1419 1748 1454 Conventua-

265 1472 308 1507 lis
330 1495 340 1511 ,
354 1479 550 1517 personatus
569 1493 581 1508 ,
599 1469 845 1503 administratio
860 1493 870 1508 ,
887 1468 940 1502 vel
954 1469 1102 1502 officium
1120 1490 1131 1506 ,
1161 1467 1262 1500 etiam
1274 1476 1431 1501 >curatum
1445 1490 1456 1506 ,
1482 1474 1516 1500 et
1531 1466 1715 1503 electivum
1729 1490 1747 1507 ,,

263 1529 453 1556 nontamen
489 1517 703 1558 claustrale,
730 1528 767 1550 ac
786 1515 869 1551 illud
889 1539 899 1555 ‚
924 1515 978 1551 vel
995 1527 1098 1550 unum
1127 1527 1170 1550 ex
1189 1516 1402 1550 saecularibus
1428 1515 1600 1550 beneficiis
1630 1516 1752 1554 hujus-

262 1569 380 1608 modi,
407 1580 448 1602 ex
464 1567 582 1611 quavis
609 1577 724 1600 caussa
739 1564 954 1609 dispositioni
979 1564 1187 1610 Apostolicae
1212 1562 1427 1608 specialiter,
1452 1564 1506 1598 vel
1522 1575 1582 1608 per
1598 1563 1749 1600 Cancel-

260 1617 349 1652 lariae
386 1614 594 1660 Apostolicae
620 1612 778 1662 regulas,
807 1612 958 1647 autalias
987 1624 1027 1648 ex
1042 1612 1162 1659 quavis
1188 1624 1308 1651 causa,
1341 1613 1441 1647 etiam
1470 1614 1513 1647 de
1544 1613 1748 1648 necessitate

256 1665 473 1711 exprimenda
489 1687 499 1702 ‚
525 1670 747 1708 praeterquam
774 1661 900 1697 ratione
927 1661 1107 1696 {acationis
1137 1660 1226 1696 iliius
1252 1661 1341 1706 apud
1367 1661 1488 1696 Sedem
1525 1662 1747 1706 praedictam,

255 1724 314 1751 aut
333 1711 564 1749 familiaritatis
592 1711 760 1747 continuae
786 1710 1099 1746 Commensalitatis
1123 1720 1267 1750 nostrae,
1302 1720 1358 1745 aut
1375 1709 1517 1750 alicujus
1546 1723 1588 1746 ex
1622 1711 1749 1746 Sanctae

256 1766 418 1799 Romanae
451 1760 606 1796 Ecclesiae
622 1760 864 1796 Cardinalibus
892 1759 1086 1795 viventibus
1103 1784 1114 1799 ,
1146 1768 1179 1793 et
1201 1760 1231 1794 in
1248 1759 1402 1794 Romana
1447 1759 1553 1794 Curia
1580 1759 1749 1805 praesenti-

254 1816 318 1849 bus
334 1836 344 1852 ,
370 1822 516 1856 quorum
534 1811 714 1844 consensus
744 1810 996 1856 requireretur,
1025 1807 1229 1855 generaliter
1257 1817 1426 1843 reservata
1454 1808 1601 1844 existant
1627 1833 1638 1849 ‚
1664 1819 1749 1856 quo-

256 1874 332 1898 rum
350 1861 507 1900 fructus,
543 1858 724 1900 redditus,
753 1868 786 1894 et
816 1867 1001 1904 proventus
1029 1858 1230 1893 ducatorum
1258 1858 1480 1893 ducentorum
1509 1857 1582 1893 auri
1613 1860 1656 1893 de
1683 1859 1751 1894 Ca·

255 1921 374 1949 mera,
403 1909 588 1944 secundum
605 1908 809 1944 taxationem
841 1908 980 1943 decimae
997 1931 1008 1948 ,
1033 1907 1187 1942 valorem
1215 1919 1360 1942 annuum
1388 1919 1455 1942 non
1472 1907 1660 1949 excedant3
1689 1918 1750 1942 εκ-

257 1960 383 1995 <ulam
411 1958 573 1993 videlicet
597 1970 658 2003 per
686 1958 775 2003 ipsos
804 1959 836 1993 in
867 1957 1054 1993 minoribus
1082 1957 1284 1992 constitutos
1313 1959 1346 1991 in
1374 1955 1514 1992 titulum
1541 1981 1553 1998 ‚
1583 1955 1749 2004 regularia

257 2019 342 2044 vero
368 2007 399 2041 in
421 2007 668 2042 Commendam
684 2030 693 2041 .
714 2009 766 2042 Ac
790 2015 857 2042 tam
888 2006 1080 2052 regularia,
1107 2018 1206 2051 quam
1234 2004 1404 2041 saecularia
1442 2006 1606 2041 beneficia
1632 2006 1747 2045 huius-

258 2058 351 2092 modi
371 2067 433 2102 per
447 2056 607 2091 Praesules
624 2056 883 2091 Referendarios
925 2058 957 2091 in
972 2056 1208 2091 commendam
1247 2055 1424 2090 retinenda
1451 2079 1463 2094 ‚
1506 2053 1608 2088 etiam
1649 2061 1743 2088 extra

258 2105 442 2140 Nationem
462 2129 474 2145 ,
500 2106 530 2139 in
557 2117 622 2151 qua
654 2105 781 2140 idioma
810 2117 875 2140 non
907 2105 1102 2150 intelligunt
1125 2128 1136 2144 ,
1167 2115 1230 2148 pro
1267 2104 1314 2136 eis
1333 2126 1343 2142 ,
1377 2111 1411 2136 et
1439 2113 1558 2136 eorum
1589 2101 1746 2146 quolibet

259 2165 338 2187 cum
372 2154 631 2192 reservationis,
658 2153 891 2191 inhibitionis,
921 2161 954 2185 et
987 2150 1114 2185 decreti
1140 2173 1151 2188 ‚
1180 2161 1217 2184 ac
1250 2148 1323 2182 aliis
1352 2148 1511 2184 clausulis
1543 2150 1744 2195 opportunis

260 2201 444 2246 expedire,
469 2201 551 2235 acin
568 2224 579 2239 ,
606 2209 640 2234 et
662 2202 725 2233 sub
754 2200 821 2233 illis
848 2200 1176 2243 compraehensorum
1204 2207 1503 2242 quorumcumque
1532 2210 1610 2234 cum
1636 2210 1744 2240 eura,

261 2257 297 2284 et
321 2250 391 2284 sine
422 2259 503 2283 cura
527 2246 744 2282 soecularium
759 2271 769 2286 ,
797 2255 830 2281 et
847 2246 1053 2292 regularium
1079 2247 1325 2291 cujuscumque
1339 2245 1511 2291 qualitatis
1527 2247 1746 2284 existentium

260 2296 510 2333 Beneficiorum
532 2295 841 2331 Ecclesiasticorum
871 2296 1105 2333 assecutione,
1133 2294 1409 2340 quibuscumque
1436 2294 1510 2330 aliis
1529 2296 1630 2331 nullis
1650 2307 1749 2342 pror-

262 2358 316 2382 sus
330 2351 503 2391 ,(praeter
517 2357 616 2391 quam
645 2346 770 2379 Sanctae
787 2345 948 2379 Romanae
977 2343 1134 2380 Ecclesiae
1161 2341 1399 2379 Cardinalibus
1415 2347 1428 2388 )
1442 2369 1453 2384 ‚
1481 2345 1632 2391 exceptis
1649 2369 1660 2384 ,
1676 2357 1749 2381 om-

262 2396 341 2431 nino
357 2393 506 2439 praeferri
522 2419 533 2434 ,
549 2393 674 2440 pariter
691 2402 726 2428 et
756 2393 911 2428 anteferri
929 2418 939 2433 ,
965 2393 1095 2438 possint
1110 2416 1120 2431 ‚
1151 2401 1185 2426 et
1206 2394 1371 2428 debeant.
1410 2393 1450 2428 Et
1466 2394 1594 2440 quaevis
1621 2395 1747 2430 antela-

263 2444 371 2480 tiones
386 2468 396 2484 ,
412 2443 642 2489 praerogativa
657 2467 668 2483 ,
694 2445 827 2478 decreta
851 2467 863 2484 ,
887 2441 1130 2478 declarationes
1155 2466 1166 2482 ,
1195 2441 1428 2488 suspensiones
1456 2467 1466 2484 ,
1497 2452 1529 2478 et
1571 2443 1742 2484 clausulae,

265 2493 364 2528 etiam
394 2492 621 2528 declaratoriae
638 2516 648 2532 ‚
676 2491 944 2539 quibuscumque
971 2492 1044 2526 aliis
1071 2502 1238 2526 concessae
1266 2515 1277 2531 ‚
1304 2492 1434 2527 etiamsi
1470 2492 1500 2527 in
1529 2493 1578 2528 eis
1613 2503 1746 2529 caveres

265 2550 321 2576 tur
345 2552 497 2586 expresse
515 2567 526 2583 ‚
546 2542 638 2587 quod
670 2542 736 2577 illis
765 2552 827 2587 per
853 2541 918 2577 alia
941 2540 1122 2587 privilegia
1139 2563 1150 2579 ,
1185 2540 1337 2582 litteras,
1363 2550 1394 2575 et
1414 2540 1542 2578 indulta
1563 2541 1745 2587 derogari,

267 2590 322 2626 vel
353 2590 490 2627 illorum
510 2591 647 2628 effectus
662 2591 817 2639 suspendi
845 2602 911 2627 non
939 2598 1097 2637 possent,
1125 2589 1207 2626 etin
1234 2590 1455 2629 assecutione·
1472 2604 1532 2638 per
1549 2603 1601 2628 eas
1621 2589 1729 2626 facien

1671 2639 1740 2678 da,
