1993 3195
654 280 688 313 A
723 279 750 313 P
786 280 812 314 Ι)
851 281 876 314 E
916 280 951 314 N
990 282 1025 316 D
1063 284 1080 318 1
1120 283 1152 319 X
1293 285 1298 290 ’
1610 300 1655 333 ¹9

172 339 208 364 re
235 333 411 361 teneantur
426 347 436 365 ,
451 333 526 371 quae
551 324 679 365 nostri,
702 333 737 360 et
764 337 825 371 pro
857 336 1009 371 tempore
1027 331 1200 366 existentis
1219 330 1366 366 Romani
1397 331 1569 370 Pontificis
1588 337 1657 373 Da-

172 375 248 410 tarii
281 385 395 409 manus
413 372 609 420 subscriptae
635 375 786 409 eamdem
809 385 947 420 prorsus
963 376 1098 411 roboris
1116 378 1311 415 firmitatem
1342 379 1540 421 obtineant,
1556 395 1654 427 quam

141 456 148 463 ,
172 422 364 458 obtinerent
378 422 405 457 si
430 424 524 463 iuxta
550 421 676 469 stylum
704 422 921 459 Cancellariae
952 424 1160 470 Apostolicae
1178 449 1188 466 ,
1218 437 1278 462 seu
1302 426 1401 463 dictae
1421 429 1574 464 Camerae
1598 443 1657 476 per

172 483 312 512 omnes,
345 480 379 506 et
395 470 542 517 singulos
568 470 765 510 Officiales,
794 481 827 507 et
856 471 937 508 alios
964 496 976 512 ‚
1005 475 1044 509 ad
1063 485 1150 520 quos
1180 472 1351 512 literarum
1380 477 1658 523 Apostolicaruin

174 520 349 567 expeditio
381 519 528 566 pertinet
546 544 556 560 ,
575 520 638 554 rite
654 544 664 560 ,
688 528 720 554 et
735 520 884 566 legitime
900 520 1011 556 forent
1029 521 1218 568 expeditae.

274 567 334 604 IX.
363 569 540 604 Coeterum
556 591 566 607 ,
585 576 622 603 ut
652 568 884 605 Referendarii
901 570 1031 616 praefati
1061 572 1101 606 ad
1128 572 1362 618 suscipiendos
1379 583 1440 619 pro
1465 573 1556 610 dicta
1573 576 1658 610 Sede

174 618 304 653 labores
333 629 373 652 eo
403 617 631 662 promptiores
659 619 843 654 reddantur
868 643 879 659 ,
907 630 976 664 quo
1020 620 1141 655 exinde
1180 621 1406 668 spiritualibus
1425 645 1437 661 ,
1468 633 1500 657 et
1528 633 1662 669 tempo⁴

175 666 302 702 ralibus
330 665 445 711 gratiis
473 675 508 698 se
534 666 756 711 cognoverint
783 666 919 703 uberius
949 677 1022 702 esse
1051 669 1192 704 refertos
1218 693 1229 710 ,
1254 681 1370 706 omnes
1398 694 1409 711 ,
1447 679 1482 705 et
1509 673 1658 719 singulos

174 726 289 755 nunc,
320 722 355 748 et
378 723 442 758 pro
468 721 622 759 tempore
648 714 828 750 existentes
858 716 1115 751 Referendarios
1143 719 1345 764 utriusque,
1377 718 1433 754 vel
1448 718 1582 756 alterius
1611 722 1659 755 Si-

175 771 324 808 gnaturae
354 763 546 803 huiusmodi
576 762 608 796 in
629 771 760 798 nostros
776 773 810 798 et
835 773 896 808 pro
926 773 1081 809 tempore
1110 766 1283 802 existentis
1314 768 1461 803 Romani
1483 769 1659 804 Pontificis

174 810 361 846 familiares
381 834 391 851 ‚
418 811 599 847 continuos
626 812 868 847 commensales
896 813 1042 858 gratiose
1071 813 1250 860 recipimus
1269 839 1280 855 ,
1315 824 1348 850 et
1362 817 1400 851 ab
1419 817 1511 851 omni
1527 817 1661 857 iurisdi-

175 862 291 896 ctione
322 859 583 896 Ordinariorum
612 859 766 896 locorum
794 873 1091 909 quorumcumque
1116 863 1321 904 eximimus,
1340 873 1377 899 et
1392 864 1544 900 totaliter
1574 866 1660 900 libe-

175 919 288 945 ramus
305 932 316 949 ,
348 921 386 943 ac
404 909 504 944 nobis
523 933 533 949 ,
560 917 593 944 et
609 909 706 944 dictae
719 910 795 944 Sedi
828 910 1024 945 immediate
1055 911 1257 950 subjicimus
1274 937 1285 953 ,
1305 913 1562 959 nobilitatisque
1579 914 1659 949 titu-

176 956 212 991 lo
227 959 451 997 decoramus,
479 969 655 997 aever05‚
686 966 719 992 et
735 958 941 993 indubitatos
982 958 1162 994 familiares
1189 984 1201 999 ‚
1243 960 1425 995 continuos
1454 973 1661 998 commensa-

176 1005 224 1041 les
248 1016 381 1042 nostros
397 1030 407 1046 ,
434 1014 467 1040 et
483 1017 545 1051 pro
559 1016 716 1051 tempore
742 1007 914 1042 existentis
947 1006 1089 1041 Romani
1116 1007 1290 1044 Pontificis
1307 1033 1317 1048 ,
1346 1017 1383 1043 ut
1397 1010 1601 1053 praefertur,
1623 1010 1661 1044 li-

175 1054 303 1095 beros,
333 1064 536 1100 exemptos,
565 1063 597 1090 et
613 1054 741 1090 nobiles
756 1067 851 1096 esse,
889 1067 992 1100 seque
1009 1054 1089 1090 tales
1119 1056 1152 1090 in
1183 1058 1458 1103 quibuscumque
1487 1058 1662 1104 Apostoli-

175 1103 252 1142 cis,
285 1112 321 1137 et
349 1102 422 1137 aliis
451 1102 585 1143 literis,
616 1103 795 1148 scripturis
820 1128 830 1144 ‚
859 1113 893 1138 et
911 1104 1039 1139 actibus
1066 1113 1133 1139 tam
1169 1105 1314 1150 publicis
1343 1129 1355 1145 ,
1389 1118 1489 1150 quam
1517 1107 1661 1152 privatis

174 1150 347 1190 scribere,
378 1160 412 1184 et
429 1150 602 1184 nominare
623 1173 635 1189 ,
677 1160 714 1184 ac
744 1153 785 1185 ab
800 1151 872 1185 aliis
900 1152 1036 1185 inscribi
1063 1175 1075 1191 ,
1107 1160 1141 1185 et
1169 1152 1333 1187 nominari
1360 1154 1486 1188 debere
1511 1156 1664 1189 decerni-

173 1211 250 1234 mus
263 1223 274 1239 ,
301 1206 334 1232 et
348 1197 581 1237 declaramus3
601 1198 793 1243 eisdemque
809 1198 1055 1233 Referendariis
1071 1210 1157 1234 nunc
1173 1223 1184 1239 ‚
1212 1209 1245 1235 et
1261 1213 1323 1246 pro
1341 1210 1498 1246 tempore
1514 1202 1664 1238 existen-

175 1247 266 1282 tibus
281 1270 292 1286 ‚
321 1247 354 1280 in
367 1246 500 1291 signum
528 1248 664 1281 honoris
680 1269 691 1285 ‚
717 1256 750 1281 et
765 1258 854 1282 verae
869 1247 1054 1282 nobilitatis
1073 1271 1083 1287 ,
1098 1248 1241 1294 insignia
1264 1257 1377 1285 nostra
1392 1250 1579 1295 gentilitia;
1596 1262 1662 1286 una

175 1307 254 1330 cum
270 1293 335 1328 suis
352 1294 452 1329 armis
465 1318 476 1334 ,
492 1303 524 1329 et
545 1294 696 1341 insigniis
711 1305 838 1340 gestare
854 1319 864 1335 ,
884 1307 922 1330 ac
942 1296 1099 1331 omnibus
1113 1319 1123 1335 ‚
1145 1306 1178 1332 et
1192 1297 1334 1343 singulis
1350 1298 1536 1345 privilegiis
1551 1324 1562 1341 ‚
1578 1310 1662 1346 prae-

176 1342 392 1381 eminentiis,
422 1343 587 1382 indultis,
630 1344 897 1379 immunitatibus
916 1368 926 1384 ,
971 1344 1152 1380 honoribus
1173 1369 1183 1386 ,
1211 1356 1243 1381 et
1265 1347 1404 1391 gratiis,
1441 1349 1564 1392 quibus
1603 1347 1660 1382 alii

174 1391 250 1427 veri
268 1413 279 1429 ‚
316 1398 349 1424 et
365 1389 541 1424 indubitati
566 1391 695 1425 nobiles
730 1403 771 1425 ex
785 1393 950 1427 nobilium
969 1416 979 1431 ,
1008 1393 1108 1427 etiam
1124 1393 1307 1428 illustrium
1323 1407 1444 1439 genere
1457 1420 1468 1435 ‚
1500 1407 1542 1430 ex
1557 1403 1660 1430 utro-

175 1450 244 1485 que
268 1446 404 1484 parente
430 1437 597 1481 procreati
627 1447 692 1473 tam
711 1438 891 1478 injudicio
907 1463 918 1478 ,
944 1451 1043 1484 quam
1059 1449 1151 1474 extra
1166 1463 1176 1480 ,
1200 1441 1412 1488 ubicumque
1441 1442 1594 1478 locorum
1615 1443 1658 1478 de

177 1490 274 1528 jure,
302 1486 355 1521 vel
386 1486 628 1521 consuetudine
668 1511 679 1526 ‚
715 1498 753 1522 ac
768 1486 846 1522 alias
877 1489 1200 1535 quomodocumque
1242 1499 1410 1532 utuntur,
1438 1491 1619 1537 potiuntur
1645 1514 1659 1532 ‚

179 1545 215 1570 et
234 1537 406 1580 gaudent,
431 1535 556 1574 acuti,
585 1535 713 1579 potiri,
745 1544 780 1570 et
794 1538 938 1582 gaudere
963 1537 1116 1582 possint,
1152 1547 1185 1573 et
1207 1547 1367 1582 poterunt
1391 1541 1658 1584 quomodolibet

179 1584 212 1619 in
229 1585 379 1618 futurum
401 1584 434 1618 in
458 1583 616 1618 omnibus
639 1607 650 1623 ,
679 1593 711 1619 et
733 1595 792 1628 per
824 1585 960 1625 omnia,
988 1586 1129 1630 perinde
1145 1587 1222 1622 acsi
1249 1587 1289 1620 de
1316 1588 1481 1623 nobilium
1510 1611 1522 1628 ‚
1551 1588 1655 1623 etiam

181 1631 365 1669 illustrium
393 1643 538 1677 genere,
568 1643 677 1673 vere,
707 1641 740 1667 et
754 1644 816 1667 non
833 1636 912 1669 ficte
937 1634 1134 1680 procreati,
1155 1644 1188 1670 et
1214 1635 1319 1681 geniti
1352 1637 1495 1677 forent,
1523 1635 1595 1677 uti,
1621 1644 1657 1671 et

179 1681 281 1728 potiri
298 1705 309 1719 ‚
334 1689 368 1716 et
385 1683 529 1726 gaudere
544 1705 554 1715 .

277 1730 320 1763 X.
347 1730 422 1764 Nec
438 1730 550 1762 nonin
569 1729 779 1765 Monasteriis
806 1742 867 1775 per
879 1742 936 1766 eos
963 1731 994 1767 in
1011 1731 1259 1768 Commendam
1279 1744 1341 1778 pro
1357 1740 1509 1778 tempore
1538 1734 1661 1774 obteri-5

180 1777 247 1816 tis,
272 1788 418 1822 quorum
440 1777 601 1821 praeteriti
629 1779 778 1812 Abbates
810 1780 918 1813 mitrae
938 1803 949 1819 ,
991 1789 1023 1814 et
1049 1781 1122 1816 aliis
1149 1781 1402 1816 Pontificalibus
1430 1781 1582 1829 insigniis
1615 1791 1658 1816 ex

178 1824 361 1871 privilegio
389 1826 699 1869 Apostolico‚.aut
728 1826 809 1861 alias
841 1827 888 1861 uti
907 1837 1154 1864 consueverunt
1177 1829 1276 1864 etiam
1310 1829 1410 1864 mitra
1427 1852 1438 1869 ‚
1467 1829 1592 1870 anulo,
1623 1836 1659 1864 et

177 1873 330 1914 baculo,
356 1875 555 1920 caeterisque
581 1873 836 1909 Pontificalibus
877 1875 1026 1922 insigniis
1056 1901 1067 1914 ,
1106 1885 1140 1912 et
1163 1877 1368 1912 ornamentis
1409 1878 1551 1923 perinde
1577 1876 1658 1913 acsi

183 1923 310 1957 eisdem
341 1923 554 1958 Monasteriis
574 1920 739 1967 tamquam
767 1925 918 1958 Abbates
949 1924 1129 1970 praeess‘ent
1146 1950 1156 1966 ‚
1185 1926 1284 1961 etiam
1311 1926 1391 1965 uti,
1421 1938 1482 1961 nec
1499 1938 1564 1961 non
1579 1932 1661 1971 post

181 1971 360 2006 Missarum
378 1995 389 2011 ,
418 1981 452 2006 et
467 1971 608 2007 aliorum
635 1972 843 2007 Divinorum
872 1974 1059 2008 officiorum
1089 1974 1252 2009 solemnia
1275 1974 1406 2020 populo
1421 1983 1499 2010 tunc
1519 1975 1657 2009 interes-

181 2020 265 2055 senti
280 2020 422 2054 solemni
449 2031 570 2060 more,
603 2022 789 2056 dummodo
817 2021 899 2056 inibi
928 2033 1069 2066 praesens
1096 2034 1161 2058 non
1187 2022 1232 2058 sit
1257 2023 1377 2069 aliquis
1392 2024 1568 2063 Antistes,
1595 2033 1657 2057 seu

183 2068 281 2104 dictae
295 2067 389 2102 Sedis
407 2069 550 2113 Legatos
567 2092 577 2108 ‚
593 2078 647 2103 aut
665 2069 690 2104 si
707 2081 850 2113 praesens
869 2070 971 2106 fuerit
988 2096 999 2111 ,
1024 2072 1064 2106 ad
1082 2072 1113 2106 id
1145 2074 1216 2114 ejus
1243 2073 1379 2108 accedat
1391 2084 1543 2109 assensus
1560 2096 1571 2113 ,
1603 2072 1659 2106 bo-

184 2117 342 2152 nedicere
357 2140 369 2157 ‚
383 2115 488 2152 libere
502 2141 513 2157 ,
539 2125 573 2150 et
595 2116 688 2151 licite
718 2117 850 2152 valeant
870 2140 879 2151 .

281 2166 343 2200 XI.
368 2165 527 2200 Necnon
553 2164 701 2211 aliquem
728 2165 889 2201 idoneum
910 2165 1153 2213 Presbyterum
1180 2168 1362 2204 secularem
1380 2194 1390 2209 ‚
1419 2167 1475 2205 vel
1505 2167 1658 2207 cuiusvis

176 2213 322 2250 ‘Ordinis
354 2213 560 2259 Regularem
583 2237 594 2253 ,
614 2215 654 2249 ab
670 2215 853 2250 Ordinario
868 2217 1087 2261 approbatum
1110 2216 1141 2251 in
1157 2229 1254 2252 suum
1280 2217 1410 2263 possint
1423 2216 1552 2263 eligere
1568 2217 1660 2251 Con-

187 2261 344 2298 sessorem
359 2288 371 2303 ‚
402 2261 459 2308 qui
472 2261 627 2297 omnium
645 2272 861 2307 peccatorum
880 2286 891 2301 ,
919 2264 960 2297 de
975 2265 1098 2310 quibus
1117 2267 1222 2301 corde
1241 2266 1401 2306 contriti,
1443 2276 1476 2301 et
1505 2276 1564 2299 ore
1579 2274 1659 2297 con-

188 2309 265 2345 fessi
277 2311 424 2352 fuerint,
456 2310 559 2347 semel
574 2310 605 2345 in
620 2311 715 2350 vita,
740 2319 773 2345 et
801 2310 832 2345 in
847 2312 967 2345 mortis
1009 2312 1153 2348 articulo
1181 2314 1362 2359 plenariam
1389 2313 1619 2349 remissionem
1645 2333 1658 2351 ,

190 2366 223 2393 et
240 2359 476 2404 indulgentiam
506 2360 554 2395 eis
568 2371 658 2395 sacra
674 2359 928 2394 communione
956 2359 1088 2395 refectis
1101 2383 1112 2399 ,
1141 2370 1175 2396 et
1192 2362 1224 2396 in
1243 2362 1418 2397 catholicae
1440 2359 1533 2394 Fidei
1549 2359 1659 2394 since-

192 2406 315 2446 ritate,
348 2407 572 2456 Romanaeque
595 2408 751 2444 Ecclesiae
766 2408 912 2447 unitate,
939 2419 977 2444 ac
994 2408 1136 2444 Romani
1166 2410 1338 2446 Pontificis
1364 2409 1523 2445 canonice
1538 2408 1659 2445 intran-

193 2456 235 2492 tis
250 2455 441 2492 obedientia
462 2457 776 2502 perseverantibus,
807 2457 895 2491 dicta
908 2459 1104 2493 auctoritate
1127 2460 1312 2494 concedere
1340 2457 1447 2505 possit
1462 2482 1473 2493 .

289 2505 367 2539 XII.
393 2505 574 2554 Liceatque
600 2508 726 2543 eisdem
754 2506 1019 2548 Referendariis‚
1051 2508 1107 2543 ubi
1122 2507 1295 2554 negotium
1311 2531 1323 2550 ‚
1351 2516 1385 2544 et
1399 2517 1591 2555 temporum
1608 2516 1659 2561 ra«

1108 2568 1126 2592 c
1154 2568 1172 2590 2
1611 2562 1660 2590 tio
