1952 3167
286 324 334 368 64
651 318 714 352 DE
739 315 851 359 JURE
881 312 1162 351 SIGNATURAE
1188 310 1400 354 JUSTITIAE

287 372 382 406 Rota:
396 393 405 410 ,
435 378 540 412 eaque
556 366 764 412 disposita'in
782 366 937 401 omnibus
957 363 1148 408 respective
1164 361 1287 397 servari
1306 362 1357 396 hic
1374 359 1533 394 volumus
1554 371 1718 397 reservata
1734 373 1790 407 pa·

287 420 368 454 riter
396 418 508 452 Nobis
524 441 534 457 ‚
569 429 604 452 ac
622 416 878 451 Successoribus
908 412 1027 448 nostris
1064 412 1220 448 facultate
1238 409 1439 457 providendi
1465 413 1576 455 quoad
1593 412 1750 457 Registra
1774 423 1792 445 a

288 466 588 515 praedecessoribus
608 464 761 500 Notariis
792 475 854 499 non
875 462 1030 497 confecta
1049 485 1058 495 .

387 515 453 549 Pro
468 513 609 550 faciliori
634 526 767 560 quoque
781 514 963 548 commodo
995 508 1200 554 litigantium
1229 506 1387 540 volumus
1404 528 1414 544 ‚
1444 514 1544 549 atque
1571 509 1787 548 mandamus,

291 573 331 600 ut
348 564 554 610 inposterum
583 565 615 598 in
639 563 747 600 libro,
775 563 804 595 in
828 572 895 605 quo
913 559 1134 604 registrantur
1165 555 1314 590 mandata
1341 578 1351 593 ‚
1389 564 1463 599 quae
1497 557 1725 599 expediuntur
1752 557 1788 591 in

292 614 398 648 Curia
414 638 424 654 ‚
450 614 504 648 fiat
519 625 575 648 sua
591 611 747 646 distincta
774 607 954 644 rubricella
968 631 977 647 ‚
1006 607 1100 646 cuius
1116 605 1229 639 medio
1247 602 1352 648 possit
1383 604 1575 639 mandatum
1593 629 1603 644 ‚
1638 605 1729 650 quod
1744 615 1792 640 re-

293 661 441 708 quiritur
455 687 465 703 ‚
481 661 642 706 τερα-ἰῆς
670 669 703 693 et
717 658 847 692 inlibro
870 658 1098 700 Receptorum
1116 678 1125 692 ‚
1155 655 1185 687 in
1200 665 1268 699 quo
1290 652 1466 697 expeditio
1483 651 1561 687 dicti
1577 655 1722 688 mandati
1738 655 1793 689 ad-

294 720 428 746 notatur
445 735 455 751 ,
488 706 787 745 indicetur'folium
817 706 952 741 alterius
985 703 1084 743 libri,
1110 703 1142 736 in
1158 715 1226 748 quo
1252 709 1289 737 ut
1302 712 1402 747 supra
1424 701 1487 736 fuit
1502 704 1682 748 registratu
1736 727 1745 736 .

392 759 509 805 Qtum
526 760 565 793 ad
583 767 725 792 nostram
754 755 910 790 notitiam
929 752 1123 801 pervenerit
1136 775 1145 791 ‚
1161 753 1249 797 quod
1265 751 1375 785 dictus
1401 751 1561 786 Notarius
1608 762 1687 786 renu
1712 751 1793 786 tad-

293 808 427 843 mittere
454 808 696 846 indicationes,
727 814 759 840 et
774 804 989 850 repetitiones
1006 814 1083 837 cum
1099 801 1307 846 simplicibus
1339 801 1446 844 copiis
1479 801 1639 836 exhibitis
1665 789 1796 835 Instru-

292 866 483 892 mentorum
512 857 542 891 in
558 857 647 891 Urbe
679 864 870 901 rogatorum
887 877 896 892 ‚
932 864 990 886 nec
1007 863 1071 885 non
1089 850 1187 885 etiam
1208 874 1216 889 ‚
1237 860 1268 883 et
1297 849 1440 883 aliorum
1460 849 1589 884 Iurium
1607 860 1718 884 coram
1745 849 1794 883 di-

294 918 396 941 verso
422 906 540 940 Iudice
555 929 565 944 ,
596 906 672 939 hinc
689 903 896 937 consulendo
922 900 1134 935 indemnitati
1154 897 1358 944 litigantium
1377 921 1388 938 ,
1423 897 1481 943 qui
1499 905 1535 931 ut
1549 898 1734 944 plurimum
1751 909 1794 933 ex

295 966 394 989 causa
414 963 633 997 expensarum
664 950 836 996 perterriti
865 949 1057 984 desistunta
1090 948 1329 994 prosecutione
1358 957 1561 987 causarum,
1597 947 1754 982 volumus
1782 971 1793 986 ‚

297 1011 395 1046 atque
413 999 643 1045 injungimus,
674 1008 711 1033 ut
726 999 935 1044 praecedente
964 997 1062 1032 solita
1092 997 1251 1031 citatione
1279 1004 1396 1030 contra
1424 994 1540 1031 'aliam
1569 1005 1695 1041 partem
1714 1019 1723 1034 ‚
1755 995 1795 1030 ad

296 1051 533 1085 declarandum
556 1062 594 1083 an
609 1047 694 1083 velit
708 1058 795 1082 stare
814 1046 1008 1082 indicationi
1024 1071 1035 1086 ,
1059 1045 1113 1081 vel
1130 1045 1343 1090 simplicibus
1366 1044 1473 1089 copiis
1490 1046 1581 1084 „ista
1598 1044 1716 1079 emissa
1733 1055 1797 1078 non

299 1098 407 1145 possit
430 1098 594 1134 Notarius
622 1096 793 1143 impedire
821 1105 857 1131 ut
882 1099 1085 1140 procedatur
1108 1105 1165 1140 per
1186 1094 1450 1134 indicationem,
1477 1106 1536 1130 seu
1561 1093 1800 1140 repetitionem

298 1160 373 1183 cum
394 1147 607 1194 simplicibus
626 1147 732 1193 copiis
750 1171 760 1187 ‚
785 1145 842 1181 ubi
857 1145 1058 1192 permissum
1075 1143 1203 1179 fuerit.

396 1198 508 1232 Curet
523 1196 722 1231 adamussim
752 1196 913 1231 Notarius
943 1195 1065 1229 servari
1085 1204 1175 1228 taxas
1209 1193 1241 1226 in
1262 1191 1563 1236 expeditionibus,
1593 1191 1746 1238 registris
1782 1215 1794 1231 ,

297 1245 436 1290 aliisque
463 1246 618 1284 actibus,
646 1258 721 1280 cum
741 1245 780 1280 ad
803 1254 895 1279 aures
914 1252 1040 1278 nostras
1081 1242 1273 1286 pervenerit
1303 1240 1479 1285 aliquando
1510 1242 1630 1276 abusus
1663 1241 1795 1284 aliquos

295 1294 468 1334 evenisse,
503 1305 535 1329 et
554 1295 584 1328 in
603 1306 678 1329 casu
698 1305 766 1339 quo
794 1292 929 1337 aliquod
959 1302 1137 1336 gravamen
1165 1290 1328 1323 inferatur
1354 1312 1364 1328 ,
1407 1289 1562 1324 Cur-iales
1583 1313 1594 1329 ,
1638 1298 1669 1322 et
1687 1296 1796 1332 partes

295 1343 432 1377 omnino
448 1344 628 1379 reclament
660 1345 700 1378 ai
717 1342 931 1376 Cardiualem
953 1339 1152 1374 Praefectum
1177 1337 1517 1384 Signaturae·1ustitiae
1534 1362 1544 1376 ‚
1568 1337 1626 1384 qui
1645 1335 1797 1371 cumula-

296 1393 364 1426 tive
393 1392 762 1439 cumCongregatione
795 1388 1083 1428 Reformationis,
1111 1396 1263 1433 utsupra
1295 1386 1360 1420 erit
1393 1397 1555 1421 executor
1583 1386 1798 1425 hujusCon-

300 1438 491 1475 stitutionis
507 1442 537 1475 in
556 1443 619 1475 hoc
634 1440 763 1475 Officio
777 1463 786 1479 ,
809 1440 876 1474 imo
897 1439 1055 1472 volumus
1076 1448 1232 1479 expresse
1249 1436 1351 1470 teneri
1374 1436 1515 1469 eundem
1533 1434 1715 1468 Notarium
1733 1444 1794 1478 pro

299 1488 572 1535 quibuscumque
599 1489 786 1523 excessibus
803 1511 812 1525 ‚
851 1495 884 1520 et
899 1485 1005 1530 cul-pis
1024 1485 1152 1519 ratione
1176 1485 1485 1519 emolumentorum
1530 1482 1677 1518 indebite
1720 1494 1800 1518 exa-

302 1546 435 1573 ctorum
458 1563 467 1573 .

628 1594 693 1634 De
724 1592 766 1633 Τ
758 1590 843 1633 axis
873 1591 1071 1642 servandis
1099 1590 1141 1633 in
1175 1589 1306 1633 Curiis
1322 1587 1444 1630 Urbis
1467 1615 1479 1628 .

403 1682 493 1717 Uum
522 1681 578 1717 fel.
596 1692 662 1716 rec.
689 1682 810 1716 Paulus
827 1682 870 1716 V.
901 1689 1011 1715 noster
1025 1681 1254 1714 Praedecessor
1281 1683 1313 1713 in
1341 1691 1398 1713 sua
1426 1677 1684 1713 Constitutione
1711 1677 1801 1712 inci-

418 1733 529 1776 piente
560 1732 736 1771 vniversi‚
753 1732 843 1766 edita
858 1730 1009 1764 Kalendis
1027 1730 1147 1763 Marcii
1166 1732 1270 1762 1611.
1288 1727 1496 1762 mandaverit
1524 1731 1649 1762 servari
1671 1727 1701 1761 in
1728 1727 1801 1760 Cu-

299 1779 356 1815 riis
376 1781 475 1816 Urbis
495 1781 598 1816 Taxas
633 1782 673 1815 ab
699 1782 818 1815 eodem
849 1778 1036 1824 respective
1064 1779 1273 1823 praescriptas
1300 1802 1310 1817 ‚
1344 1786 1408 1811 tam
1439 1777 1526 1812 circa
1557 1778 1799 1815 Instrumenta,

302 1842 401 1875 quam
434 1830 521 1864 circa
553 1829 872 1870 actusJudiciales‚
900 1828 1052 1873 ipsasque
1083 1828 1187 1862 Taxas
1217 1828 1328 1861 affixas
1361 1825 1391 1860 in
1411 1826 1543 1860 Officiis
1572 1825 1796 1860 Notariorum
1848 1850 1851 1853 s

302 1878 441 1913 retineri
466 1879 621 1919 jusserit:
651 1887 795 1913 attamen
824 1879 855 1912 in
885 1877 1083 1922 quibusdam
1120 1876 1235 1910 Curiis
1266 1876 1299 1910 in
1328 1875 1485 1909 omnibus
1515 1887 1578 1909 non
1605 1883 1796 1914 servantur,

301 1928 359 1962 sed
388 1928 570 1974 exiguntur
596 1927 821 1963 emolumenta
845 1927 943 1966 juxta
973 1927 1098 1961 Taxam
1128 1924 1457 1961 consuetudinariam
1476 1949 1486 1964 ‚
1522 1927 1648 1970 absque
1676 1932 1801 1970 appro-

303 1977 438 2011 batione
465 1977 689 2012 introductam
711 2002 721 2016 ,
743 1976 816 2011 'imo
848 1986 955 2021 neque
984 1975 1016 2009 in
1046 1975 1178 2020 scriptis
1214 1976 1382 2009 redactam
1416 1998 1426 2013 ‚
1460 1986 1588 2009 necnon
1637 1974 1667 2008 in
1699 1982 1801 2016 expe-

305 2024 489 2060 ditionibus
508 2050 517 2065 ,
548 2026 588 2061 de
615 2026 737 2072 quibus
765 2036 831 2060 non
850 2026 884 2059 fit
912 2025 1037 2058 mentio
1062 2023 1098 2069 ⁷in
1117 2024 1215 2059 Taxis
1247 2022 1395 2058 Paulinis
1414 2048 1423 2062 ‚
1454 2023 1642 2068 exiguntur
1668 2019 1798 2054 emolu-

306 2083 415 2109 menta
450 2077 489 2109 ad
522 2075 769 2120 beneplacitum
801 2082 934 2113 taxata3
964 2082 1191 2118 praetereaque
1230 2073 1261 2106 in
1293 2072 1459 2117 aliquibus
1491 2071 1626 2105 Officiis
1656 2069 1800 2103 retinen-

308 2131 364 2156 tur
387 2125 489 2158 affixae
505 2125 602 2158 Taxae
617 2124 762 2159 Paulinae
778 2148 787 2161 ‚
813 2126 869 2157 sed
901 2134 976 2156 cum
995 2121 1066 2156 aliis
1092 2123 1189 2155 Taxis
1204 2120 1431 2154 emolumenta
1450 2119 1634 2162 exiguntur
1652 2142 1661 2158 ,
1693 2118 1797 2161 idque

308 2181 385 2205 cum
415 2181 529 2217 vergat
549 2173 580 2206 in
608 2171 781 2216 publicum
801 2169 1033 2214 praejudicinm
1050 2191 1060 2205 ,
1093 2168 1173 2200 etin
1199 2178 1268 2199 non
1285 2166 1432 2199 debitam
1451 2166 1686 2201 executionem
1707 2168 1799 2210 Apo-

306 2217 501 2253 stolicarum
534 2219 795 2262 provisionum;
825 2217 897 2249 Nos
925 2215 1120 2260 extinguere
1146 2213 1296 2249 volentes
1321 2214 1515 2252 hujusmodi
1532 2217 1678 2254 abusus,
1713 2226 1802 2250 man-

308 2268 424 2301 damus
455 2268 546 2312 quod
577 2267 662 2300 intra
694 2277 751 2299 sex
778 2275 904 2299 menses
938 2286 948 2301 ,
974 2275 992 2296 a
1019 2263 1072 2297 die
1105 2263 1341 2306 publicationis
1369 2265 1538 2305 praesentis
1573 2263 1803 2299 Constitutio-

309 2315 358 2350 nis
381 2339 390 2354 ,
418 2315 615 2360 Superiores
632 2313 784 2348 omnium
814 2321 848 2346 et
862 2321 1158 2356 quorumcumque
1175 2310 1409 2346 Tribunalium
1429 2323 1692 2359 recognoscant,
1720 2324 1801 2358 quas

309 2365 415 2398 Taxas
446 2364 635 2409 respective
667 2362 800 2397 servent
841 2359 977 2394 Notarii
1006 2367 1124 2394 eorum
1154 2360 1387 2395 Tribunalium
1418 2385 1428 2400 ‚
1458 2373 1522 2396 tam
1558 2363 1589 2396 in
1617 2361 1799 2402 civilibus,

311 2425 409 2457 quam
439 2413 470 2446 in
500 2412 753 2451 criminalibus,
792 2409 869 2445 etin
896 2408 1171 2455 stipulationibus
1201 2410 1507 2445 instrumentorum
1535 2413 1579 2445 ob
1599 2420 1798 2457 praetensurn

311 2474 434 2501 usum,
461 2470 494 2496 et
529 2461 653 2508 siquid
681 2468 820 2500 contra,
860 2458 913 2492 vel
949 2467 1067 2503 praeter
1096 2470 1161 2493 non
1194 2471 1349 2503 expressa
1378 2459 1409 2494 in
1435 2459 1533 2495 Taxis
1555 2460 1703 2506 paulin-s
1732 2459 1799 2494 exi-

314 2520 433 2555 gatur,
466 2511 658 2547 distinctam
687 2510 808 2545 deiude
835 2507 930 2542 nobis
962 2506 1158 2542 relationem
1204 2508 1322 2543 faciant
1354 2532 1363 2546 ‚
1394 2521 1469 2544 cum
1502 2509 1709 2544 exhibitione
1738 2507 1800 2541 Ta-

314 2569 431 2594 xarum
448 2583 457 2599 ,
496 2572 568 2604 quae
603 2561 634 2595 in
655 2571 773 2597 eorum
803 2557 995 2603 respective
1027 2555 1265 2592 Tribunalibus
1292 2567 1492 2600 servantur,
1519 2558 1559 2594 ad
1590 2557 1741 2594 effectum
1759 2560 1798 2590 u't

1752 2604 1799 2643 di,
