1952 3167
357 286 426 330 138
683 284 746 320 DE
772 285 886 327 JURE
913 284 1199 322 SIGNATURAE
1223 287 1432 328 JUSTITIAE

355 345 509 374 morum,
538 345 682 381 quorum
702 335 790 370 Reos
808 334 885 370 licet
903 334 1019 371 Laicos
1036 359 1046 376 ,
1078 348 1186 382 neque
1210 336 1296 371 Foro
1318 336 1552 371 Ecclesiastico
1571 335 1735 371 ullatenus
1756 350 1835 383 gau-

355 386 468 420 dentes
482 408 492 424 ,
520 397 597 420 cum
614 387 701 430 apud
722 396 777 420 eas
791 394 1013 425 accusantur,
1045 386 1234 420 carceribus
1252 386 1362 420 statim
1392 387 1602 430 mancipant,
1632 397 1755 431 eosque
1772 396 1837 422 tra-

352 436 432 469 dere
460 444 602 470 renuunt
634 435 751 470 Curiis
785 435 918 469 Nostris
956 434 1163 470 secularibus
1191 437 1276 474 juste
1308 436 1517 478 puniendos:
1552 435 1677 467 bonum
1707 435 1832 471 idcirco

351 483 510 519 duximus
529 484 681 529 praesenti
697 486 757 518 hac
774 483 1030 518 Constitutione
1046 506 1056 522 ,
1084 494 1119 516 ut
1134 482 1293 516 abusibus
1309 490 1528 522 occurratur,
1564 480 1731 517 declarare
1747 496 1833 529 quae,

351 542 385 567 et
407 531 513 578 qualis
546 545 616 568 esse
646 533 766 567 debeat
798 531 949 576 legitima
977 530 1160 564 secundum
1192 530 1346 565 Canones
1372 532 1607 570 consuetudo,
1633 542 1697 576 qua
1721 532 1834 569 Curiis

349 580 607 627 Episcopalibus
635 590 667 616 et
693 579 929 616 Ecclesiasticis
953 580 1006 618 ius
1033 590 1104 614 esse
1119 579 1222 624 possit
1249 580 1290 614 de
1318 579 1468 615 Reorum
1499 580 1676 616 Laicorum
1711 580 1833 618 Causis

349 629 590 667 Criminalibus
618 627 883 676 cognoscendis,
910 627 1168 667 etiudicandis.

442 681 556 726 Igitur
586 691 650 714 non
667 689 802 713 omnem
829 678 868 711 ad
889 677 922 712 id
940 678 1218 713 consuetudinem
1238 702 1248 718 ‚
1272 678 1331 714 sed
1349 677 1433 714 illam
1451 686 1581 714 tantum
1603 676 1711 713 valere
1740 678 1835 717 iube·

346 739 445 770 mus,
478 740 552 773 quae
578 736 610 763 et
639 725 900 773 quadragenaria
931 726 1000 766 sit,
1027 736 1061 762 et
1091 735 1256 772 perpetuo
1284 736 1440 763 constans
1458 752 1468 768 ‚
1499 739 1564 763 non
1599 739 1749 772 unquam
1777 728 1834 763 vel

347 778 584 818 contradicta,
612 776 666 812 vel
681 776 889 821 interrupta
919 776 1084 811 Praeterea
1109 776 1267 812 constitui
1295 788 1369 812 eam
1385 776 1542 813 volumus
1565 776 1832 822 multiplicitate,

344 838 382 861 ae
402 827 593 873 frequentia
620 834 755 860 actuum
783 837 847 859 non
867 825 992 860 levium
1008 849 1019 866 ,
1045 825 1105 861 sed
1130 826 1311 871 gravium,
1335 839 1419 873 quos
1448 834 1577 864 constet
1603 836 1713 872 gestos
1729 826 1832 862 fuisse

343 876 457 911 animo
484 874 719 921 praescribendi
752 873 1023 915 jurisdictionem
1049 875 1258 917 secularem,
1286 888 1349 910 non
1377 888 1419 912 ex
1434 876 1557 923 gratia,
1583 873 1638 910 vel
1652 887 1834 910 conniven

345 924 391 959 tia
407 926 590 963 toleratos,
616 934 725 968 neque
744 921 848 962 tales,
876 922 933 968 qui
948 924 1019 958 fieri
1037 924 1177 960 fortasse
1194 925 1365 970 potuerint
1379 925 1463 961 citra
1477 934 1627 966 certam,
1650 923 1836 969 praecisam·

340 984 406 1018 que
433 971 605 1007 scientiam
624 995 634 1011 ,
662 981 694 1006 et
709 971 988 1016 acquiescentiatn
1006 996 1018 1013 ‚
1049 973 1102 1008 vel
1119 975 1284 1010 Nostram
1301 998 1311 1014 ,
1339 983 1603 1020 nostrorumque
1619 985 1681 1019 pro
1701 982 1836 1018 tempo-

339 1032 377 1056 re
405 1022 671 1061 Successorum,
697 1020 752 1056 vel
774 1020 888 1056 saltem
917 1033 1153 1067 supremorum
1185 1023 1443 1070 Magistratuum
1473 1024 1606 1059 Nostrae
1637 1022 1737 1062 huius
1770 1022 1834 1057 Ur-

341 1072 394 1107 bis
411 1096 422 1112 ,
451 1083 537 1117 quos
570 1070 737 1116 praecipue
756 1071 795 1104 ad
810 1069 978 1116 publicam
998 1074 1265 1117 prosequendam
1289 1073 1469 1109 vindictam
1488 1073 1685 1108 Criminum
1702 1082 1834 1118 praepo-

340 1133 421 1156 nere
452 1119 713 1156 consuevimus:
743 1119 880 1155 Nullam
902 1132 1036 1165 prorsus
1053 1122 1083 1156 in
1103 1133 1137 1157 re
1162 1130 1227 1156 tam
1245 1121 1340 1166 gravi
1359 1122 1475 1157 haberi
1513 1124 1706 1158 mandantes
1731 1120 1833 1156 ratio-

337 1182 413 1205 nem
447 1171 488 1204 de
515 1169 656 1205 scientia
687 1181 725 1205 ac
755 1169 913 1214 patientia
943 1170 1126 1206 Rectorum
1156 1171 1354 1211 Localium‚
1392 1172 1603 1217 aliorumque
1631 1171 1831 1206 inferiorum

338 1218 601 1264 Magistratuum
628 1219 838 1254 saecularium
856 1243 866 1259 ,
901 1219 1025 1265 quibus
1051 1222 1255 1266 quandoque
1288 1220 1345 1256 vel
1372 1221 1620 1259 oscitantibus,
1653 1220 1708 1254 vel
1737 1228 1831 1255 metu

338 1270 484 1314 quodam
507 1267 718 1303 reverentiali
739 1267 997 1304 conniventibus
1012 1293 1021 1309 ‚
1048 1281 1086 1304 ac
1107 1269 1325 1304 tolerantibus
1343 1281 1556 1316 nequaquam
1584 1268 1710 1309 licere,
1737 1280 1774 1303 ac
1795 1267 1832 1302 li-

335 1318 446 1353 cuisse
474 1317 652 1353 statuimus
672 1342 683 1358 ‚
718 1317 846 1363 gratia,
872 1318 1146 1364 acquiescentia‚
1179 1331 1214 1354 ac
1229 1318 1390 1364 patientia
1417 1332 1476 1355 sua
1502 1317 1688 1363 legitimam
1718 1318 1829 1353 facere

334 1367 618 1402 consuetudinem
636 1391 646 1407 ,
672 1376 738 1413 qua
763 1369 915 1402 mandata
931 1367 1192 1409 eisJurisdictio
1209 1392 1220 1408 ,
1248 1369 1446 1414 perturbato
1481 1367 1656 1413 utriusque
1684 1367 1833 1401 Potesta-

332 1415 376 1449 tis
399 1416 542 1455 ordine,
570 1415 764 1451 minuatur.
793 1416 825 1450 Si
854 1430 892 1452 ea
910 1416 1023 1463 itaque
1040 1418 1253 1453 consuetudo
1274 1418 1453 1458 afferatur,
1481 1416 1613 1463 qualem
1645 1416 1745 1450 modo
1767 1423 1829 1450 sta-

335 1463 463 1499 tuimus
485 1488 496 1503 ‚
527 1464 616 1499 illam
634 1464 793 1499 volumus
812 1466 974 1500 custodiri
993 1489 1004 1504 ,
1020 1479 1056 1501 ac
1071 1467 1225 1505 servari,
1253 1466 1421 1502 inductam
1442 1477 1524 1500 vero
1539 1465 1657 1505 aliter,
1674 1465 1829 1509 reproba-

339 1523 428 1552 mus,
445 1520 479 1546 et
497 1511 622 1547 nullius
638 1524 708 1547 esse
722 1512 853 1546 roboris
872 1514 998 1548 Nostra
1013 1515 1074 1548 hac
1094 1514 1351 1550 Constitutione
1369 1514 1612 1549 decernimus.

435 1560 616 1594 Praesentes
634 1569 746 1594 autem
776 1560 943 1600 Littew,
971 1570 1003 1595 et
1023 1562 1054 1596 in
1070 1562 1116 1597 eis
1132 1571 1287 1598 contenta
1314 1573 1539 1608 quaecumque
1553 1584 1565 1600 ‚
1600 1558 1698 1595 etiam
1716 1571 1757 1594 ex
1785 1570 1827 1594 eo

336 1608 427 1653 quod
454 1607 664 1654 quicumque
696 1607 726 1641 in
745 1607 924 1652 praemissis
942 1609 1098 1646 interesse
1119 1613 1280 1645 habentes
1294 1634 1304 1650 ‚
1319 1609 1374 1644 vel
1389 1610 1514 1644 habere
1529 1610 1772 1655 praetendentes
1787 1610 1827 1643 ad

334 1656 368 1691 id
390 1657 530 1697 vocati,
560 1656 616 1692 vel
636 1656 745 1691 auditi
760 1667 825 1691 non
842 1657 990 1698 fuerint,
1018 1659 1072 1693 vel
1094 1658 1239 1698 Causae,
1271 1666 1412 1704 propter
1427 1671 1507 1705 quas
1528 1667 1703 1704 praesentes
1737 1669 1828 1692 ema-

333 1705 440 1740 narint
464 1717 631 1752 expressae
646 1715 680 1741 et
697 1706 879 1743 verificatae
892 1719 956 1741 non
973 1707 1100 1742 fuerint
1114 1731 1125 1748 ,
1143 1707 1184 1742 de
1198 1707 1432 1753 subreptionis
1446 1708 1500 1742 vel
1518 1706 1727 1753 obreptionis
1742 1731 1753 1746 ,
1768 1713 1827 1742 aut

331 1754 495 1790 nullitatis
516 1755 600 1791 vitio
613 1779 624 1795 ,
653 1767 710 1790 seu
728 1753 924 1791 intentionis
941 1755 1076 1792 Nostrae
1090 1781 1101 1797 ,
1130 1755 1183 1791 vel
1198 1757 1357 1803 quopiam
1373 1756 1440 1791 alio
1456 1757 1588 1793 defectu
1605 1757 1736 1796 notari,
1763 1755 1828 1790 im-

331 1804 499 1851 pugnari,
527 1804 581 1841 vel
598 1803 738 1850 infringi
756 1803 947 1840 nullatenus
970 1817 1068 1851 posse
1083 1830 1095 1846 ‚
1124 1805 1267 1841 sedillas
1291 1818 1449 1850 semper,
1481 1815 1516 1842 et
1544 1815 1712 1852 perpetuo
1743 1803 1828 1840 vali-

330 1853 410 1893 das,
439 1861 472 1888 et
490 1853 647 1890 efficaces
677 1865 750 1889 esse
775 1861 808 1889 et
835 1854 933 1895 fore,
962 1866 1106 1900 suosque
1120 1855 1288 1900 plenarios
1313 1864 1349 1891 et
1365 1855 1514 1900 integros
1546 1855 1685 1891 effectus
1712 1853 1824 1890 sortiri

328 1909 361 1937 et
380 1902 560 1944 obtinere3
591 1911 691 1949 atque
711 1902 756 1938 ita
771 1911 808 1938 et
825 1914 889 1938 non
908 1903 1005 1940 aliter
1031 1903 1063 1939 in
1094 1904 1272 1950 quibusvis
1294 1903 1559 1946 Tribunalibus,
1572 1916 1609 1940 ac
1638 1915 1699 1951 per
1723 1915 1825 1950 quos-

331 1962 475 1997 cumque
499 1952 640 1994 Judices
666 1952 700 1986 in
728 1953 789 1987 hac
821 1954 961 1989 materia
987 1962 1215 1999 competentes
1244 1978 1255 1994 ‚
1283 1954 1381 1991 etiam
1404 1954 1562 2001 specifica
1589 1963 1624 1989 et
1649 1953 1826 1989 individua

329 2000 504 2036 mentione
537 2001 657 2049 dignos
685 2000 852 2043 decerni,
879 2011 913 2037 et
936 2002 1080 2044 judicari
1109 2002 1321 2040 decernimus
1339 2029 1350 2045 ‚
1379 2013 1413 2039 et
1442 2006 1664 2045 mandamus,
1694 2001 1823 2038 sublata

326 2047 468 2086 cullibet
483 2049 582 2086 aliter
608 2050 779 2091 judicandi
798 2075 809 2092 ,
844 2060 877 2087 et
905 2051 1146 2098 interpretandi
1173 2052 1361 2094 facultate,
1392 2062 1492 2100 atque
1521 2053 1726 2090 authoritate
1743 2071 1754 2088 2
1783 2057 1822 2083 ac

324 2095 460 2135 irritum
475 2123 486 2141 ‚
513 2108 548 2136 et
562 2100 659 2135 inane
672 2099 771 2136 etiam
788 2101 1034 2144 decernentes,
1061 2102 1088 2138 si
1102 2114 1199 2138 secus
1213 2115 1319 2148 super
1332 2103 1383 2138 his
1398 2116 1416 2138 a
1429 2115 1602 2148 quoquam
1620 2099 1739 2146 quavis
1763 2107 1821 2133 au-

322 2147 484 2182 ctoritate
499 2149 650 2184 scienter
664 2173 676 2189 ,
708 2148 787 2185 vel
777 2160 972 2195 ignoranter
991 2151 1178 2195 contigerit
1191 2151 1374 2186 attentari.

420 2195 501 2229 Non
516 2196 723 2230 obstantibus
740 2205 818 2230 etc.

417 2241 517 2278 Nulli
534 2254 617 2288 ergo
632 2243 807 2278 hominum
822 2251 875 2279 etc
888 2267 898 2278 .

420 2291 553 2326 Datum
571 2293 689 2327 Romae
707 2293 797 2335 apud
816 2293 970 2326 Sanctam
987 2290 1129 2327 Mariam
1144 2291 1312 2334 Maiorem
1331 2316 1342 2333 ,
1373 2292 1475 2328 Anno
1487 2291 1724 2329 Incarnationis
1742 2292 1815 2328 Do-

320 2337 453 2376 minicae
484 2339 669 2375 Millesimo
685 2339 986 2386 septingentesimo
1009 2341 1219 2387 sexagesimo
1245 2351 1344 2380 sexto
1359 2366 1371 2383 ‚
1395 2343 1534 2379 Octavo
1562 2341 1728 2379 Kalendas
1753 2342 1809 2377 Se-

321 2388 493 2433 ptembris
507 2414 518 2431 ,
545 2387 761 2426 Pontificatus
786 2389 907 2427 Nostri
932 2392 1033 2428 Anno
1061 2390 1165 2427 Nono
1182 2416 1193 2428 .

1663 2584 1714 2622 Ν.
1728 2583 1818 2622 XLI.
