1952 3167
326 342 410 388 224
595 329 671 373 DE
702 329 841 386 JURE
874 330 1221 374 SIGNATURAE
1254 329 1518 385 JUSTITIAE

325 390 585 435 conscientiae
599 392 768 447 alicujus
789 392 1065 439 committitur,
1071 406 1188 434 nemo
1210 392 1644 452 contrariumprobare
1663 396 1799 441 volens

329 453 497 494 auditur
516 479 530 498 ,
561 450 680 508 juxta
710 465 870 493 sensum
902 450 1070 494 canonis
1094 449 1331 507 statutum§.
1359 467 1567 496 assessores
1583 455 1630 496 de
1661 455 1803 498 rescri-

329 511 410 569 ptis
426 511 464 553 in
487 511 544 552 6⁰.

451 571 527 612 Hic
557 583 721 619 tamen,
746 582 783 611 et
800 569 874 611 alia
906 569 1086 621 quaestio
1104 567 1349 626 proponitur
1366 598 1379 618 ‚
1412 584 1463 611 an
1483 569 1767 622 juramentum
1783 607 1797 625 ‚

327 629 369 670 in
385 631 592 672 antedicta
616 630 652 669 (
659 629 913 670 ommissione
935 629 1216 671 tantummodo
1235 641 1464 684 expressum
1481 658 1494 676 ,
1528 632 1715 687 praestari
1732 634 1796 674 de-

326 689 432 732 beat.
436 687 670 733 Mandosius
678 689 723 728 de
738 686 1075 730 commissionibus
1088 687 1329 731 Avocatorzis
1342 687 1558 731 Causarum
1574 690 1701 733 utitur
1715 692 1788 733 hac

329 748 581 791 dictinctione
605 777 617 795 ,
651 761 722 788 aut
742 763 880 815 nempe
903 748 1117 790 Commissi
1109 763 1146 790 ¹0
1162 748 1362 789 fundatur
1390 764 1508 806 super
1527 749 1792 802 juramento,

330 806 432 849 itaut
464 807 665 850 addatur
658 822 698 847 in
720 810 942 874 rescriptO,
971 807 1159 864 praestito
1176 809 1403 855 sacramento
1423 810 1792 867 perlzorrescenttae,

329 879 367 907 ct
395 867 567 922 quidem
595 868 784 924 praeStari
821 882 932 926 prius
959 870 1102 917 debett,
1134 882 1244 909 secus
1267 868 1377 908 enim
1408 868 1642 925 rescriptum
1673 869 1796 910 adim

326 923 481 978 pletum
508 939 591 965 non
617 926 794 974 dicitur,
822 942 860 968 et
889 927 1026 967 omnia
1054 940 1159 982 gesta
1177 927 1315 981 vigore
1335 927 1518 980 ejusdem
1535 927 1796 970 Commissio-

328 982 390 1022 nis
410 982 517 1022 nulla
546 983 716 1024 omnino
746 999 896 1031 etuntt,
925 999 1018 1024 nam
1039 999 1112 1039 pro
1135 999 1226 1039 jure
1242 998 1350 1027 certo
1383 987 1584 1035 habetur,
1615 986 1792 1039 Jurisdi-

327 1039 502 1080 tionem
534 1042 784 1083 commissam
825 1057 909 1083 non
940 1042 1135 1090 excitari,
1165 1043 1241 1083 nisi
1277 1044 1489 1109 adimpleta
1523 1045 1758 1088 conditione
1779 1076 1794 1096 ‚

330 1098 648 1148 commissioni,
663 1102 742 1144 sive
763 1102 991 1158 Rescripto,
1006 1117 1026 1142 a
1047 1101 1259 1158 Signatura
1282 1101 1462 1157 adjecta;
1473 1118 1588 1146 secus
1606 1119 1704 1148 vero
1719 1117 1792 1153 est,

327 1158 498 1211 quando
531 1159 711 1202 clausula
733 1163 963 1218 supradicta
985 1176 1067 1202 non
1089 1176 1343 1217 apponatur,
1356 1176 1454 1204 tunc
1472 1163 1580 1203 enim
1599 1163 1796 1206 Commis

324 1216 478 1282 sionem
509 1217 768 1273 {impetrans
757 1234 891 1273 jurare
927 1235 1011 1261 non
1030 1234 1219 1269 tenetur,
1236 1221 1307 1261 nisi
1328 1221 1594 1263 Adversario
1585 1234 1787 1266 metante.

519 1277 771 1322 Commissio
798 1279 1042 1322 Avocaroria
1080 1292 1239 1335 propter
1269 1278 1568 1335 suspicionem.
1591 1319 1594 1321 Α

929 1340 1173 1380 Μαι-σηπίη.

848 1400 1072 1442 Beatissime
1105 1401 1248 1441 Pater.

443 1462 619 1504 Vertente
639 1460 702 1502 lite
723 1491 735 1508 ‚
769 1472 805 1500 et
823 1472 936 1499 causa
955 1473 1087 1500 coram
1108 1459 1298 1514 Episcopo
1318 1459 1571 1500 Maceraten
1585 1490 1598 1508 ‚
1612 1461 1676 1502 vel
1702 1474 1735 1516 eJ
1728 1460 1784 1503 ’us

324 1519 484 1564 Vicario
513 1520 685 1579 generali
700 1518 799 1560 inter
817 1517 861 1557 S.
880 1518 930 1560 V.
953 1516 1155 1559 Oratorem
1190 1517 1241 1557 A.
1265 1528 1330 1566 ‚et
1348 1518 1382 1558 Β
1415 1517 1687 1560 Adversarium
1710 1522 1787 1570 de,

323 1593 361 1620 et
373 1596 487 1635 super
515 1593 584 1620 etc
604 1579 706 1620 idem
723 1578 855 1625 Judex
871 1576 988 1620 nimis
1011 1577 1180 1619 animose
1208 1580 1443 1631 procedens,
1474 1577 1697 1633 (narretur
1721 1578 1789 1621 hic

321 1635 546 1693 facturn),
579 1652 617 1679 se
635 1636 792 1679 Οιατοι·ἱ
820 1647 1036 1694 suspectum
1075 1636 1272 1686 reddidit,
1302 1647 1425 1693 prout
1455 1635 1587 1684 iurare
1617 1646 1787 1693 paratus

324 1706 383 1737 est
400 1728 413 1746 ,
446 1707 485 1738 et
513 1727 526 1744 ,
572 1707 759 1754 quatenus
783 1711 881 1753 opus
905 1708 993 1746 est,
1014 1696 1131 1753 jurat
1163 1696 1202 1738 in
1233 1696 1412 1738 manibus
1431 1697 1474 1736 S.
1503 1696 1550 1738 V.
1575 1727 1589 1746 ,
1617 1697 1716 1738 adeo
1742 1708 1790 1737 ut

323 1769 457 1797 coram
491 1771 532 1798 eo
538 1766 738 1812 Justztzam
770 1756 922 1812 assequi
947 1772 1022 1798 noa
1039 1768 1196 1813 sper-at
1187 1789 1199 1806 ‚
1234 1767 1270 1797 et
1287 1757 1377 1812 quia
1404 1756 1545 1796 durum
1578 1770 1632 1797 est
1649 1769 1784 1797 coram

325 1828 500 1873 suspecto
529 1815 664 1863 Iudice
699 1814 855 1872 litigare
875 1844 888 1862 ,
919 1816 1002 1857 ideo
1028 1817 1159 1856 dictus
1196 1815 1344 1856 Orator
1375 1814 1568 1856 humiliter
1594 1813 1790 1871 ,supplicat
1851 1868 1853 1870 Ι

323 1875 369 1916 S.
394 1878 468 1926 V„
498 1887 686 1933 quatenus
715 1873 875 1931 praevia
911 1874 1134 1917 avocatione
1166 1874 1314 1916 Causae
1344 1905 1361 1942 ,³
1394 1885 1432 1915 et
1463 1874 1679 1915 Causarum
1714 1875 1788 1913 hu-

313 1934 516 1990 jusmodi,
545 1934 655 1978 alterz'
668 1934 892 1991 Episcopo,
914 1935 974 1976 vel
990 1933 1199 1976 Ordinarz'o
1233 1932 1415 1976 vicimori
1440 1962 1453 1981 ‚
1480 1934 1541 1975 vel
1571 1932 1653 1989 ejus
1668 1944 1788 1991 gene-

325 1995 402 2037 rali
438 1995 593 2039 Vicario
622 1993 858 2036 committere
875 2024 887 2041 ‚
927 2005 964 2036 et
978 1996 1164 2036 mandare
1193 1994 1403 2051 dignetur,
1427 1992 1582 2034 audien.
1606 2020 1619 2038 ‚
1648 2001 1720 2031 etc.

382 2054 593 2098 Adnotare
611 2067 695 2094 non
717 2053 855 2095 inutile
866 2053 937 2095 hic
958 2055 1053 2103 erit,
1074 2054 1215 2108 quod
1202 2068 1264 2094 m
1262 2055 1450 2095 Romana
1468 2049 1624 2096 Curia,
1650 2061 1780 2101 quum

324 2113 371 2155 de
392 2114 546 2161 Judicis
568 2113 818 2155 recusatione
836 2126 1008 2167 agatur,
1031 2114 1203 2151 habetur
1229 2125 1416 2150 recursus
1436 2109 1489 2148 ad
1518 2107 1781 2160 signaturam

325 2172 560 2221 Pontificis,
592 2172 653 2214 vel
679 2171 882 2220 Justitiae‚
918 2168 988 2208 ubi
1021 2167 1185 2222 praevio
1215 2165 1424 2207 maturiori
1459 2165 1641 2206 examine
1672 2166 1778 2234 quid

325 2230 528 2287 agendum
556 2229 604 2268 sit
631 2225 900 2273 decernitur;
933 2238 1042 2266 extra
1088 2237 1219 2266 tamen
1253 2226 1478 2266 Romanam
1509 2223 1681 2266 Curiam
1695 2254 1715 2290 .’
1743 2224 1777 2266 si

327 2290 516 2331 adversus
543 2285 717 2342 aliquem
734 2285 915 2332 iudicem
933 2285 1199 2348 proponenda
1234 2282 1287 2325 sit
1305 2283 1536 2333 recusatio,
1555 2283 1776 2326 recurritur

328 2347 380 2388 ad
404 2346 707 2389 Provinciarum
736 2344 936 2384 Praesides
966 2372 979 2390 ‚
1010 2356 1080 2398 qui
1112 2357 1149 2384 et
1181 2342 1317 2400 Legati
1345 2342 1595 2400 appellantur
1620 2373 1634 2391 ,
1659 2356 1698 2386 et
1727 2352 1776 2385 ut
1800 2340 1804 2341 ⁷

326 2404 537 2448 Causidici
565 2417 704 2459 ajunt,
732 2403 884 2444 habent
917 2401 1173 2458 signaturam
1203 2402 1244 2443 in
1272 2416 1408 2445 ventre
1427 2432 1440 2451 ,
1471 2401 1694 2444 dummodo
1714 2415 1774 2445 ta-

324 2480 414 2507 men
433 2464 504 2508 iuis
522 2464 712 2514 subsint,
727 2463 788 2504 sin
809 2476 902 2505 vero
921 2463 977 2503 ad
996 2462 1157 2505 Sacram
1174 2461 1447 2511 consultam,
1462 2476 1533 2503 seu
1563 2461 1614 2504 ad
1634 2460 1772 2519 Signa-

323 2538 464 2569 turas.

443 2583 689 2640 Proponitur
723 2582 842 2627 etiam
874 2583 972 2625 haec
1001 2580 1244 2625 commissio
1294 2591 1516 2638 antequam
1549 2578 1687 2623 Causa
1723 2579 1774 2622 sit

1708 2637 1773 2679 in-
