1952 3167
341 318 384 355 ’,τι
703 304 763 339 DE
791 304 903 345 JURE
932 303 1214 339 SIGNATURAE
1241 302 1451 344 JUSTITIAE

388 354 449 390 111.
500 353 729 388 Decernentes
748 354 877 388 easdem
895 362 1069 396 praesentes
1100 353 1209 386 literas
1227 363 1361 396 semper
1380 353 1489 386 firmas
1504 375 1515 390 ,
1541 350 1665 387 validas
1682 377 1691 392 ,
1723 360 1754 388 et
1769 353 1814 387 ef-

340 405 457 438 ficaces
472 402 614 437 existere
627 427 637 441 ‚
668 411 702 436 et
732 403 800 436 fore
817 425 827 440 ‚
863 413 1007 445 suosque
1025 400 1190 444 plenarios
1204 424 1214 439 ,
1241 409 1273 434 et
1290 401 1438 445 integros
1469 400 1606 434 effectus
1623 401 1733 436 sortiri
1754 425 1763 440 ‚
1781 409 1815 436 et

336 452 490 486 obtinere
510 473 520 490 ,
547 463 583 485 ac
602 450 663 487 illis
681 475 690 489 ,
726 453 764 484 ad
794 460 877 494 quos
905 459 1034 493 spectat
1050 474 1059 486 ‚
1090 459 1122 483 et
1142 460 1202 493 pro
1219 458 1369 491 tempore
1385 447 1550 491 spectabit
1580 448 1611 481 in
1630 451 1787 484 omnibus
1802 473 1813 489 ‚

337 510 368 534 et
397 511 457 545 per
469 500 580 533 omnia
595 498 785 543 plenissime
808 497 1001 541 suffragari,
1030 496 1145 539 sicque
1176 497 1205 529 in
1226 495 1402 538 praemissis
1423 506 1482 536 per
1497 505 1730 542 quoscumque
1757 499 1815 538 Ju-

336 548 424 582 dices
451 548 655 584 Ordinarios
674 571 683 586 ‚
713 556 744 580 et
762 546 946 590 Delegatos
963 567 973 581 ,
1003 545 1098 577 etiarn
1121 553 1294 577 causarum
1315 541 1433 576 Palatii
1463 543 1654 586 Apostolici
1673 546 1814 579 Audito.

336 608 385 631 res
400 621 410 636 ,
437 609 472 631 ac
501 597 533 630 S.
555 596 596 629 R.
613 596 649 629 E.
671 593 876 628 'C.1rdtnales
894 591 992 626 etiam
1009 594 1049 625 de
1066 593 1165 626 latere
1193 591 1333 635 Legatos
1350 615 1359 630 ,
1387 601 1421 625 et
1449 589 1533 624 alios
1549 591 1716 635 quoslibet
1732 605 1816 638 qua-

335 656 481 689 cumque
497 642 747 689 praeeminentia
760 664 769 679 ‚
798 649 830 674 et
848 648 1011 685 potestate
1029 639 1202 684 fungentes
1217 663 1226 678 ‚
1255 648 1288 673 et
1305 639 1481 673 functuros
1495 663 1506 678 ,
1532 639 1661 674 sublata
1677 641 1722 674 eis
1737 665 1747 680 ‚
1780 649 1815 675 et

335 705 453 728 eorum
469 692 609 726 cuilibet
625 690 741 735 quavis
766 688 863 722 aliter
887 687 1080 726 iudicandi,
1115 697 1145 721 et
1163 687 1399 731 interpretandi
1430 688 1611 728 facultate,
1641 698 1673 722 et
1702 698 1814 734 aucto-

341 742 437 776 ritate
452 739 592 779 judicari
608 763 618 778 ‚
647 748 681 773 et
695 737 826 773 definiri
846 737 967 770 debere
983 761 992 776 ‚
1017 748 1052 770 ac
1074 736 1204 770 irritum
1220 759 1230 774 ‚
1262 744 1293 769 et
1311 736 1405 770 inane
1420 760 1430 776 ‚
1461 737 1486 770 si
1500 747 1594 770 secus
1610 748 1714 780 super
1730 738 1779 771 his
1796 750 1814 772 a.

340 801 507 835 quoquam
536 787 651 832 quavis
679 787 902 823 auctoritate,
932 784 1101 823 scienter,
1131 785 1183 817 vel
1204 783 1395 829 ignoranter
1419 784 1602 828 contigerit
1628 786 1811 826 attentari3

341 849 405 871 non
421 837 629 871 obstantibus
645 833 959 869 Constitutionibus
973 857 982 872 ‚
1000 842 1032 866 et
1049 832 1330 867 Ordinationibus
1359 832 1592 877 Apostolicisj,
1609 834 1809 879 caeterisque

338 884 513 921 contrariis
538 885 807 929 quibuscumque
823 907 832 916 .

437 935 559 966 Datum
589 933 704 964 Roma:
720 930 806 972 apud
826 931 976 963 Sanc-&am
994 930 1134 964 Mariam
1151 930 1311 967 Maiorem
1340 929 1402 963 sub
1418 927 1532 962 Anulo
1548 928 1726 963 Piscatoris
1751 929 1807 963 die

337 991 403 1022 25.
417 978 563 1019 januarii
587 988 689 1023 1731,
708 977 924 1011 Pontificatus
952 978 1055 1011 nostri
1071 980 1169 1012 Anno
1198 977 1226 1010 Ι.

1163 1030 1197 1058 F.
1220 1024 1404 1059 cardinalis
1422 1024 1587 1060 oliverius
1604 1048 1614 1059 .

338 1196 642 1248 Confirmatur
662 1126 1013 1268 Chirographiiin
1028 1127 1252 1245 {ejtigiliicti
1269 1199 1381 1244 XIlI.
1395 1213 1518 1267 super
1535 1206 1810 1262 augumento

543 1274 833 1338 assignationis
867 1287 1011 1317 annuae
1028 1303 1042 1323 ‚
1082 1269 1345 1317 Votantibus
1375 1272 1608 1334 Signaturae

915 1343 1090 1405 Justitiae
1107 1340 1251 1391 factae„

676 1463 1042 1503 ,CLEMENS
1092 1464 1303 1495 ῬΛῬΛ
1356 1467 1458 1495 XJJ.

789 1510 851 1543 Aci
871 1517 1062 1555 perpetuam
1080 1511 1127 1544 rei
1141 1510 1329 1544 memoriam
1347 1533 1356 1542 .

341 1630 343 1633 -
414 1606 575 1652 Ingularis
605 1606 805 1641 dilectorum
835 1605 981 1647 filio‘um
1011 1605 1161 1651 Collegii
1178 1607 1352 1648 utriusque
1367 1604 1553 1650 Signaturae
1579 1612 1698 1639 nostrae
1714 1603 1812 1638 Refe-

425 1655 652 1690 rendariorum
669 1655 700 1689 in
719 1666 777 1689 nos
793 1678 802 1693 ‚
835 1662 868 1686 et
884 1654 1117 1697 Apostolicam
1148 1655 1267 1687 Sedem
1297 1653 1375 1686 fides
1391 1676 1401 1691 ,
1431 1662 1464 1687 et
1487 1652 1624 1686 devotio
1639 1677 1649 1692 ,
1677 1663 1808 1687 necnon

343 1703 485 1740 assidui..
513 1713 544 1737 et
560 1715 676 1747 graves
691 1703 818 1737 labores
835 1724 844 1740 ‚
872 1713 953 1745 quos
980 1702 1186 1740 substinent,
1215 1711 1449 1746 promerentur
1476 1724 1486 1739 ,
1515 1711 1551 1735 ut
1585 1712 1646 1740 ea,
1674 1712 1746 1745 qux
1767 1701 1808 1735 ad

345 1751 477 1786 illorum
506 1752 652 1786 favorem
683 1764 724 1786 ex
745 1751 842 1785 dictae
865 1750 958 1783 Sedis
990 1749 1216 1784 munificentia
1240 1758 1497 1794 processerunt,
1525 1761 1592 1794 quo
1620 1746 1811 1784 inviolabili

342 1801 436 1841 juxta
456 1810 599 1834 mentem
618 1824 627 1839 ,
655 1809 686 1834 et
702 1798 916 1837 intentionem
933 1806 1079 1832 nostram
1096 1799 1226 1832 roboris
1245 1797 1399 1833 firmitate
1415 1807 1622 1842 perennent,
1650 1806 1683 1831 et
1702 1797 1811 1831 nerni-

344 1847 376 1882 ni
393 1850 534 1893 desuper
561 1848 680 1894 quovis
711 1856 875 1892 praetextu
892 1871 902 1886 ‚
929 1857 962 1880 et
989 1859 1029 1880 ex
1067 1858 1278 1892 quacumque
1308 1858 1404 1881 causa
1437 1845 1612 1880 dubitandi
1650 1844 1810 1882 occasio,

343 1896 740 1942 locusquerelinquatur,
769 1894 955 1940 Apostolici
974 1895 1167 1935 muniminis
1183 1894 1336 1939 praesidio
1353 1894 1626 1929 constabiliamus
1641 1921 1650 1931 .

392 1946 422 1980 Ι.
440 1944 528 1980 Alias
545 1946 708 1991 siquidem
725 1944 781 1979 fel.
795 1955 864 1978 rec.
885 1943 1085 1978 Benedictus
1103 1944 1168 1978 ΡΙ).
1185 1944 1278 1978 XlIl.
1307 1945 1528 1988 praedecessor
1543 1953 1653 1978 noster
1668 1940 1806 1977 annuam

345 1995 490 2028 duorum
523 1993 663 2028 millium
694 2002 925 2028 sexcentorum
957 2001 1097 2026 monetae
1123 1992 1379 2037 assignationem
1407 2004 1508 2038 super
1538 1992 1744 2029 redditibus,
1772 1997 1807 2023 et

347 2042 564 2086 proventibus
580 2042 730 2076 Dohanae
747 2042 897 2075 Camerae
912 2040 1249 2085 nosteaeApostolicae
1266 2065 1276 2081 ‚
1304 2050 1383 2075 tunc
1397 2052 1462 2076 suae
1476 2051 1597 2085 praeter
1607 2048 1699 2075 scuta
1715 2035 1807 2071 mille

346 2092 488 2124 ducenta
504 2090 624 2125 similia
640 2102 720 2124 a-re.
737 2101 836 2124 mem.
857 2090 970 2125 Innoc.
991 2090 1054 2123 PP.
1069 2090 1146 2124 XII.
1163 2092 1404 2132 predecessore
1431 2089 1557 2132 pariter
1571 2099 1683 2121 nostro
1698 2085 1805 2119 eidem

347 2137 507 2181 Collegio
538 2138 725 2182 assignata,
752 2149 872 2181 nempe
907 2137 1086 2180 quingenta
1117 2145 1212 2171 scuta
1253 2137 1345 2179 paria
1373 2145 1474 2173 tunc,
1501 2144 1534 2168 et
1555 2146 1624 2178 *pro
1652 2144 1806 2178 tempore

350 2183 503 2217 existenti
521 2186 659 2219 Decano
679 2209 687 2223 ,
714 2196 775 2217 nec
793 2195 856 2216 non
872 2193 965 2216 scuta
978 2191 1125 2216 trecenta
1143 2183 1293 2220 ejusdem
1310 2192 1451 2217 monetae
1466 2182 1606 2217 cuilibet
1628 2195 1669 2218 ex
1685 2183 1809 2216 Votan-

351 2231 437 2266 tibus
452 2231 602 2275 Collegii
619 2230 810 2269 hujusmodi
831 2253 840 2268 ‚
868 2229 1005 2274 singulis
1038 2230 1128 2264 annis
1156 2230 1335 2274 anticipate
1362 2231 1603 2274 persolvenda,
1631 2244 1705 2266 cum
1736 2233 1809 2270 jure

344 2279 560 2313 >accrescendi
582 2280 612 2313 in
633 2291 708 2313 casu
726 2276 922 2312 deficientiae
937 2277 1076 2316 alicujus
1093 2290 1132 2312 ex
1146 2277 1310 2320 praedictis
1335 2279 1558 2319 Votantibus,
1585 2280 1746 2318 adauxit,
1774 2286 1809 2313 et

346 2326 426 2363 alias
443 2335 545 2371 prout
557 2327 748 2362 continetur
763 2326 794 2359 in
812 2324 1049 2369 chirographo
1064 2327 1103 2359 ab
1118 2326 1240 2360 eodem
1268 2327 1456 2361 Benedicto
1484 2330 1730 2372 praedecessore
1753 2327 1809 2362 die

350 2387 408 2422 24.
424 2376 627 2420 Septembris
653 2385 754 2420 1725.
773 2382 952 2413 emmam,
979 2383 1012 2407 et
1042 2373 1143 2418 ipsius
1171 2386 1267 2408 manu
1294 2376 1508 2420 subscripto,
1535 2388 1572 2410 ac
1601 2377 1684 2411 Ven.
1701 2373 1809 2411 Fratri

351 2422 505 2459 Annibali
539 2423 702 2469 Episcopo
729 2421 882 2456 Sabinen.
906 2422 938 2455 S.
968 2422 1010 2456 R.
1042 2422 1079 2455 E.
1107 2422 1279 2457 Cardinali
1301 2424 1455 2463 Albano,
1484 2424 1589 2459 Sancti
1620 2422 1804 2459 Clementis

352 2480 541 2516 nuncupato
556 2496 566 2512 ,
596 2472 743 2511 ejusdem
761 2471 792 2504 S.
812 2471 853 2504 R.
870 2469 907 2503 E.
922 2470 1121 2504 camerario
1147 2471 1300 2510 directo,
1327 2483 1385 2506 nec
1408 2484 1471 2506 non
1495 2472 1523 2506 in
1552 2474 1808 2518 exequutionem

352 2519 451 2571 edi-cti
470 2543 480 2558 ,
504 2522 595 2560 jussu
610 2529 725 2556 nostro
747 2517 935 2565 publicati,
963 2519 995 2552 in
1022 2518 1110 2553 dicta
1134 2519 1279 2553 Camera
1296 2520 1509 2568 *registrato,
1538 2521 1660 2557 tenoris
1677 2520 1734 2567 qui
1760 2529 1809 2552 se-

353 2574 467 2611 quitur
481 2588 497 2612 2
1725 2571 1808 2609 Rev.
