<?xml version="1.0" encoding="UTF-8"?>
<!DOCTYPE html PUBLIC "-//W3C//DTD XHTML 1.0 Transitional//EN"
    "http://www.w3.org/TR/xhtml1/DTD/xhtml1-transitional.dtd">
<html xmlns="http://www.w3.org/1999/xhtml" xml:lang="en" lang="en">
 <head>
  <title>
</title>
<meta http-equiv="Content-Type" content="text/html;charset=utf-8" />
  <meta name='ocr-system' content='tesseract 3.04.00' />
  <meta name='ocr-capabilities' content='ocr_page ocr_carea ocr_par ocr_line ocrx_word'/>
</head>
<body>
  <div class='ocr_page' id='page_1' title='image "./dejuresignaturae00vita_0375.png"; bbox 0 0 1993 3195; ppageno 0'>
   <div class='ocr_carea' id='block_1_1' title="bbox 637 279 1604 329">
    <p class='ocr_par' dir='ltr' id='par_1_1' title="bbox 637 279 1604 329">
     <span class='ocr_line' id='line_1_1' title="bbox 637 279 1604 329; baseline 0.009 -19"><span class='ocrx_word' id='word_1_1' title='bbox 637 279 1129 315; x_wconf 75' lang='lat' dir='ltr'>APPENDIX</span> <span class='ocrx_word' id='word_1_2' title='bbox 1563 296 1604 329; x_wconf 66' lang='grc' dir='ltr'>γι</span> 
     </span>
    </p>
   </div>
   <div class='ocr_carea' id='block_1_2' title="bbox 201 374 1537 660">
    <p class='ocr_par' dir='ltr' id='par_1_2' title="bbox 201 374 1537 660">
     <span class='ocr_line' id='line_1_2' title="bbox 736 374 976 420; baseline 0 0"><span class='ocrx_word' id='word_1_3' title='bbox 736 374 799 420; x_wconf 87' lang='grc' dir='ltr'>Ν.</span> <span class='ocrx_word' id='word_1_4' title='bbox 828 376 976 420; x_wconf 84' lang='lat' dir='ltr'><strong>XXV.</strong></span> 
     </span>
     <span class='ocr_line' id='line_1_3' title="bbox 201 443 1537 510; baseline 0.003 -17"><span class='ocrx_word' id='word_1_5' title='bbox 201 443 460 493; x_wconf 85' lang='lat' dir='ltr'>Votautibus</span> <span class='ocrx_word' id='word_1_6' title='bbox 491 447 720 510; x_wconf 84' lang='lat' dir='ltr'>Signaturae</span> <span class='ocrx_word' id='word_1_7' title='bbox 737 447 909 506; x_wconf 81' lang='lat' dir='ltr'>Justitiae</span> <span class='ocrx_word' id='word_1_8' title='bbox 931 444 1183 494; x_wconf 81' lang='lat' dir='ltr'>conceditur</span> <span class='ocrx_word' id='word_1_9' title='bbox 1205 462 1300 494; x_wconf 89' lang='lat' dir='ltr'>usus</span> <span class='ocrx_word' id='word_1_10' title='bbox 1330 448 1537 497; x_wconf 86' lang='lat' dir='ltr'>Mantelli</span> 
     </span>
     <span class='ocr_line' id='line_1_4' title="bbox 276 517 1463 583; baseline 0.003 -17"><span class='ocrx_word' id='word_1_11' title='bbox 276 520 430 583; x_wconf 84' lang='lat' dir='ltr'>Magni</span> <span class='ocrx_word' id='word_1_12' title='bbox 460 552 474 572; x_wconf 89' lang='lat'>,</span> <span class='ocrx_word' id='word_1_13' title='bbox 509 531 554 566; x_wconf 93' lang='lat' dir='ltr'>et</span> <span class='ocrx_word' id='word_1_14' title='bbox 581 517 687 566; x_wconf 88' lang='lat' dir='ltr'>Pilei</span> <span class='ocrx_word' id='word_1_15' title='bbox 719 517 980 566; x_wconf 82' lang='lat' dir='ltr'>pontificalis</span> <span class='ocrx_word' id='word_1_16' title='bbox 1007 536 1108 566; x_wconf 82' lang='lat' dir='ltr'>cuin</span> <span class='ocrx_word' id='word_1_17' title='bbox 1138 518 1314 568; x_wconf 85' lang='lat' dir='ltr'>illorum</span> <span class='ocrx_word' id='word_1_18' title='bbox 1341 538 1463 569; x_wconf 83' lang='lat' dir='ltr'>orna-</span> 
     </span>
     <span class='ocr_line' id='line_1_5' title="bbox 409 590 1328 660; baseline 0.003 -23"><span class='ocrx_word' id='word_1_19' title='bbox 409 594 568 639; x_wconf 85' lang='lat' dir='ltr'>mentis</span> <span class='ocrx_word' id='word_1_20' title='bbox 592 593 638 657; x_wconf 84' lang='lat' dir='ltr'>in</span> <span class='ocrx_word' id='word_1_21' title='bbox 670 590 931 640; x_wconf 86' lang='lat' dir='ltr'><strong>solemnibus</strong></span> <span class='ocrx_word' id='word_1_22' title='bbox 969 591 1299 660; x_wconf 86' lang='lat' dir='ltr'>equitationibus</span> <span class='ocrx_word' id='word_1_23' title='bbox 1316 627 1328 640; x_wconf 86' lang='lat'><strong>.</strong></span> 
     </span>
    </p>
   </div>
   <div class='ocr_carea' id='block_1_3' title="bbox 569 714 1255 807">
    <p class='ocr_par' dir='ltr' id='par_1_3' title="bbox 569 714 1255 807">
     <span class='ocr_line' id='line_1_6' title="bbox 569 714 1255 747; baseline 0.004 -3"><span class='ocrx_word' id='word_1_24' title='bbox 569 714 891 744; x_wconf 79' lang='lat' dir='ltr'><em>CLEMEMES</em></span> <span class='ocrx_word' id='word_1_25' title='bbox 931 716 1114 746; x_wconf 67' lang='lat' dir='ltr'><em>‘PA‘PA</em></span> <span class='ocrx_word' id='word_1_26' title='bbox 1155 718 1255 747; x_wconf 86' lang='lat' dir='ltr'><strong><em>XII.</em></strong></span> 
     </span>
     <span class='ocr_line' id='line_1_7' title="bbox 624 761 1209 807; baseline 0.005 -15"><span class='ocrx_word' id='word_1_27' title='bbox 624 762 685 793; x_wconf 68' lang='lat' dir='ltr'>Ad</span> <span class='ocrx_word' id='word_1_28' title='bbox 699 767 892 807; x_wconf 82' lang='lat' dir='ltr'>perpetuam</span> <span class='ocrx_word' id='word_1_29' title='bbox 919 761 965 795; x_wconf 78' lang='lat' dir='ltr'>rei</span> <span class='ocrx_word' id='word_1_30' title='bbox 990 761 1181 795; x_wconf 75' lang='lat' dir='ltr'><em>memoriam</em></span> <span class='ocrx_word' id='word_1_31' title='bbox 1200 785 1209 795; x_wconf 86' lang='lat'><strong>.</strong></span> 
     </span>
    </p>
   </div>
   <div class='ocr_carea' id='block_1_4' title="bbox 122 854 1606 1967">
    <p class='ocr_par' dir='ltr' id='par_1_4' title="bbox 126 854 1606 1143">
     <span class='ocr_line' id='line_1_8' title="bbox 127 854 1605 941; baseline 0.004 -52"><span class='ocrx_word' id='word_1_32' title='bbox 127 857 206 941; x_wconf 75' lang='lat' dir='ltr'>C</span> <span class='ocrx_word' id='word_1_33' title='bbox 225 855 354 890; x_wconf 79' lang='lat' dir='ltr'>Reditae</span> <span class='ocrx_word' id='word_1_34' title='bbox 386 854 482 889; x_wconf 91' lang='lat' dir='ltr'>nobis</span> <span class='ocrx_word' id='word_1_35' title='bbox 510 854 671 890; x_wconf 86' lang='lat' dir='ltr'>divinitus</span> <span class='ocrx_word' id='word_1_36' title='bbox 703 856 957 901; x_wconf 78' lang='lat' dir='ltr'>dispensationis</span> <span class='ocrx_word' id='word_1_37' title='bbox 987 855 1069 891; x_wconf 79' lang='lat' dir='ltr'>ratio</span> <span class='ocrx_word' id='word_1_38' title='bbox 1097 857 1314 901; x_wconf 82' lang='lat' dir='ltr'>expostulat,</span> <span class='ocrx_word' id='word_1_39' title='bbox 1342 867 1378 892; x_wconf 91' lang='lat' dir='ltr'>ut</span> <span class='ocrx_word' id='word_1_40' title='bbox 1407 858 1481 894; x_wconf 91' lang='lat' dir='ltr'>illos</span> <span class='ocrx_word' id='word_1_41' title='bbox 1499 884 1508 900; x_wconf 92' lang='lat'>‚</span> <span class='ocrx_word' id='word_1_42' title='bbox 1547 860 1605 905; x_wconf 85' lang='lat' dir='ltr'>qui</span> 
     </span>
     <span class='ocr_line' id='line_1_9' title="bbox 237 902 1606 953; baseline 0.004 -16"><span class='ocrx_word' id='word_1_43' title='bbox 237 902 437 939; x_wconf 80' lang='lat' dir='ltr'>laudabilem</span> <span class='ocrx_word' id='word_1_44' title='bbox 466 903 497 937; x_wconf 84' lang='lat' dir='ltr'>in</span> <span class='ocrx_word' id='word_1_45' title='bbox 527 905 684 949; x_wconf 86' lang='lat' dir='ltr'>gravibus</span> <span class='ocrx_word' id='word_1_46' title='bbox 713 905 857 944; x_wconf 86' lang='lat' dir='ltr'>nostris,</span> <span class='ocrx_word' id='word_1_47' title='bbox 889 915 920 939; x_wconf 84' lang='lat' dir='ltr'>et</span> <span class='ocrx_word' id='word_1_48' title='bbox 945 905 1150 949; x_wconf 79' lang='lat' dir='ltr'>Apostolicae</span> <span class='ocrx_word' id='word_1_49' title='bbox 1178 906 1269 941; x_wconf 81' lang='lat' dir='ltr'>Sedis</span> <span class='ocrx_word' id='word_1_50' title='bbox 1309 907 1500 942; x_wconf 85' lang='lat' dir='ltr'>ministeriis</span> <span class='ocrx_word' id='word_1_51' title='bbox 1530 921 1606 953; x_wconf 87' lang='lat' dir='ltr'>ope·</span> 
     </span>
     <span class='ocr_line' id='line_1_10' title="bbox 127 952 1605 1000; baseline 0.003 -15"><span class='ocrx_word' id='word_1_52' title='bbox 127 963 197 987; x_wconf 85' lang='lat' dir='ltr'>ram</span> <span class='ocrx_word' id='word_1_53' title='bbox 222 952 443 996; x_wconf 87' lang='lat' dir='ltr'>impendunt,</span> <span class='ocrx_word' id='word_1_54' title='bbox 460 953 620 992; x_wconf 80' lang='lat' dir='ltr'>peculiari</span> <span class='ocrx_word' id='word_1_55' title='bbox 642 962 780 997; x_wconf 79' lang='lat' dir='ltr'>paternae</span> <span class='ocrx_word' id='word_1_56' title='bbox 795 954 969 988; x_wconf 81' lang='lat' dir='ltr'>charitatis</span> <span class='ocrx_word' id='word_1_57' title='bbox 996 955 1112 988; x_wconf 82' lang='lat' dir='ltr'>affectu</span> <span class='ocrx_word' id='word_1_58' title='bbox 1134 965 1392 998; x_wconf 84' lang='lat' dir='ltr'>prosequentes,</span> <span class='ocrx_word' id='word_1_59' title='bbox 1411 956 1554 1000; x_wconf 76' lang='lat' dir='ltr'>gratias,</span> <span class='ocrx_word' id='word_1_60' title='bbox 1573 966 1605 991; x_wconf 86' lang='lat' dir='ltr'>et</span> 
     </span>
     <span class='ocr_line' id='line_1_11' title="bbox 126 1000 1605 1049; baseline 0.003 -15"><span class='ocrx_word' id='word_1_61' title='bbox 126 1001 301 1046; x_wconf 76' lang='lat' dir='ltr'>privilegia</span> <span class='ocrx_word' id='word_1_62' title='bbox 320 1001 367 1035; x_wconf 89' lang='lat' dir='ltr'>eis</span> <span class='ocrx_word' id='word_1_63' title='bbox 395 1001 425 1035; x_wconf 92' lang='lat' dir='ltr'>in</span> <span class='ocrx_word' id='word_1_64' title='bbox 454 1000 626 1045; x_wconf 65' lang='lat' dir='ltr'>praemium</span> <span class='ocrx_word' id='word_1_65' title='bbox 644 1000 809 1036; x_wconf 71' lang='lat' dir='ltr'>,laborum</span> <span class='ocrx_word' id='word_1_66' title='bbox 840 1014 976 1037; x_wconf 88' lang='lat' dir='ltr'>suorum</span> <span class='ocrx_word' id='word_1_67' title='bbox 1005 1015 1021 1037; x_wconf 86' lang='lat' dir='ltr'>a</span> <span class='ocrx_word' id='word_1_68' title='bbox 1050 1004 1212 1037; x_wconf 83' lang='lat' dir='ltr'>Romanis</span> <span class='ocrx_word' id='word_1_69' title='bbox 1234 1004 1454 1038; x_wconf 87' lang='lat' dir='ltr'>Pontificibus</span> <span class='ocrx_word' id='word_1_70' title='bbox 1482 1007 1605 1049; x_wconf 83' lang='lat' dir='ltr'>praede-</span> 
     </span>
     <span class='ocr_line' id='line_1_12' title="bbox 127 1049 1605 1097; baseline 0.003 -14"><span class='ocrx_word' id='word_1_71' title='bbox 127 1050 316 1084; x_wconf 83' lang='lat' dir='ltr'>cessoribus</span> <span class='ocrx_word' id='word_1_72' title='bbox 345 1050 465 1083; x_wconf 88' lang='lat' dir='ltr'>nostris</span> <span class='ocrx_word' id='word_1_73' title='bbox 497 1049 652 1094; x_wconf 80' lang='lat' dir='ltr'>prudenti</span> <span class='ocrx_word' id='word_1_74' title='bbox 682 1051 876 1086; x_wconf 79' lang='lat' dir='ltr'>liberalitate</span> <span class='ocrx_word' id='word_1_75' title='bbox 908 1063 1090 1090; x_wconf 81' lang='lat' dir='ltr'>concessa,</span> <span class='ocrx_word' id='word_1_76' title='bbox 1123 1051 1279 1086; x_wconf 81' lang='lat' dir='ltr'>uberiore</span> <span class='ocrx_word' id='word_1_77' title='bbox 1309 1052 1513 1097; x_wconf 80' lang='lat' dir='ltr'>benignitate</span> <span class='ocrx_word' id='word_1_78' title='bbox 1539 1066 1605 1088; x_wconf 87' lang='lat' dir='ltr'>am-</span> 
     </span>
     <span class='ocr_line' id='line_1_13' title="bbox 126 1098 1160 1143; baseline 0.001 -11"><span class='ocrx_word' id='word_1_79' title='bbox 126 1098 270 1143; x_wconf 87' lang='lat' dir='ltr'>pliemus</span> <span class='ocrx_word' id='word_1_80' title='bbox 286 1123 297 1138; x_wconf 86' lang='lat'>‚</span> <span class='ocrx_word' id='word_1_81' title='bbox 323 1099 409 1132; x_wconf 84' lang='lat' dir='ltr'>sicut</span> <span class='ocrx_word' id='word_1_82' title='bbox 438 1109 553 1132; x_wconf 88' lang='lat' dir='ltr'>eorum</span> <span class='ocrx_word' id='word_1_83' title='bbox 575 1098 697 1133; x_wconf 88' lang='lat' dir='ltr'>meritis</span> <span class='ocrx_word' id='word_1_84' title='bbox 717 1100 897 1133; x_wconf 88' lang='lat' dir='ltr'>convenire</span> <span class='ocrx_word' id='word_1_85' title='bbox 927 1100 1160 1133; x_wconf 64' lang='lat' dir='ltr'>arbitramur.&gt;</span> 
     </span>
    </p>

    <p class='ocr_par' dir='ltr' id='par_1_5' title="bbox 124 1145 1603 1523">
     <span class='ocr_line' id='line_1_14' title="bbox 175 1145 1602 1194; baseline 0.003 -14"><span class='ocrx_word' id='word_1_86' title='bbox 175 1147 203 1181; x_wconf 89' lang='grc' dir='ltr'>Ι.</span> <span class='ocrx_word' id='word_1_87' title='bbox 256 1147 349 1181; x_wconf 85' lang='lat' dir='ltr'>Alias</span> <span class='ocrx_word' id='word_1_88' title='bbox 376 1145 543 1189; x_wconf 87' lang='lat' dir='ltr'>siquidem</span> <span class='ocrx_word' id='word_1_89' title='bbox 572 1147 772 1181; x_wconf 84' lang='lat' dir='ltr'>Benedictus</span> <span class='ocrx_word' id='word_1_90' title='bbox 803 1148 898 1181; x_wconf 87' lang='lat' dir='ltr'>Xlll.</span> <span class='ocrx_word' id='word_1_91' title='bbox 925 1150 1148 1191; x_wconf 79' lang='lat' dir='ltr'>praedecessor</span> <span class='ocrx_word' id='word_1_92' title='bbox 1173 1156 1285 1181; x_wconf 87' lang='lat' dir='ltr'>noster</span> <span class='ocrx_word' id='word_1_93' title='bbox 1303 1171 1312 1186; x_wconf 86' lang='lat'><strong>‚</strong></span> <span class='ocrx_word' id='word_1_94' title='bbox 1340 1156 1444 1187; x_wconf 89' lang='lat' dir='ltr'>tunc,</span> <span class='ocrx_word' id='word_1_95' title='bbox 1477 1157 1510 1183; x_wconf 91' lang='lat' dir='ltr'>et</span> <span class='ocrx_word' id='word_1_96' title='bbox 1541 1161 1602 1194; x_wconf 87' lang='lat' dir='ltr'>pro</span> 
     </span>
     <span class='ocr_line' id='line_1_15' title="bbox 126 1193 1602 1239; baseline 0.003 -11"><span class='ocrx_word' id='word_1_97' title='bbox 126 1201 280 1239; x_wconf 88' lang='lat' dir='ltr'>ternpore</span> <span class='ocrx_word' id='word_1_98' title='bbox 315 1193 535 1229; x_wconf 80' lang='lat' dir='ltr'>existentibus</span> <span class='ocrx_word' id='word_1_99' title='bbox 564 1194 747 1239; x_wconf 80' lang='lat' dir='ltr'>Signaturae</span> <span class='ocrx_word' id='word_1_100' title='bbox 775 1206 892 1230; x_wconf 64' lang='lat' dir='ltr'>nostrae</span> <span class='ocrx_word' id='word_1_101' title='bbox 922 1195 1086 1236; x_wconf 80' lang='lat' dir='ltr'>Justitiae,</span> <span class='ocrx_word' id='word_1_102' title='bbox 1116 1205 1195 1230; x_wconf 89' lang='lat' dir='ltr'>tunc</span> <span class='ocrx_word' id='word_1_103' title='bbox 1223 1207 1289 1230; x_wconf 86' lang='lat' dir='ltr'>suae</span> <span class='ocrx_word' id='word_1_104' title='bbox 1306 1196 1535 1236; x_wconf 81' lang='lat' dir='ltr'>Votantibus,</span> <span class='ocrx_word' id='word_1_105' title='bbox 1564 1207 1602 1232; x_wconf 91' lang='lat' dir='ltr'>ut</span> 
     </span>
     <span class='ocr_line' id='line_1_16' title="bbox 125 1242 1603 1291; baseline 0.003 -15"><span class='ocrx_word' id='word_1_106' title='bbox 125 1242 186 1288; x_wconf 89' lang='lat' dir='ltr'>ipsi</span> <span class='ocrx_word' id='word_1_107' title='bbox 202 1243 361 1278; x_wconf 83' lang='lat' dir='ltr'>Galerum</span> <span class='ocrx_word' id='word_1_108' title='bbox 379 1267 389 1282; x_wconf 85' lang='lat'>‚</span> <span class='ocrx_word' id='word_1_109' title='bbox 409 1245 547 1277; x_wconf 73' lang='lat' dir='ltr'>corcione</span> <span class='ocrx_word' id='word_1_110' title='bbox 571 1242 751 1287; x_wconf 73' lang='lat' dir='ltr'>vulgaliter</span> <span class='ocrx_word' id='word_1_111' title='bbox 767 1256 995 1288; x_wconf 84' lang='lat' dir='ltr'>nuncupatum</span> <span class='ocrx_word' id='word_1_112' title='bbox 1013 1245 1134 1279; x_wconf 85' lang='lat' dir='ltr'>coloris</span> <span class='ocrx_word' id='word_1_113' title='bbox 1163 1245 1303 1279; x_wconf 72' lang='lat' dir='ltr'>violacei</span> <span class='ocrx_word' id='word_1_114' title='bbox 1332 1245 1509 1291; x_wconf 83' lang='lat' dir='ltr'>quibusvis</span> <span class='ocrx_word' id='word_1_115' title='bbox 1531 1245 1603 1281; x_wconf 87' lang='lat' dir='ltr'>fun-</span> 
     </span>
     <span class='ocr_line' id='line_1_17' title="bbox 126 1291 1602 1339; baseline 0.002 -13"><span class='ocrx_word' id='word_1_116' title='bbox 126 1291 320 1331; x_wconf 83' lang='lat' dir='ltr'>ctionibus,</span> <span class='ocrx_word' id='word_1_117' title='bbox 350 1300 382 1326; x_wconf 88' lang='lat' dir='ltr'>et</span> <span class='ocrx_word' id='word_1_118' title='bbox 412 1292 538 1328; x_wconf 81' lang='lat' dir='ltr'>actibus</span> <span class='ocrx_word' id='word_1_119' title='bbox 571 1291 738 1336; x_wconf 88' lang='lat' dir='ltr'>publicis,</span> <span class='ocrx_word' id='word_1_120' title='bbox 764 1305 799 1327; x_wconf 88' lang='lat' dir='ltr'>ac</span> <span class='ocrx_word' id='word_1_121' title='bbox 831 1293 967 1338; x_wconf 78' lang='lat' dir='ltr'>privatis</span> <span class='ocrx_word' id='word_1_122' title='bbox 997 1294 1120 1338; x_wconf 89' lang='lat' dir='ltr'>ubique</span> <span class='ocrx_word' id='word_1_123' title='bbox 1151 1293 1280 1327; x_wconf 80' lang='lat' dir='ltr'>deferre</span> <span class='ocrx_word' id='word_1_124' title='bbox 1300 1318 1311 1333; x_wconf 94' lang='lat'>,</span> <span class='ocrx_word' id='word_1_125' title='bbox 1343 1306 1380 1329; x_wconf 80' lang='lat' dir='ltr'>ac</span> <span class='ocrx_word' id='word_1_126' title='bbox 1408 1303 1539 1339; x_wconf 86' lang='lat' dir='ltr'>gestare</span> <span class='ocrx_word' id='word_1_127' title='bbox 1558 1294 1602 1329; x_wconf 88' lang='lat' dir='ltr'>li-</span> 
     </span>
     <span class='ocr_line' id='line_1_18' title="bbox 126 1340 1602 1384; baseline 0.003 -12"><span class='ocrx_word' id='word_1_128' title='bbox 126 1340 207 1373; x_wconf 85' lang='lat' dir='ltr'>bere</span> <span class='ocrx_word' id='word_1_129' title='bbox 222 1364 232 1378; x_wconf 94' lang='lat'>,</span> <span class='ocrx_word' id='word_1_130' title='bbox 262 1350 295 1373; x_wconf 84' lang='lat' dir='ltr'>et</span> <span class='ocrx_word' id='word_1_131' title='bbox 316 1340 410 1373; x_wconf 83' lang='lat' dir='ltr'>licite</span> <span class='ocrx_word' id='word_1_132' title='bbox 424 1340 551 1384; x_wconf 88' lang='lat' dir='ltr'>possint</span> <span class='ocrx_word' id='word_1_133' title='bbox 567 1364 577 1379; x_wconf 86' lang='lat'>,</span> <span class='ocrx_word' id='word_1_134' title='bbox 609 1350 641 1374; x_wconf 89' lang='lat' dir='ltr'>et</span> <span class='ocrx_word' id='word_1_135' title='bbox 657 1340 786 1375; x_wconf 84' lang='lat' dir='ltr'>valeant</span> <span class='ocrx_word' id='word_1_136' title='bbox 806 1343 997 1381; x_wconf 80' lang='lat' dir='ltr'>concessit,</span> <span class='ocrx_word' id='word_1_137' title='bbox 1026 1351 1059 1376; x_wconf 88' lang='lat' dir='ltr'>et</span> <span class='ocrx_word' id='word_1_138' title='bbox 1087 1342 1248 1379; x_wconf 86' lang='lat' dir='ltr'>indulsit,</span> <span class='ocrx_word' id='word_1_139' title='bbox 1289 1351 1320 1376; x_wconf 87' lang='lat' dir='ltr'>et</span> <span class='ocrx_word' id='word_1_140' title='bbox 1349 1341 1429 1376; x_wconf 89' lang='lat' dir='ltr'>alias</span> <span class='ocrx_word' id='word_1_141' title='bbox 1454 1352 1553 1384; x_wconf 87' lang='lat' dir='ltr'>prout</span> <span class='ocrx_word' id='word_1_142' title='bbox 1569 1343 1602 1376; x_wconf 88' lang='lat' dir='ltr'>in</span> 
     </span>
     <span class='ocr_line' id='line_1_19' title="bbox 124 1386 1603 1434; baseline 0.004 -15"><span class='ocrx_word' id='word_1_143' title='bbox 124 1386 232 1431; x_wconf 88' lang='lat' dir='ltr'>ipsius</span> <span class='ocrx_word' id='word_1_144' title='bbox 252 1388 428 1421; x_wconf 86' lang='lat' dir='ltr'>Benedicti</span> <span class='ocrx_word' id='word_1_145' title='bbox 459 1390 711 1432; x_wconf 73' lang='lat' dir='ltr'>praedecessoris</span> <span class='ocrx_word' id='word_1_146' title='bbox 737 1392 881 1434; x_wconf 84' lang='lat' dir='ltr'>desuper</span> <span class='ocrx_word' id='word_1_147' title='bbox 907 1391 1053 1424; x_wconf 80' lang='lat' dir='ltr'>insimili</span> <span class='ocrx_word' id='word_1_148' title='bbox 1081 1391 1186 1423; x_wconf 68' lang='lat' dir='ltr'>forma</span> <span class='ocrx_word' id='word_1_149' title='bbox 1213 1390 1328 1424; x_wconf 82' lang='lat' dir='ltr'>Brevis</span> <span class='ocrx_word' id='word_1_150' title='bbox 1357 1392 1410 1424; x_wconf 81' lang='lat' dir='ltr'>die</span> <span class='ocrx_word' id='word_1_151' title='bbox 1445 1400 1500 1422; x_wconf 78' lang='lat'>12&#39;.</span> <span class='ocrx_word' id='word_1_152' title='bbox 1518 1391 1603 1430; x_wconf 76' lang='lat' dir='ltr'>julii</span> 
     </span>
     <span class='ocr_line' id='line_1_20' title="bbox 128 1435 1602 1482; baseline 0.001 -13"><span class='ocrx_word' id='word_1_153' title='bbox 128 1446 233 1480; x_wconf 89' lang='lat'><strong>1727.</strong></span> <span class='ocrx_word' id='word_1_154' title='bbox 255 1435 448 1478; x_wconf 82' lang='lat' dir='ltr'>expeditis,</span> <span class='ocrx_word' id='word_1_155' title='bbox 480 1446 620 1479; x_wconf 87' lang='lat' dir='ltr'>quorum</span> <span class='ocrx_word' id='word_1_156' title='bbox 655 1446 804 1471; x_wconf 88' lang='lat' dir='ltr'>tenorem</span> <span class='ocrx_word' id='word_1_157' title='bbox 836 1450 898 1480; x_wconf 89' lang='lat' dir='ltr'>pro</span> <span class='ocrx_word' id='word_1_158' title='bbox 924 1438 1042 1481; x_wconf 85' lang='lat' dir='ltr'>plene,</span> <span class='ocrx_word' id='word_1_159' title='bbox 1068 1447 1100 1471; x_wconf 86' lang='lat' dir='ltr'>et</span> <span class='ocrx_word' id='word_1_160' title='bbox 1113 1436 1314 1472; x_wconf 88' lang='lat' dir='ltr'>sufficienter</span> <span class='ocrx_word' id='word_1_161' title='bbox 1337 1447 1496 1482; x_wconf 84' lang='lat' dir='ltr'>expresso</span> <span class='ocrx_word' id='word_1_162' title='bbox 1513 1462 1523 1478; x_wconf 91' lang='lat'>‚</span> <span class='ocrx_word' id='word_1_163' title='bbox 1565 1451 1602 1474; x_wconf 82' lang='lat' dir='ltr'>ac</span> 
     </span>
     <span class='ocr_line' id='line_1_21' title="bbox 125 1483 1002 1523; baseline 0.002 -6"><span class='ocrx_word' id='word_1_164' title='bbox 125 1483 249 1517; x_wconf 87' lang='lat' dir='ltr'>inserto</span> <span class='ocrx_word' id='word_1_165' title='bbox 265 1484 379 1517; x_wconf 86' lang='lat' dir='ltr'>haberi</span> <span class='ocrx_word' id='word_1_166' title='bbox 408 1483 592 1523; x_wconf 90' lang='lat' dir='ltr'>volumus,</span> <span class='ocrx_word' id='word_1_167' title='bbox 625 1485 762 1519; x_wconf 87' lang='lat' dir='ltr'>uberius</span> <span class='ocrx_word' id='word_1_168' title='bbox 788 1485 1002 1519; x_wconf 83' lang='lat' dir='ltr'>continetur.</span> 
     </span>
    </p>

    <p class='ocr_par' dir='ltr' id='par_1_6' title="bbox 122 1531 1601 1967">
     <span class='ocr_line' id='line_1_22' title="bbox 174 1531 1598 1578; baseline 0.005 -14"><span class='ocrx_word' id='word_1_169' title='bbox 174 1531 220 1564; x_wconf 87' lang='grc' dir='ltr'>ΙΙ.</span> <span class='ocrx_word' id='word_1_170' title='bbox 272 1532 372 1565; x_wconf 90' lang='lat' dir='ltr'>Nunc</span> <span class='ocrx_word' id='word_1_171' title='bbox 408 1541 518 1565; x_wconf 85' lang='lat' dir='ltr'>autem</span> <span class='ocrx_word' id='word_1_172' title='bbox 547 1544 607 1566; x_wconf 87' lang='lat' dir='ltr'>nos</span> <span class='ocrx_word' id='word_1_173' title='bbox 651 1534 691 1567; x_wconf 85' lang='lat' dir='ltr'>ad</span> <span class='ocrx_word' id='word_1_174' title='bbox 721 1532 875 1578; x_wconf 81' lang='lat' dir='ltr'>praeclara</span> <span class='ocrx_word' id='word_1_175' title='bbox 904 1534 1117 1568; x_wconf 89' lang='lat' dir='ltr'>Dilectorum</span> <span class='ocrx_word' id='word_1_176' title='bbox 1160 1532 1321 1568; x_wconf 86' lang='lat' dir='ltr'>Filiorum</span> <span class='ocrx_word' id='word_1_177' title='bbox 1357 1538 1598 1571; x_wconf 86' lang='lat' dir='ltr'>modernorum</span> 
     </span>
     <span class='ocr_line' id='line_1_23' title="bbox 124 1577 1601 1628; baseline 0.004 -16"><span class='ocrx_word' id='word_1_178' title='bbox 124 1577 324 1613; x_wconf 84' lang='lat' dir='ltr'>Votantium</span> <span class='ocrx_word' id='word_1_179' title='bbox 357 1579 542 1624; x_wconf 81' lang='lat' dir='ltr'>Signaturae</span> <span class='ocrx_word' id='word_1_180' title='bbox 569 1581 714 1619; x_wconf 77' lang='lat' dir='ltr'>justitiae</span> <span class='ocrx_word' id='word_1_181' title='bbox 741 1582 933 1619; x_wconf 81' lang='lat' dir='ltr'>huiusmodi</span> <span class='ocrx_word' id='word_1_182' title='bbox 962 1581 1077 1616; x_wconf 85' lang='lat' dir='ltr'>merita</span> <span class='ocrx_word' id='word_1_183' title='bbox 1110 1591 1243 1625; x_wconf 82' lang='lat' dir='ltr'>paterne</span> <span class='ocrx_word' id='word_1_184' title='bbox 1272 1582 1455 1628; x_wconf 83' lang='lat' dir='ltr'>dirigentes</span> <span class='ocrx_word' id='word_1_185' title='bbox 1490 1584 1601 1619; x_wconf 84' lang='lat' dir='ltr'>consi-</span> 
     </span>
     <span class='ocr_line' id='line_1_24' title="bbox 124 1628 1601 1675; baseline 0.005 -14"><span class='ocrx_word' id='word_1_186' title='bbox 124 1628 307 1664; x_wconf 86' lang='lat' dir='ltr'>derationis</span> <span class='ocrx_word' id='word_1_187' title='bbox 325 1628 510 1666; x_wconf 88' lang='lat' dir='ltr'>intuitum,</span> <span class='ocrx_word' id='word_1_188' title='bbox 543 1639 578 1661; x_wconf 75' lang='lat' dir='ltr'>ac</span> <span class='ocrx_word' id='word_1_189' title='bbox 604 1630 743 1674; x_wconf 85' lang='lat' dir='ltr'>benigne</span> <span class='ocrx_word' id='word_1_190' title='bbox 756 1632 1022 1674; x_wconf 85' lang='lat' dir='ltr'>perpendentes,</span> <span class='ocrx_word' id='word_1_191' title='bbox 1050 1639 1210 1675; x_wconf 88' lang='lat' dir='ltr'>quantum</span> <span class='ocrx_word' id='word_1_192' title='bbox 1236 1642 1276 1664; x_wconf 83' lang='lat' dir='ltr'>ex</span> <span class='ocrx_word' id='word_1_193' title='bbox 1303 1634 1601 1667; x_wconf 27' lang='lat' dir='ltr'>eorumss&#39;sribuna-</span> 
     </span>
     <span class='ocr_line' id='line_1_25' title="bbox 124 1676 1600 1722; baseline 0.002 -10"><span class='ocrx_word' id='word_1_194' title='bbox 124 1678 171 1717; x_wconf 87' lang='lat' dir='ltr'>li,</span> <span class='ocrx_word' id='word_1_195' title='bbox 198 1688 255 1711; x_wconf 91' lang='lat' dir='ltr'>seu</span> <span class='ocrx_word' id='word_1_196' title='bbox 284 1676 445 1721; x_wconf 78' lang='lat' dir='ltr'>Collegio</span> <span class='ocrx_word' id='word_1_197' title='bbox 462 1677 619 1711; x_wconf 82' lang='lat' dir='ltr'>Romanae</span> <span class='ocrx_word' id='word_1_198' title='bbox 639 1677 753 1711; x_wconf 81' lang='lat' dir='ltr'>Curiae</span> <span class='ocrx_word' id='word_1_199' title='bbox 772 1678 904 1712; x_wconf 80' lang='lat' dir='ltr'>decoris</span> <span class='ocrx_word' id='word_1_200' title='bbox 921 1703 930 1717; x_wconf 89' lang='lat'>‚</span> <span class='ocrx_word' id='word_1_201' title='bbox 960 1689 1164 1722; x_wconf 78' lang='lat' dir='ltr'>quantumve</span> <span class='ocrx_word' id='word_1_202' title='bbox 1195 1690 1235 1713; x_wconf 89' lang='lat' dir='ltr'>ex</span> <span class='ocrx_word' id='word_1_203' title='bbox 1260 1680 1375 1714; x_wconf 86' lang='lat' dir='ltr'>sedulo</span> <span class='ocrx_word' id='word_1_204' title='bbox 1404 1680 1540 1717; x_wconf 87' lang='lat' dir='ltr'>illorum</span> <span class='ocrx_word' id='word_1_205' title='bbox 1558 1680 1600 1715; x_wconf 87' lang='lat' dir='ltr'>la-</span> 
     </span>
     <span class='ocr_line' id='line_1_26' title="bbox 122 1724 1593 1772; baseline 0.003 -12"><span class='ocrx_word' id='word_1_206' title='bbox 122 1727 205 1760; x_wconf 88' lang='lat' dir='ltr'>bore</span> <span class='ocrx_word' id='word_1_207' title='bbox 239 1725 394 1759; x_wconf 75' lang='lat' dir='ltr'>Ecclesiae</span> <span class='ocrx_word' id='word_1_208' title='bbox 423 1724 609 1759; x_wconf 83' lang='lat' dir='ltr'>Catholicae</span> <span class='ocrx_word' id='word_1_209' title='bbox 639 1726 814 1769; x_wconf 83' lang='lat' dir='ltr'>proveniat</span> <span class='ocrx_word' id='word_1_210' title='bbox 840 1726 989 1761; x_wconf 83' lang='lat' dir='ltr'>utilitatis</span> <span class='ocrx_word' id='word_1_211' title='bbox 1007 1751 1016 1765; x_wconf 92' lang='lat'><strong>‚</strong></span> <span class='ocrx_word' id='word_1_212' title='bbox 1043 1738 1167 1772; x_wconf 89' lang='lat' dir='ltr'>eosque</span> <span class='ocrx_word' id='word_1_213' title='bbox 1195 1727 1359 1772; x_wconf 85' lang='lat' dir='ltr'>proinde,</span> <span class='ocrx_word' id='word_1_214' title='bbox 1386 1741 1422 1763; x_wconf 89' lang='lat' dir='ltr'>ac</span> <span class='ocrx_word' id='word_1_215' title='bbox 1456 1730 1593 1764; x_wconf 87' lang='lat' dir='ltr'>illorum</span> 
     </span>
     <span class='ocr_line' id='line_1_27' title="bbox 123 1773 1598 1822; baseline 0.001 -12"><span class='ocrx_word' id='word_1_216' title='bbox 123 1785 334 1810; x_wconf 87' lang='lat' dir='ltr'>successores</span> <span class='ocrx_word' id='word_1_217' title='bbox 351 1798 361 1813; x_wconf 88' lang='lat'>‚</span> <span class='ocrx_word' id='word_1_218' title='bbox 390 1782 424 1807; x_wconf 89' lang='lat' dir='ltr'>ut</span> <span class='ocrx_word' id='word_1_219' title='bbox 451 1785 490 1806; x_wconf 92' lang='lat' dir='ltr'>eo</span> <span class='ocrx_word' id='word_1_220' title='bbox 506 1773 645 1807; x_wconf 83' lang='lat' dir='ltr'>alacrius</span> <span class='ocrx_word' id='word_1_221' title='bbox 660 1775 757 1808; x_wconf 85' lang='lat' dir='ltr'>fidem</span> <span class='ocrx_word' id='word_1_222' title='bbox 773 1798 783 1813; x_wconf 89' lang='lat'>‚</span> <span class='ocrx_word' id='word_1_223' title='bbox 810 1786 946 1817; x_wconf 85' lang='lat' dir='ltr'>operam</span> <span class='ocrx_word' id='word_1_224' title='bbox 963 1775 1288 1818; x_wconf 51' lang='lat' dir='ltr'>,industriamqum</span> <span class='ocrx_word' id='word_1_225' title='bbox 1317 1778 1598 1822; x_wconf 80' lang='lat' dir='ltr'>atque-sedulita-</span> 
     </span>
     <span class='ocr_line' id='line_1_28' title="bbox 123 1822 1598 1868; baseline 0.002 -10"><span class='ocrx_word' id='word_1_226' title='bbox 123 1833 189 1858; x_wconf 87' lang='lat' dir='ltr'>tem</span> <span class='ocrx_word' id='word_1_227' title='bbox 225 1822 255 1856; x_wconf 91' lang='lat' dir='ltr'>in</span> <span class='ocrx_word' id='word_1_228' title='bbox 272 1822 372 1860; x_wconf 82' lang='lat' dir='ltr'>huius</span> <span class='ocrx_word' id='word_1_229' title='bbox 401 1822 526 1856; x_wconf 81' lang='lat' dir='ltr'>Sanctae</span> <span class='ocrx_word' id='word_1_230' title='bbox 551 1823 644 1856; x_wconf 83' lang='lat' dir='ltr'>Sedis</span> <span class='ocrx_word' id='word_1_231' title='bbox 670 1822 868 1868; x_wconf 80' lang='lat' dir='ltr'>obsequium</span> <span class='ocrx_word' id='word_1_232' title='bbox 890 1824 1048 1857; x_wconf 86' lang='lat' dir='ltr'>adhibere</span> <span class='ocrx_word' id='word_1_233' title='bbox 1077 1826 1253 1862; x_wconf 83' lang='lat' dir='ltr'>studeant,</span> <span class='ocrx_word' id='word_1_234' title='bbox 1283 1826 1454 1868; x_wconf 83' lang='lat' dir='ltr'>amplioris</span> <span class='ocrx_word' id='word_1_235' title='bbox 1482 1827 1598 1861; x_wconf 87' lang='lat' dir='ltr'>favore</span> 
     </span>
     <span class='ocr_line' id='line_1_29' title="bbox 122 1869 1598 1919; baseline 0.003 -13"><span class='ocrx_word' id='word_1_236' title='bbox 122 1872 237 1919; x_wconf 76' lang='lat' dir='ltr'>gratia:</span> <span class='ocrx_word' id='word_1_237' title='bbox 252 1869 409 1916; x_wconf 87' lang='lat' dir='ltr'>prosequi</span> <span class='ocrx_word' id='word_1_238' title='bbox 424 1869 575 1904; x_wconf 90' lang='lat' dir='ltr'>volentes</span> <span class='ocrx_word' id='word_1_239' title='bbox 595 1894 606 1910; x_wconf 94' lang='lat'>,</span> <span class='ocrx_word' id='word_1_240' title='bbox 631 1880 665 1905; x_wconf 91' lang='lat' dir='ltr'>et</span> <span class='ocrx_word' id='word_1_241' title='bbox 680 1873 832 1917; x_wconf 53' lang='lat' dir='ltr'>vipsorum</span> <span class='ocrx_word' id='word_1_242' title='bbox 853 1875 1086 1906; x_wconf 84' lang='lat' dir='ltr'>modernorum</span> <span class='ocrx_word' id='word_1_243' title='bbox 1108 1871 1301 1905; x_wconf 73' lang='lat' dir='ltr'>Votantium</span> <span class='ocrx_word' id='word_1_244' title='bbox 1319 1872 1502 1918; x_wconf 81' lang='lat' dir='ltr'>singulares</span> <span class='ocrx_word' id='word_1_245' title='bbox 1523 1886 1598 1919; x_wconf 86' lang='lat' dir='ltr'>per-</span> 
     </span>
     <span class='ocr_line' id='line_1_30' title="bbox 122 1918 1596 1967; baseline 0.001 -12"><span class='ocrx_word' id='word_1_246' title='bbox 122 1932 218 1955; x_wconf 88' lang='lat' dir='ltr'>sonas</span> <span class='ocrx_word' id='word_1_247' title='bbox 239 1933 256 1954; x_wconf 86' lang='lat' dir='ltr'>a</span> <span class='ocrx_word' id='word_1_248' title='bbox 276 1918 450 1965; x_wconf 86' lang='lat' dir='ltr'>quibusvis</span> <span class='ocrx_word' id='word_1_249' title='bbox 478 1920 831 1954; x_wconf 77' lang='lat' dir='ltr'>excommunicationis</span> <span class='ocrx_word' id='word_1_250' title='bbox 849 1945 859 1960; x_wconf 94' lang='lat'>,</span> <span class='ocrx_word' id='word_1_251' title='bbox 889 1920 1137 1963; x_wconf 84' lang='lat' dir='ltr'>suspensionis,</span> <span class='ocrx_word' id='word_1_252' title='bbox 1164 1929 1198 1953; x_wconf 84' lang='lat' dir='ltr'>et</span> <span class='ocrx_word' id='word_1_253' title='bbox 1228 1922 1424 1963; x_wconf 85' lang='lat' dir='ltr'>interdicti,</span> <span class='ocrx_word' id='word_1_254' title='bbox 1452 1924 1596 1967; x_wconf 87' lang='lat' dir='ltr'>aliisque</span> 
     </span>
    </p>
   </div>
   <div class='ocr_carea' id='block_1_5' title="bbox 72 1968 1595 2016">
    <p class='ocr_par' dir='ltr' id='par_1_7' title="bbox 72 1968 1595 2016">
     <span class='ocr_line' id='line_1_31' title="bbox 72 1968 1595 2016; baseline 0.003 -14"><span class='ocrx_word' id='word_1_255' title='bbox 72 1998 78 1999; x_wconf 27' lang='lat'><em>⁷</em></span> <span class='ocrx_word' id='word_1_256' title='bbox 121 1968 367 2003; x_wconf 85' lang='lat' dir='ltr'>Ecclesiasticis</span> <span class='ocrx_word' id='word_1_257' title='bbox 383 1968 581 2008; x_wconf 83' lang='lat' dir='ltr'>sententiis,</span> <span class='ocrx_word' id='word_1_258' title='bbox 609 1969 755 2003; x_wconf 83' lang='lat' dir='ltr'>censuris</span> <span class='ocrx_word' id='word_1_259' title='bbox 775 1993 786 2006; x_wconf 85' lang='lat'>..</span> <span class='ocrx_word' id='word_1_260' title='bbox 815 1978 847 2003; x_wconf 91' lang='lat' dir='ltr'>et</span> <span class='ocrx_word' id='word_1_261' title='bbox 880 1969 1113 2012; x_wconf 82' lang='lat' dir='ltr'>poenisaiure</span> <span class='ocrx_word' id='word_1_262' title='bbox 1131 1992 1141 2007; x_wconf 93' lang='lat'>‚</span> <span class='ocrx_word' id='word_1_263' title='bbox 1170 1969 1222 2003; x_wconf 90' lang='lat' dir='ltr'>vel</span> <span class='ocrx_word' id='word_1_264' title='bbox 1253 1971 1292 2002; x_wconf 82' lang='lat' dir='ltr'>ab</span> <span class='ocrx_word' id='word_1_265' title='bbox 1310 1972 1444 2006; x_wconf 88' lang='lat' dir='ltr'>homine</span> <span class='ocrx_word' id='word_1_266' title='bbox 1475 1972 1595 2016; x_wconf 83' lang='lat' dir='ltr'>quavis</span> 
     </span>
    </p>
   </div>
   <div class='ocr_carea' id='block_1_6' title="bbox 121 2016 1598 2446">
    <p class='ocr_par' dir='ltr' id='par_1_8' title="bbox 121 2016 1598 2446">
     <span class='ocr_line' id='line_1_32' title="bbox 122 2016 1597 2063; baseline 0.002 -12"><span class='ocrx_word' id='word_1_267' title='bbox 122 2017 301 2051; x_wconf 76' lang='lat' dir='ltr'>occasione</span> <span class='ocrx_word' id='word_1_268' title='bbox 320 2042 330 2056; x_wconf 93' lang='lat'>,</span> <span class='ocrx_word' id='word_1_269' title='bbox 365 2016 418 2050; x_wconf 89' lang='lat' dir='ltr'>vel</span> <span class='ocrx_word' id='word_1_270' title='bbox 449 2029 544 2051; x_wconf 87' lang='lat' dir='ltr'>causa</span> <span class='ocrx_word' id='word_1_271' title='bbox 575 2016 645 2051; x_wconf 87' lang='lat' dir='ltr'>latis</span> <span class='ocrx_word' id='word_1_272' title='bbox 661 2041 670 2056; x_wconf 93' lang='lat'>‚</span> <span class='ocrx_word' id='word_1_273' title='bbox 698 2018 722 2051; x_wconf 91' lang='lat' dir='ltr'>si</span> <span class='ocrx_word' id='word_1_274' title='bbox 738 2017 858 2062; x_wconf 88' lang='lat' dir='ltr'>quibus</span> <span class='ocrx_word' id='word_1_275' title='bbox 873 2017 1134 2063; x_wconf 86' lang='lat' dir='ltr'>quomodolibet</span> <span class='ocrx_word' id='word_1_276' title='bbox 1159 2017 1322 2052; x_wconf 65' lang='lat' dir='ltr'>innodatae</span> <span class='ocrx_word' id='word_1_277' title='bbox 1349 2019 1498 2054; x_wconf 83' lang='lat' dir='ltr'>existunt</span> <span class='ocrx_word' id='word_1_278' title='bbox 1519 2044 1529 2059; x_wconf 90' lang='lat'>‚</span> <span class='ocrx_word' id='word_1_279' title='bbox 1557 2021 1597 2054; x_wconf 82' lang='lat' dir='ltr'>ad</span> 
     </span>
     <span class='ocr_line' id='line_1_33' title="bbox 121 2065 1598 2111; baseline 0.001 -10"><span class='ocrx_word' id='word_1_280' title='bbox 121 2065 273 2101; x_wconf 82' lang='lat' dir='ltr'>effectum</span> <span class='ocrx_word' id='word_1_281' title='bbox 296 2065 508 2109; x_wconf 85' lang='lat' dir='ltr'>praesentium</span> <span class='ocrx_word' id='word_1_282' title='bbox 527 2068 700 2100; x_wconf 83' lang='lat' dir='ltr'>dumtaxat</span> <span class='ocrx_word' id='word_1_283' title='bbox 713 2068 983 2111; x_wconf 87' lang='lat' dir='ltr'>consequendum</span> <span class='ocrx_word' id='word_1_284' title='bbox 1001 2091 1010 2106; x_wconf 86' lang='lat'>‚</span> <span class='ocrx_word' id='word_1_285' title='bbox 1038 2070 1152 2100; x_wconf 82' lang='lat' dir='ltr'>harum</span> <span class='ocrx_word' id='word_1_286' title='bbox 1185 2066 1271 2100; x_wconf 89' lang='lat' dir='ltr'>serie</span> <span class='ocrx_word' id='word_1_287' title='bbox 1299 2069 1508 2103; x_wconf 85' lang='lat' dir='ltr'>absolventes</span> <span class='ocrx_word' id='word_1_288' title='bbox 1526 2092 1535 2107; x_wconf 85' lang='lat'>,</span> <span class='ocrx_word' id='word_1_289' title='bbox 1564 2076 1598 2102; x_wconf 92' lang='lat' dir='ltr'>et</span> 
     </span>
     <span class='ocr_line' id='line_1_34' title="bbox 123 2113 1596 2158; baseline 0 -9"><span class='ocrx_word' id='word_1_290' title='bbox 123 2113 286 2149; x_wconf 81' lang='lat' dir='ltr'>absolutas</span> <span class='ocrx_word' id='word_1_291' title='bbox 303 2113 373 2147; x_wconf 81' lang='lat' dir='ltr'>fore</span> <span class='ocrx_word' id='word_1_292' title='bbox 389 2122 561 2147; x_wconf 88' lang='lat' dir='ltr'>censentes</span> <span class='ocrx_word' id='word_1_293' title='bbox 579 2136 590 2153; x_wconf 91' lang='lat'>,</span> <span class='ocrx_word' id='word_1_294' title='bbox 618 2122 712 2147; x_wconf 87' lang='lat' dir='ltr'>motu</span> <span class='ocrx_word' id='word_1_295' title='bbox 731 2114 871 2158; x_wconf 79' lang='lat' dir='ltr'>proprio</span> <span class='ocrx_word' id='word_1_296' title='bbox 890 2138 900 2152; x_wconf 93' lang='lat'>,</span> <span class='ocrx_word' id='word_1_297' title='bbox 925 2127 960 2148; x_wconf 85' lang='lat' dir='ltr'>ac</span> <span class='ocrx_word' id='word_1_298' title='bbox 986 2126 1027 2148; x_wconf 85' lang='lat' dir='ltr'>ex</span> <span class='ocrx_word' id='word_1_299' title='bbox 1043 2123 1131 2148; x_wconf 80' lang='lat' dir='ltr'>certa</span> <span class='ocrx_word' id='word_1_300' title='bbox 1160 2114 1299 2150; x_wconf 86' lang='lat' dir='ltr'>scientia</span> <span class='ocrx_word' id='word_1_301' title='bbox 1314 2139 1332 2154; x_wconf 78' lang='lat'>„</span> <span class='ocrx_word' id='word_1_302' title='bbox 1358 2124 1391 2150; x_wconf 92' lang='lat' dir='ltr'>et</span> <span class='ocrx_word' id='word_1_303' title='bbox 1405 2116 1596 2152; x_wconf 78' lang='lat' dir='ltr'>meralibe-</span> 
     </span>
     <span class='ocr_line' id='line_1_35' title="bbox 124 2160 1594 2206; baseline 0.001 -9"><span class='ocrx_word' id='word_1_304' title='bbox 124 2162 250 2198; x_wconf 88' lang='lat' dir='ltr'>ralitate</span> <span class='ocrx_word' id='word_1_305' title='bbox 265 2160 410 2200; x_wconf 83' lang='lat' dir='ltr'>nostris,</span> <span class='ocrx_word' id='word_1_306' title='bbox 432 2162 541 2206; x_wconf 89' lang='lat' dir='ltr'>deque</span> <span class='ocrx_word' id='word_1_307' title='bbox 556 2161 764 2205; x_wconf 76' lang='lat' dir='ltr'>Apostolicae</span> <span class='ocrx_word' id='word_1_308' title='bbox 793 2162 967 2206; x_wconf 83' lang='lat' dir='ltr'>potestatis</span> <span class='ocrx_word' id='word_1_309' title='bbox 996 2161 1208 2204; x_wconf 87' lang='lat' dir='ltr'>plenitudine</span> <span class='ocrx_word' id='word_1_310' title='bbox 1225 2185 1236 2201; x_wconf 91' lang='lat'>,</span> <span class='ocrx_word' id='word_1_311' title='bbox 1268 2165 1433 2206; x_wconf 79' lang='lat' dir='ltr'>praedictis</span> <span class='ocrx_word' id='word_1_312' title='bbox 1463 2164 1594 2199; x_wconf 86' lang='lat' dir='ltr'>moder-</span> 
     </span>
     <span class='ocr_line' id='line_1_36' title="bbox 124 2209 1596 2255; baseline 0 -10"><span class='ocrx_word' id='word_1_313' title='bbox 124 2211 197 2251; x_wconf 84' lang='lat' dir='ltr'>nis,</span> <span class='ocrx_word' id='word_1_314' title='bbox 225 2220 257 2245; x_wconf 92' lang='lat' dir='ltr'>et</span> <span class='ocrx_word' id='word_1_315' title='bbox 286 2221 349 2255; x_wconf 88' lang='lat' dir='ltr'>pro</span> <span class='ocrx_word' id='word_1_316' title='bbox 381 2217 533 2252; x_wconf 83' lang='lat' dir='ltr'>tempore</span> <span class='ocrx_word' id='word_1_317' title='bbox 561 2210 778 2244; x_wconf 81' lang='lat' dir='ltr'>existentibus</span> <span class='ocrx_word' id='word_1_318' title='bbox 797 2210 1001 2244; x_wconf 83' lang='lat' dir='ltr'>Votantibus</span> <span class='ocrx_word' id='word_1_319' title='bbox 1018 2209 1202 2255; x_wconf 83' lang='lat' dir='ltr'>Signa&#39;turae</span> <span class='ocrx_word' id='word_1_320' title='bbox 1230 2211 1376 2250; x_wconf 77' lang='lat' dir='ltr'>justitiae</span> <span class='ocrx_word' id='word_1_321' title='bbox 1399 2212 1596 2251; x_wconf 80' lang='lat' dir='ltr'>huiusmodi</span> 
     </span>
     <span class='ocr_line' id='line_1_37' title="bbox 123 2257 1595 2302; baseline 0 -9"><span class='ocrx_word' id='word_1_322' title='bbox 123 2270 219 2293; x_wconf 87' lang='lat' dir='ltr'>usum</span> <span class='ocrx_word' id='word_1_323' title='bbox 233 2257 383 2292; x_wconf 86' lang='lat' dir='ltr'>Mantelli</span> <span class='ocrx_word' id='word_1_324' title='bbox 401 2257 513 2302; x_wconf 81' lang='lat' dir='ltr'>Magni</span> <span class='ocrx_word' id='word_1_325' title='bbox 532 2280 542 2296; x_wconf 88' lang='lat'>,</span> <span class='ocrx_word' id='word_1_326' title='bbox 570 2257 772 2290; x_wconf 78' lang='lat' dir='ltr'>Manteltone</span> <span class='ocrx_word' id='word_1_327' title='bbox 786 2258 970 2302; x_wconf 82' lang='lat' dir='ltr'>vulgariter</span> <span class='ocrx_word' id='word_1_328' title='bbox 1000 2258 1205 2300; x_wconf 86' lang='lat' dir='ltr'>nuncupati,</span> <span class='ocrx_word' id='word_1_329' title='bbox 1242 2269 1279 2293; x_wconf 86' lang='lat' dir='ltr'>ac</span> <span class='ocrx_word' id='word_1_330' title='bbox 1308 2259 1390 2295; x_wconf 85' lang='lat' dir='ltr'>Pilei</span> <span class='ocrx_word' id='word_1_331' title='bbox 1422 2261 1595 2295; x_wconf 86' lang='lat' dir='ltr'>Pontifica-</span> 
     </span>
     <span class='ocr_line' id='line_1_38' title="bbox 123 2305 1593 2349; baseline 0.001 -8"><span class='ocrx_word' id='word_1_332' title='bbox 123 2307 187 2345; x_wconf 90' lang='lat' dir='ltr'>lis,</span> <span class='ocrx_word' id='word_1_333' title='bbox 214 2318 250 2340; x_wconf 87' lang='lat' dir='ltr'>ac</span> <span class='ocrx_word' id='word_1_334' title='bbox 277 2308 475 2341; x_wconf 85' lang='lat' dir='ltr'>eorumdem</span> <span class='ocrx_word' id='word_1_335' title='bbox 504 2314 774 2338; x_wconf 88' lang='lat' dir='ltr'>ornamentorum</span> <span class='ocrx_word' id='word_1_336' title='bbox 792 2328 801 2343; x_wconf 95' lang='lat'>,</span> <span class='ocrx_word' id='word_1_337' title='bbox 828 2306 949 2349; x_wconf 89' lang='lat' dir='ltr'>quibus</span> <span class='ocrx_word' id='word_1_338' title='bbox 977 2305 1177 2348; x_wconf 84' lang='lat' dir='ltr'>Cappellani</span> <span class='ocrx_word' id='word_1_339' title='bbox 1203 2307 1331 2347; x_wconf 87' lang='lat' dir='ltr'>nostri,</span> <span class='ocrx_word' id='word_1_340' title='bbox 1359 2317 1392 2341; x_wconf 91' lang='lat' dir='ltr'>et</span> <span class='ocrx_word' id='word_1_341' title='bbox 1418 2320 1593 2342; x_wconf 83' lang='lat' dir='ltr'>causarum</span> 
     </span>
     <span class='ocr_line' id='line_1_39' title="bbox 122 2352 1592 2397; baseline -0.001 -8"><span class='ocrx_word' id='word_1_342' title='bbox 122 2354 240 2389; x_wconf 72' lang='lat' dir='ltr'>Palatii</span> <span class='ocrx_word' id='word_1_343' title='bbox 256 2353 444 2397; x_wconf 81' lang='lat' dir='ltr'>Apostolici</span> <span class='ocrx_word' id='word_1_344' title='bbox 461 2353 655 2391; x_wconf 87' lang='lat' dir='ltr'>Auditores,</span> <span class='ocrx_word' id='word_1_345' title='bbox 670 2360 702 2386; x_wconf 91' lang='lat' dir='ltr'>et</span> <span class='ocrx_word' id='word_1_346' title='bbox 720 2352 1095 2397; x_wconf 39' lang='lat' dir='ltr'>CameraevApostolicae</span> <span class='ocrx_word' id='word_1_347' title='bbox 1112 2352 1240 2397; x_wconf 79' lang='lat' dir='ltr'>Clerici</span> <span class='ocrx_word' id='word_1_348' title='bbox 1257 2355 1475 2390; x_wconf 82' lang='lat' dir='ltr'>Praesidentes</span> <span class='ocrx_word' id='word_1_349' title='bbox 1493 2355 1524 2390; x_wconf 89' lang='lat' dir='ltr'>in</span> <span class='ocrx_word' id='word_1_350' title='bbox 1541 2367 1592 2390; x_wconf 88' lang='lat' dir='ltr'>so-</span> 
     </span>
     <span class='ocr_line' id='line_1_40' title="bbox 125 2401 1593 2446; baseline 0.002 -9"><span class='ocrx_word' id='word_1_351' title='bbox 125 2402 290 2437; x_wconf 85' lang='lat' dir='ltr'>lemnibus</span> <span class='ocrx_word' id='word_1_352' title='bbox 305 2402 570 2446; x_wconf 77' lang='lat' dir='ltr'>:equitationibus</span> <span class='ocrx_word' id='word_1_353' title='bbox 588 2410 730 2437; x_wconf 88' lang='lat' dir='ltr'>utuntur</span> <span class='ocrx_word' id='word_1_354' title='bbox 745 2424 757 2442; x_wconf 90' lang='lat'>‚</span> <span class='ocrx_word' id='word_1_355' title='bbox 787 2410 819 2436; x_wconf 86' lang='lat' dir='ltr'>ct</span> <span class='ocrx_word' id='word_1_356' title='bbox 845 2401 1003 2436; x_wconf 77' lang='lat' dir='ltr'>fruuntur</span> <span class='ocrx_word' id='word_1_357' title='bbox 1020 2410 1135 2436; x_wconf 85' lang='lat' dir='ltr'>tenore</span> <span class='ocrx_word' id='word_1_358' title='bbox 1147 2404 1358 2445; x_wconf 68' lang='lat' dir='ltr'>praesentium</span> <span class='ocrx_word' id='word_1_359' title='bbox 1375 2405 1593 2440; x_wconf 89' lang='lat' dir='ltr'>concedimus</span> 
     </span>
    </p>
   </div>
   <div class='ocr_carea' id='block_1_7' title="bbox 122 2451 1589 2538">
    <p class='ocr_par' dir='ltr' id='par_1_9' title="bbox 122 2451 1589 2538">
     <span class='ocr_line' id='line_1_41' title="bbox 122 2451 571 2499; baseline -0.007 -12"><span class='ocrx_word' id='word_1_360' title='bbox 122 2452 268 2499; x_wconf 82' lang='lat' dir='ltr'>pariter,</span> <span class='ocrx_word' id='word_1_361' title='bbox 287 2460 319 2485; x_wconf 84' lang='lat' dir='ltr'>et</span> <span class='ocrx_word' id='word_1_362' title='bbox 336 2451 546 2497; x_wconf 86' lang='lat' dir='ltr'>indulgemus</span> <span class='ocrx_word' id='word_1_363' title='bbox 562 2474 571 2484; x_wconf 90' lang='lat'><strong>.</strong></span> 
     </span>
     <span class='ocr_line' id='line_1_42' title="bbox 1437 2502 1589 2538; baseline -0.007 -1"><span class='ocrx_word' id='word_1_364' title='bbox 1437 2502 1499 2538; x_wconf 90' lang='lat'>111.</span> <span class='ocrx_word' id='word_1_365' title='bbox 1520 2503 1589 2537; x_wconf 86' lang='lat' dir='ltr'>De-</span> 
     </span>
    </p>
   </div>
  </div>
 </body>
</html>
