1952 3167
349 338 366 366 1
382 335 430 378 14
633 325 709 365 DE
734 325 1242 373 JURESIGNATURAE
1266 328 1520 378 ‚IUSTlTlAE

342 385 395 427 ad
407 383 577 441 primam
603 395 694 442 post
706 386 929 441 proximam
958 388 1210 447 Signanzram
1234 422 1246 440 ,
1271 401 1310 433 et
1328 390 1493 432 inhiberi
1513 421 1526 440 ,
1559 402 1596 430 et
1611 388 1803 431 decretum

343 454 420 486 etc.
436 443 606 487 instante
623 446 679 486 N.
699 445 758 487 N·
776 447 988 505 Pritzcz‘pali
1004 479 1016 497 ,
1031 450 1110 492 sive
1125 462 1198 493 etc.

1493 508 1714 551 Archim’um
1733 540 1743 550 .

459 565 546 606 Nec
564 565 1056 620 supersessoria,concessa
1072 571 1122 611 ab
1137 570 1338 611 Auditore
1357 567 1670 610 Eminentissimi
1691 570 1804 611 Prae-

342 618 576 666 fectimetad
593 623 779 667 effectum
796 625 993 669 redeundi
1017 629 1070 670 ad
1088 629 1404 687 Signaturaxmet
1423 627 1463 668 in
1482 641 1528 672 ea
1546 625 1695 668 idcirco
1711 642 1803 670 cau-

340 684 768 740 samvreproponendi,
783 684 873 726 satis
894 701 1013 730 estut
1041 704 1086 730 ea
1113 702 1414 747 reproponatur
1446 687 1556 728 nulla
1581 698 1804 743 praeeunte

340 738 554 784 Auditoris
567 743 805 799 Signaturae
832 743 989 790 licentia
1009 779 1019 788 .
1051 749 1272 807 Eapropter
1290 750 1332 791 in
1349 749 1522 790 Romana
1540 761 1613 803 pro
1632 746 1796 801 Josepho

341 795 508 841 Cosmcm
544 817 685 845 contra
705 804 753 845 R.
775 805 820 845 P.
841 804 896 846 D.
918 808 1094 850 Corolum
1115 809 1254 858 Cerri,
1290 822 1475 852 concessa
1497 822 1518 848 a
1550 806 1657 848 dicto
1674 805 1810 848 Audi-

339 866 423 899 tore
442 859 678 917 hujusmodi
709 866 995 919 supersessoria
1017 897 1031 914 ,
1065 882 1102 911 et
1132 869 1335 925 proposita
1355 868 1494 910 Causa
1530 866 1572 907 in
1589 865 1806 922 Signatura

340 915 579 973 rescriptum
603 922 682 963 fuit
698 953 710 969 ,
730 923 861 963 Dilata
878 955 890 972 ,
909 936 946 966 et
962 927 1019 965 acl
1036 927 1090 967 D.
1108 927 1333 970 auditorem
1352 929 1403 968 act
1419 936 1581 968 mentem
1601 957 1614 974 ‚
1633 939 1669 967 et
1695 938 1809 966 mens

338 972 417 1014 fuit
431 1003 444 1021 ,
477 990 525 1018 ut
556 979 669 1032 prius
705 980 957 1023 obtineretur
992 985 1244 1040 Rescriptum
1276 989 1327 1027 ab
1360 986 1446 1040 ipso
1480 983 1812 1040 Eminentissimo,

337 1030 622 1077 Praefectomet
640 1067 652 1085 ,
668 1049 705 1079 et
720 1037 864 1077 deinde
895 1038 1009 1091 juxta
1029 1057 1178 1083 morem
1196 1044 1331 1100 vigore
1364 1042 1458 1084 dicti
1478 1041 1670 1098 Rescripti
1692 1040 1813 1084 licen-

333 1088 388 1133 tia
420 1091 695 1137 deredeundo
721 1099 773 1138 ab
803 1096 948 1140 eodem
979 1101 1216 1157 Signaturae
1258 1102 1461 1144 Auditore
1483 1132 1492 1141 .

453 1152 507 1194 Et
524 1151 570 1194 in
588 1154 740 1197 Causis
759 1184 771 1202 ‚
803 1156 845 1196 in
868 1159 1020 1211 quibus
1038 1175 1107 1216 per
1135 1160 1289 1201 dictum
1305 1161 1551 1201 Auditorern
1568 1159 1809 1201 conceditur

332 1207 493 1251 licentia
511 1213 710 1255 redeundi
739 1214 790 1256 ad
812 1215 972 1269 plenam
999 1218 1258 1275 Signaturam
1277 1251 1289 1268 ‚
1318 1218 1431 1260 addit
1458 1217 1518 1258 ille
1555 1216 1810 1268 clausulam,

324 1264 435 1320 fileto
451 1269 648 1325 deposit03
680 1274 851 1327 quando
867 1277 970 1318 verb
998 1276 1040 1317 in
1061 1278 1189 1332 prima
1210 1278 1457 1319 resolutione
1493 1277 1711 1332 Signatura
1749 1290 1814 1317 re-

331 1326 529 1383 scripserit
547 1330 723 1387 praecise
743 1331 936 1375 addendo
952 1345 989 1376 et
1013 1335 1179 1392 amplius
1198 1351 1276 1378 non
1299 1345 1565 1392 proponatur;
1599 1336 1679 1376 hoc
1706 1349 1807 1376 casu

332 1385 534 1429 debebant
550 1389 645 1430 olim
664 1391 950 1435 Procuratores
978 1394 1087 1438 adire
1115 1410 1209 1436 cum
1235 1393 1455 1437 memoriali
1474 1393 1634 1446 plenam
1664 1394 1810 1449 Signa-

330 1456 463 1486 turam
483 1474 496 1493 ,
525 1447 586 1489 vel
604 1463 806 1490 recurrere
839 1451 892 1490 ad
922 1454 1391 1494 Summum'pontificem
1411 1481 1425 1499 ,
1460 1450 1597 1500 ejusve
1634 1453 1811 1495 Audito-

330 1517 415 1544 rem
447 1505 547 1561 ;qui
566 1519 705 1549 tamen
723 1507 913 1550 adversus
931 1511 1170 1567 Signaturae
1199 1511 1339 1568 plenae
1365 1509 1627 1554 resolutiones
1645 1526 1730 1552 non
1753 1511 1808 1553 ita

327 1561 442 1605 facile
473 1579 620 1608 manus
638 1580 843 1624 apponere
869 1569 1024 1612 solebat
1043 1599 1055 1618 ‚
1086 1569 1155 1611 sed
1182 1570 1475 1613 tantummodo
1498 1569 1540 1609 in
1559 1586 1656 1619 casu
1676 1570 1810 1611 mani-

331 1620 419 1662 festi
436 1626 683 1678 gravaminis
702 1640 855 1669 novam
876 1626 1030 1671 ‘causae
1065 1629 1339 1686 cognitionem
1373 1629 1647 1672 demandabat
1679 1630 1810 1671 eidem

329 1679 569 1737 Signaturae
587 1684 769 1738 Justitiae
788 1719 803 1737 ,
834 1701 881 1729 ac
907 1703 1098 1745 perraro,
1126 1702 1165 1732 et
1197 1690 1363 1731 nonnisi
1395 1688 1806 1732 consulto-Pontifice

324 1739 443 1780 talem
485 1742 766 1788 remissionem
797 1746 998 1804 dirigebat
1026 1749 1268 1805 signaturae
1302 1749 1500 1793 Gratiae;
1535 1745 1682 1786 nostris
1711 1760 1810 1789 vero

326 1799 577 1855 temporibus
595 1803 713 1844 aliter
736 1818 905 1846 cautum
926 1808 1122 1861 reperitur
1139 1806 1180 1845 ἷιι
1196 1808 1356 1847 decretis
1369 1804 1467 1846 amu·
1488 1816 1616 1858 1742.
1637 1819 1743 1860 quae
1765 1804 1809 1846 in

325 1857 564 1914 Appendice
585 1859 762 1914 hujusce
780 1862 910 1918 operis
930 1862 1123 1919 leguntur
1142 1891 1153 1903 .

447 1917 492 1958 In
510 1917 664 1962 Causis
690 1936 776 1964 non
796 1921 1088 1965 excedentibus
1114 1936 1315 1963 summam
1353 1933 1563 1963 scutorum
1597 1921 1811 1977 quinqua-

325 1973 437 2031 ginta
459 1991 643 2021 monetae
660 2011 673 2029 ,
706 1982 759 2022 ad
777 1982 1030 2039 parcendum
1048 1980 1297 2036 litigantium
1321 1979 1504 2034 expensis
1517 2008 1532 2027 ‚
1565 1991 1603 2019 et
1622 1993 1806 2022 coercen-

328 2033 401 2075 dos
418 2033 669 2093 insurgentes
686 2041 840 2082 abusus
857 2071 869 2088 ‚
904 2041 1011 2084 facto
1028 2040 1156 2087 verbo
1182 2053 1278 2081 cum
1297 2036 1489 2078 Pontifice
1508 2065 1521 2084 2
1558 2038 1685 2078 Effius
1702 2039 1806 2096 Spa·

324 2092 374 2133 a'a
399 2093 634 2149 Signaturae
652 2100 891 2142 Praefectus
906 2099 1109 2154 praecepit
1128 2127 1142 2145 ‚
1159 2098 1273 2152 quod
1290 2111 1409 2138 nemo
1436 2095 1478 2136 in
1504 2110 1710 2153 posterum
1729 2113 1807 2140 au-

329 2150 420 2192 deat
442 2153 527 2196 illas
543 2159 717 2212 proponi
743 2156 871 2198 facere
902 2158 945 2196 in
966 2157 1087 2212 plena
1113 2152 1332 2211 Signatura
1348 2188 1360 2205 ,
1378 2154 1448 2198 sed
1477 2170 1552 2211 pro
1584 2155 1807 2211 impetran-

325 2208 386 2251 dis
414 2223 452 2253 et
471 2213 680 2268 signandis
697 2213 1070 2257 Commissionibus
1086 2245 1100 2264 ‚
1135 2229 1230 2256 cum
1260 2215 1449 2258 clausulis
1479 2215 1718 2272 opportunis
1745 2216 1805 2257 in-

328 2278 433 2311 stent
466 2283 592 2328 partes
630 2287 767 2315 coram
784 2273 994 2331 praedicto
1035 2273 1235 2316 Auditore
1283 2275 1447 2333 praevia
1481 2275 1674 2317 citatione
1715 2276 1807 2318 Par-

326 2326 375 2368 tis
395 2328 580 2370 adversae
600 2359 612 2378 ,
645 2332 832 2374 facienda
854 2348 924 2391 per
951 2344 1041 2375 acta
1073 2334 1432 2378 NotariiArchivii
1463 2350 1554 2376 cum
1584 2333 1802 2376 insertione

327 2386 654 2432 commissionum
672 2391 966 2448 signandarurn
983 2393 1036 2434 ad
1054 2392 1226 2435 formam
1244 2393 1497 2436 decretorum
1516 2392 1699 2445 eiusdem
1713 2391 1805 2435 Au-

329 2443 496 2498 ditoris3
535 2447 653 2504 cujus
673 2451 828 2495 decreta
843 2451 979 2510 jussit,
1009 2465 1055 2495 ut
1074 2453 1253 2496 habeant
1273 2453 1356 2495 vim
1376 2452 1551 2510 rescripti
1583 2452 1725 2510 plenae
1744 2451 1804 2494 Si-

326 2516 521 2558 gnaturae
541 2538 553 2556 ,
567 2523 605 2552 et
615 2511 781 2566 perinde
795 2541 809 2560 ,
843 2529 889 2557 ac
909 2513 940 2556 si
953 2528 1000 2556 ex
1013 2512 1074 2554 illa
1094 2528 1371 2565 emanassent:,
1400 2513 1550 2569 quibus
1567 2527 1698 2555 tamen
1716 2513 1806 2555 Par-

325 2572 381 2604 tes
405 2578 489 2606 non
509 2566 812 2623 adquiescentes
827 2602 841 2623 ‚
869 2586 967 2617 tunc
979 2572 1133 2631 possint
1150 2588 1348 2618 recurrere
1362 2574 1414 2618 ad
1431 2572 1803 2618 Eminentissimum

752 2642 764 2646 e
1684 2634 1806 2675 Prae-
