1952 3167
316 315 339 351 8
667 309 734 345 DE
760 306 875 351 JURE
914 302 1197 342 SIGNATURAE
1226 300 1437 339 IUSTlTlAE

313 362 382 402 lia,
407 360 469 396 sub
496 357 636 406 singulis
666 359 773 394 tribus
790 356 888 393 tectis
915 365 1210 404 quarumcumque
1226 353 1328 388 trium
1344 350 1568 387 Ecclesiarum
1585 349 1804 388 consistentia

315 408 471 448 similiter
501 411 679 454 recipere.
706 409 746 443 Et
768 405 901 442 insimul
933 403 1109 441 soecularia
1135 404 1170 438 vin
1203 401 1341 437 titulum
1363 425 1374 441 ,
1401 412 1439 436 ac
1467 399 1620 445 regulare
1647 402 1679 436 in
1698 403 1805 436 Com-

318 463 475 497 mendam
492 459 555 494 sub
581 456 708 494 eisdem
737 457 834 492 tectis
863 455 1080 491 consistentia
1097 478 1106 493 ,
1134 454 1161 486 si
1182 451 1318 485 illorum
1339 449 1469 493 singula
1483 449 1717 486 Canonicatus
1733 475 1743 490 ,
1771 457 1807 486 et

315 509 508 544 Praebendae
536 531 547 548 ,
575 517 633 542 aut
663 506 805 542 totidem
835 503 1014 550 dignitates
1031 526 1041 542 ‚
1070 507 1294 547 pessonatus,
1321 496 1651 540 administrationes,
1677 498 1730 535 vel
1759 498 1808 534 of-

316 557 394 593 fica
424 556 464 592 ad
496 567 618 592 annum
635 581 647 596 ‚
675 564 713 590 ut
726 554 945 601 praemittitur
962 549 1227 595 computandum
1248 547 1424 580 dumtaxat
1442 568 1453 579 .
1481 544 1515 578 Si
1547 555 1632 580 vero
1661 548 1722 583 alia
1737 549 1809 584 fue-

320 606 387 640 rint
415 605 468 640 illa
486 628 496 644 ‚
511 617 547 640 ac
564 602 826 650 incompatibilia
841 598 1020 637 soecularia
1033 623 1044 640 ,
1063 609 1123 633 nec
1142 608 1207 631 non
1226 593 1392 641 regularia
1407 592 1568 648 beneficia
1583 593 1780 633 huiusmodi
1794 620 1808 637 ,

318 655 507 690 dummodo
539 653 709 696 interilla
738 651 874 690 omnia,
903 648 990 685 ultra
1016 655 1160 694 quatuor
1190 642 1483 689 incompatibilia,
1510 650 1545 677 et
1563 642 1650 677 inter
1676 644 1746 689 ipsa
1761 645 1810 679 in.

319 702 551 748 compatibilia
578 701 774 740 saecularia‚
803 710 904 745 quam
931 707 995 733 tres
1021 695 1233 732 Parochiales
1263 691 1446 732 Ecclesiae,
1473 690 1530 726 vel
1557 703 1672 728 earum
1690 704 1813 740 perpe-

320 761 387 787 tuat
414 751 579 791 Vicariae,
607 762 643 786 ac
678 759 754 797 post
768 748 896 784 dictum
928 758 1049 782 annum
1074 747 1136 781 sub
1162 743 1290 779 eisdem
1324 741 1421 777 tectis
1453 739 1671 777 consistentia
1698 767 1710 783 ,
1739 744 1810 778 duo

319 801 553 835 canonicatus
577 824 588 841 ‚
617 809 651 835 et
681 799 870 834 Praebendae
898 820 910 838 ‚
933 803 992 832 aut
1023 794 1166 830 totidem
1196 791 1377 838 dignitates
1407 812 1416 829 ‚
1446 799 1643 834 personatus
1661 816 1673 831 ,
1705 791 1812 827 admi-

325 849 541 884 nistrationes
567 874 579 890 ,
607 849 661 884 vel
689 847 816 883 Officia
835 872 845 888 ,
871 857 909 881 ac
938 845 1091 891 regulare
1126 842 1287 878 beneficia
1312 838 1502 879 hujusmodi
1544 838 1688 884 dignitas
1720 841 1814 875 Con-

321 897 491 933 ventualis
509 920 520 936 ,
548 910 609 932 seu
636 896 799 932 Officium
830 896 1008 931 claustrale
1037 895 1203 931 existant,
1234 889 1348 936 quoad
1375 886 1546 927 vixerint,
1565 888 1812 928 retinere‚nee

320 957 388 980 non
416 945 562 984 debitis,
591 955 624 979 et
642 943 810 980 consuetis
825 942 930 987 ipsius
958 941 1121 986 regularis
1151 938 1305 973 beneficii
1322 935 1533 980 supportatis
1566 938 1814 976 oneribus‚de

322 993 467 1028 residuis
497 991 583 1026 illius
599 992 763 1027 fructibus
783 1014 795 1030 ,
827 990 1015 1025 redditibus
1031 1012 1042 1028 ,
1070 998 1104 1022 et
1121 987 1343 1032 proventibus
1362 1008 1373 1024 ,
1397 985 1484 1018 sicut
1511 982 1594 1018 illud
1626 985 1657 1018 in
1673 985 1814 1022 tltulum

321 1052 386 1087 pro
424 1049 579 1085 tempore
609 1040 798 1076 obtinentes
822 1063 834 1081 ,
856 1039 902 1073 vde
935 1037 999 1073 illis
1025 1037 1230 1082 disponere,
1260 1043 1295 1069 et
1319 1032 1477 1068 ordinare
1506 1042 1691 1078 potuerunt
1714 1059 1724 1074 ‚
1754 1045 1816 1069 seu

323 1089 423 1126 etiam
457 1089 645 1125 debuerunt
683 1088 907 1134 (alienatione
937 1095 1048 1121 tamen
1086 1094 1385 1130 quorumcumque
1417 1080 1508 1117 illius
1545 1085 1711 1118 bonorum
1752 1081 1815 1118 im-

321 1138 529 1179 mobilium,
557 1148 590 1174 et
616 1138 849 1184 praetiosorum
874 1134 1056 1172 mobilium
1088 1134 1135 1169 eis
1164 1133 1297 1179 penitus
1328 1131 1532 1175 interdicta)
1561 1131 1816 1176 disponere‚et

323 1187 481 1222 ordinare
510 1187 639 1227 libere,
670 1197 703 1221 et
728 1186 821 1222 licite
846 1185 981 1220 valeant
1006 1209 1016 1218 .
1042 1184 1216 1228 Quodque
1243 1181 1370 1216 ratione
1394 1190 1689 1226 quorumcumque
1715 1182 1818 1215 bene-

323 1236 485 1271 ficiorum
501 1236 812 1271 Ecclesiasticorum
841 1242 1063 1272 curatorum,
1091 1242 1149 1265 seu
1175 1229 1253 1264 alias
1283 1240 1395 1264 sacros
1428 1229 1527 1263 etiam
1549 1228 1815 1275 Praesbyteratus

324 1283 461 1319 ordines
475 1307 486 1323 ,
513 1285 615 1319 etiam
635 1296 677 1319 ex
699 1291 826 1318 statuto
843 1306 854 1322 ,
881 1281 1099 1318 fundatione,
1128 1277 1375 1312 consuetudine
1392 1299 1403 1315 ,
1436 1276 1619 1321 privilegio
1638 1300 1648 1316 ,
1665 1276 1719 1310 vel
1733 1276 1813 1312 alias

326 1332 570 1378 requirentium
588 1357 599 1374 ,
625 1343 685 1378 per
708 1343 789 1370 eos,
819 1339 851 1365 et
880 1339 998 1363 eorum
1031 1323 1247 1373 quemlibet,
1276 1336 1364 1359 nunc
1387 1347 1397 1362 ‚
1427 1332 1462 1358 et
1490 1335 1552 1369 pro
1583 1335 1736 1370 tempore
1755 1325 1816 1359 nb-

330 1390 648 1426 tentorum‚usque
677 1381 717 1415 ad
750 1378 959 1424 septennium
991 1389 1009 1411 a
1041 1377 1105 1411 fine
1131 1375 1204 1408 anni
1232 1386 1250 1408 a
1268 1376 1341 1413 jure
1360 1372 1486 1417 praefati
1515 1374 1782 1418 computandum
1800 1395 1814 1413 ‚

327 1432 369 1464 ad
395 1430 541 1474 aliquem
573 1441 614 1464 ex
639 1427 737 1463 dictis
762 1428 862 1465 sacris
888 1426 990 1460 etiam
1022 1424 1280 1468 Presbyteratus
1301 1421 1492 1455 Ordinibus
1521 1432 1555 1454 se
1583 1421 1813 1464 promoveri,

327 1477 436 1512 facere
467 1477 605 1512 minime
628 1484 829 1515 teneant-ur,
857 1485 918 1507 nec
934 1471 1030 1506 adid
1048 1483 1065 1506 a
1094 1480 1266 1516 quoquam
1297 1467 1395 1503 inviti
1410 1467 1714 1515 compelli-possint
1730 1493 1742 1510 ,
1763 1469 1815 1505 di-

324 1537 544 1572 spensamus·

425 1575 503 1609 XII.
531 1575 694 1620 Ipsosque
721 1570 980 1607 Referendarios
995 1593 1006 1609 ,
1033 1578 1066 1605 et
1080 1569 1161 1605 alios
1194 1568 1423 1611 inFrascriptos
1440 1592 1450 1607 ,
1470 1577 1505 1602 et
1524 1580 1644 1604 eorum
1660 1568 1814 1615 singulos

324 1623 478 1658 omnium
512 1622 739 1668 Regnorum,
757 1619 1023 1665 Dominiorum,
1053 1627 1087 1652 et
1104 1618 1359 1652 Provinciarum
1391 1616 1557 1661 legitimos
1576 1641 1586 1658 ,
1615 1627 1647 1653 et
1681 1626 1816 1653 natura-

328 1671 401 1710 les,
430 1670 476 1706 ita
505 1672 595 1717 quod
626 1670 713 1713 ipsi,
739 1670 798 1703 ‘vel
814 1668 1052 1703 Procuratores
1071 1666 1121 1700 sui
1144 1665 1277 1700 illorum
1313 1665 1474 1706 nomine,
1502 1666 1534 1701 in
1568 1668 1718 1712 Regnis‚
1742 1667 1814 1700 Do-

328 1732 362 1756 m
383 1719 444 1754 niis
475 1743 486 1759 ,
527 1729 560 1753 et
587 1717 791 1753 Provinciiis
822 1715 1016 1756 huiusmodi
1046 1725 1268 1761 quaecumque
1285 1736 1296 1754 ‚
1323 1723 1558 1760 quotcumque
1584 1739 1595 1755 ,
1623 1724 1655 1749 et
1684 1713 1817 1760 qualia-

324 1780 367 1805 cu
385 1780 472 1813 nque
488 1767 655 1802 Beneficia
679 1765 913 1802 Ecclesiastica
936 1776 1013 1800 cum
1041 1775 1145 1803 cura,
1167 1773 1201 1797 et
1232 1762 1303 1797 sine
1334 1773 1415 1798 cura
1430 1787 1440 1802 ,
1465 1765 1663 1803 saecularia,
1683 1773 1718 1798 et
1732 1774 1817 1809 quo-

325 1829 366 1853 ru
387 1817 472 1851 rnvis
492 1815 662 1851 Ordinum
693 1814 896 1861 Regularia,
929 1812 1029 1848 etiam
1064 1823 1099 1849 ut
1115 1812 1317 1858 praefertur,
1345 1811 1554 1857 quanm-ata,
1579 1813 1679 1847 etiam
1696 1812 1818 1858 vigore

325 1866 512 1911 gratiarum
553 1873 846 1910 expectativarum
869 1887 880 1903 ‚
909 1860 1105 1907 specialium
1132 1885 1142 1900 ‚
1170 1859 1225 1895 vel·
1255 1861 1464 1907 generalium
1500 1860 1770 1896 resen-vationum
1804 1882 1818 1901 ‚

326 1914 460 1950 illarum
493 1912 716 1949 collationum
742 1936 753 1953 ,
774 1911 998 1947 mutationum
1014 1935 1026 1950 ,
1053 1909 1288 1946 extensionum
1307 1934 1317 1950 ‚
1346 1909 1626 1946 revalidationum
1657 1921 1717 1955 per
1731 1921 1817 1949 nos,

327 1972 364 1998 et
393 1971 608 1998 successores·
625 1973 755 1999 nostros
786 1961 956 1995 Romanos
974 1959 1162 1995 ‘Pontifices
1190 1969 1252 2003 pro
1276 1966 1430 2004 tempore
1462 1964 1668 1999 existentes,
1699 1968 1734 1993 et
1762 1958 1818 1990 se-

328 2012 405 2046 dem
443 2011 633 2055 praedictam
664 2011 710 2045 eis
736 2019 999 2049 concessarum,
1028 2017 1063 2043 et
1089 2008 1377 2043 concedendarum
1408 2018 1585 2053 acceptare
1611 2032 1622 2046 ‚
1650 2018 1686 2042 ac
1715 2005 1756 2039 de
1776 2002 1818 2038 il-

329 2059 368 2095 lis
399 2058 663 2102 sibi'orovideri
681 2060 792 2094 facere
810 2083 821 2097 ,
849 2066 884 2093 et
916 2057 970 2092 illa
997 2069 1034 2093 ac
1063 2056 1090 2091 si
1109 2057 1306 2102 Regnorum
1333 2081 1344 2096 ‚
1372 2056 1637 2093 Dominiorum‚
1668 2062 1704 2088 et
1733 2054 1818 2087 Pro-

328 2107 517 2142 vinciarum
547 2109 745 2143 eorumdem
775 2106 985 2145 oriundi,ac
1012 2107 1043 2139 in
1065 2104 1128 2138 illis
1147 2105 1216 2138 nati
1231 2113 1366 2142 essent,
1398 2103 1576 2146 recipere,
1602 2110 1638 2136 et
1669 2101 1817 2137 retinere

330 2154 438 2190 libere
452 2179 462 2191 ‚
493 2164 525 2188 et
553 2155 647 2190 licite
675 2155 830 2191 valeant,
856 2163 1009 2186 creamus
1027 2172 1038 2188 ,
1056 2150 1292 2184 constituimus
1308 2172 1319 2187 ,
1349 2158 1385 2183 et
1402 2152 1604 2193 deputamus
1619 2174 1629 2184 .

431 2203 526 2236 xili.
554 2205 604 2236 Ac
631 2201 757 2235 eisdem
776 2197 1017 2232 Referendariis
1033 2220 1044 2237 ,
1070 2207 1102 2231 et
1122 2196 1193 2230 aliis
1227 2196 1447 2240 infrascriptis
1470 2222 1481 2237 ‚
1507 2210 1544 2233 ac
1561 2209 1678 2234 eorum
1704 2200 1816 2244 singu-

333 2247 398 2289 iis,
431 2261 465 2284 ut
497 2251 608 2293 quoad
634 2246 781 2282 vixerint
801 2246 832 2280 in
861 2245 950 2280 dicta
976 2245 1085 2280 Curia
1102 2268 1112 2283 ,
1141 2244 1196 2279 vel
1229 2244 1345 2290 aliquo
1372 2247 1622 2282 Beneficiorum
1655 2237 1819 2284 Ecclesia.

334 2299 498 2334 sticorum
527 2309 587 2342 per
603 2309 659 2330 eos
675 2307 736 2341 pro
764 2304 915 2340 tempore
945 2295 1164 2327 obtentorum
1180 2316 1190 2331 ‚
1217 2302 1275 2327 aut
1292 2293 1516 2340 sicontigerit
1542 2296 1631 2341 ipsos
1655 2308 1718 2340 per
1731 2309 1816 2338 nos,

335 2357 368 2382 et
386 2346 575 2380 Romanum
595 2345 790 2379 Pontificem
810 2354 873 2387 pro
899 2351 1053 2384 tempore
1081 2341 1278 2376 existentem
1310 2345 1350 2377 ad
1380 2342 1521 2389 aliquem
1550 2345 1661 2380 locum
1679 2345 1817 2381 destina-

338 2407 397 2435 re,
427 2394 458 2428 in
484 2405 527 2428 eo
551 2393 628 2429 loco
662 2393 865 2431 residendo,
889 2400 946 2425 aut
975 2389 1148 2425 literarum
1169 2391 1314 2430 studio,
1341 2391 1374 2426 in
1404 2391 1481 2427 loco
1509 2393 1567 2428 ubi
1592 2393 1675 2428 illud
1704 2395 1816 2440 vigeat

339 2443 492 2490 generale
508 2467 518 2482 ‚
547 2441 728 2477 insistendo
743 2465 753 2480 ‚
780 2452 897 2475 omnes
911 2464 922 2480 ,
948 2447 980 2474 et
1000 2439 1150 2485 singulos
1169 2439 1294 2475 fructus
1311 2464 1321 2480 ‚
1349 2441 1499 2475 redditus
1514 2466 1524 2481 ‚
1552 2450 1587 2476 et
1605 2452 1787 2488 proventus
1800 2466 1813 2483 ,

339 2502 636 2537 quorumcumque
655 2490 899 2525 Beneficiorum
920 2487 1227 2523 Ecclesiasticorum
1245 2500 1304 2532 per
1319 2500 1376 2524 eos
1394 2489 1424 2524 in
1444 2489 1619 2535 quibusvis
1637 2491 1812 2531 Ecclesiis‚

345 2541 418 2576 sive
445 2539 552 2581 locis,
578 2551 690 2580 nunc,
717 2548 750 2575 et
780 2549 843 2584 pro
869 2545 1024 2584 tempore
1049 2538 1265 2573 obtentorum
1282 2561 1294 2578 ,
1320 2546 1354 2573 et
1380 2538 1664 2581 obtinendorum2
1684 2539 1815 2575 etiamsi

1700 2589 1818 2624 Cano-
