1993 3195
290 349 294 353 ,
602 315 641 356 C
672 316 715 355 A
747 316 774 355 Ρ
806 314 847 354 U
876 316 914 356 T
986 316 1055 357 111.
1496 323 1546 365 18

131 390 196 420 tur
214 391 226 424 ;
266 386 305 415 et
327 374 379 415 ne
415 371 613 429 longiores
631 372 730 415 ultra
751 373 1004 431 propositum
1023 374 1146 416 simus
1163 404 1176 423 ,
1211 372 1377 417 libenter
1393 390 1439 417 ea
1456 335 1576 433 prae?

126 432 374 478 termittimus
394 465 403 476 .

244 492 402 547 Species
429 491 775 535 Commissionum
806 491 953 550 duplex
984 504 1068 543 est,
1096 492 1156 536 vel
1188 493 1294 535 enim
1331 494 1565 551 diriguntur

126 563 234 593 extra
257 551 484 594 Romanam
504 553 679 596 Curiam
698 582 710 601 ,
740 551 800 596 vel
819 552 861 593 in
879 567 923 594 ea
941 568 955 603 ς
987 566 1024 594 et
1043 553 1132 594 ideo
1152 552 1308 607 aliquae
1345 553 1446 596 inter
1463 555 1566 611 ipsas

123 609 381 654 intercedunt
394 610 655 664 differentiae,
668 627 770 670 quas
787 612 933 670 partim
953 626 1164 654 enumerat
1180 613 1564 672 Marclzemnus(1);

122 682 160 711 et
181 670 356 727 primum
380 672 461 722 ait,
493 671 577 714 illas
593 705 606 723 ,
623 688 727 729 quae
746 672 936 729 profanas
953 670 1112 715 Causas
1129 673 1375 730 respiciunt,
1394 674 1435 715 in
1454 677 1566 718 terris

123 729 324 773 Ecclesiae
339 743 540 776 vertentes
556 765 568 783 ,
599 748 667 790 per
684 735 806 775 Breve
827 761 839 780 ,
860 745 899 774 et
916 732 1120 775 interdurn
1153 735 1231 775 sub
1251 733 1422 776 Plumbo
1453 749 1565 793 expe-

122 787 196 830 diri
229 820 243 838 ‚
276 792 334 833 uti
382 792 502 834 etiam
551 806 661 834 extra
706 791 995 847 temporalem,
1029 806 1067 834 et
1102 792 1401 835 ecclesiasticam
1433 794 1564 837 Ditio-

88 852 91 855 '
120 861 214 890 nem
232 882 245 901 ‚
264 850 487 894 dummodo
520 851 824 895 ecclesiasticam
861 851 1138 894 auctoritatem
1158 884 1171 902 ‚
1202 865 1240 894 et
1258 852 1445 896 interesse
1480 854 1563 896 ani-

118 922 207 951 mae
239 911 481 968 respiciant3
518 927 729 971 eapropter
760 910 805 953 in
838 912 943 954 calce
978 910 1180 954 dictarum
1214 912 1564 956 commissionum

121 966 354 1021 adiicienda
392 985 447 1014 est
479 973 657 1015 clausula
683 971 747 1013 illa
768 987 778 1014 :
798 983 835 1013 et
861 987 934 1029 per
959 973 1079 1012 Breve
1108 974 1152 1013 S.
1173 973 1227 1013 V.
1251 975 1527 1029 expediendum
1546 1002 1562 1021 ,

120 1026 217 1068 alias
235 1030 456 1085 signandae
486 1047 570 1073 non
590 1045 717 1073 essent
738 1046 750 1080 3
771 1044 808 1072 et
837 1045 933 1073 tunc
953 1045 1162 1073 remanent
1182 1031 1499 1074 Commissiones
1519 1033 1563 1074 im

120 1085 268 1130 Officio
289 1089 490 1141 Brevium,
509 1105 546 1134 et
564 1090 704 1133 Brevia
727 1104 836 1133 extra
854 1090 1028 1132 Curiam
1046 1090 1372 1133 transmittuntur
1392 1106 1561 1140 ;secun·

119 1144 175 1185 do
191 1146 384 1190 differunt
404 1165 452 1190 ex
472 1166 520 1190 eo
539 1181 551 1198 ,
566 1151 680 1204 quod
700 1149 1018 1191 commissiones
1034 1181 1046 1198 ‚
1063 1149 1105 1190 in
1124 1150 1256 1192 Curia
1278 1151 1463 1200 directae,
1476 1166 1562 1193 non

118 1202 406 1248 describuntur
425 1235 437 1252 ,
454 1222 502 1247 eo
520 1208 642 1248 modo
659 1238 670 1255 ‚
694 1223 781 1262 quo
795 1208 838 1248 fit
858 1208 900 1247 in
922 1207 992 1247 illis
1009 1238 1023 1255 ,
1042 1223 1147 1262 quae
1174 1221 1266 1249 ante
1285 1209 1424 1252 Brevis
1440 1223 1559 1264 expe-

118 1259 314 1305 ditionem
344 1265 385 1305 in
408 1265 607 1308 Archivio
627 1265 836 1308 Pontificio
860 1264 1112 1307 adnotantur
1135 1296 1144 1306 .

239 1323 296 1367 Ut
315 1339 450 1367 autem
481 1325 799 1368 commissiones
817 1324 1008 1382 legitimae
1041 1326 1266 1376 dicantur,
1300 1327 1381 1371 sive
1412 1327 1454 1368 in
1474 1328 1561 1370 for-

115 1396 182 1424 ma
201 1381 390 1438 signandi
409 1416 422 1432 ,
458 1398 504 1426 ut
539 1384 656 1440 ajunt
683 1385 725 1426 in
751 1385 884 1427 Curia
903 1415 917 1433 ‚
950 1398 1106 1442 oportet
1122 1400 1188 1428 eas
1218 1402 1239 1428 a
1259 1399 1368 1443 tergo
1402 1400 1561 1430 notatas

115 1455 194 1482 esse
225 1443 499 1485 procuratoris
523 1444 686 1484 nomine
706 1473 719 1491 ,
747 1459 819 1486 seu
855 1444 1140 1499 Impetrantis,
1173 1446 1245 1499 qui
1275 1459 1396 1486 notus
1425 1445 1565 1488 saltem

114 1499 165 1542 sit
205 1502 491 1544 Referendario
520 1502 691 1545 Ponenti
720 1534 735 1553 ‚
765 1502 880 1559 juxta
914 1501 1217 1558 dispositionem
1262 1503 1561 1558 Reformationz's

118 1559 389 1604 Tribunalium
420 1563 534 1605 Urbis
548 1595 562 1613 ,
599 1578 704 1620 quae
736 1563 907 1605 Paulum
928 1576 968 1602 ν.
991 1562 1222 1604 Pontificem
1240 1561 1477 1606 Maximum
1494 1565 1561 1606 ha-

115 1619 181 1662 bet
212 1636 420 1666 auctorem
443 1655 452 1664 .
490 1623 702 1681 Legitimae
723 1623 840 1665 etiam
860 1623 1054 1664 dicuntur
1070 1653 1084 1672 ,
1113 1623 1285 1678 quando
1316 1623 1558 1666 eascausas

112 1680 336 1737 respiciunt
352 1715 364 1733 ‚
397 1685 440 1726 in
459 1686 610 1740 quibus
635 1697 778 1740 agatur
796 1683 846 1724 de
864 1682 1030 1725 summa
1053 1696 1265 1726 scutorum
1281 1683 1558 1739 quinquagin»

112 1749 155 1780 ta
186 1755 366 1785 monetae
404 1745 612 1786 Romanae
644 1759 658 1794 3
692 1758 788 1786 narn
821 1742 989 1784 Causae
1025 1740 1129 1783 infra
1168 1743 1316 1784 dictam
1355 1756 1558 1783 summam

113 1798 228 1840 nullo
244 1816 434 1855 unquam
451 1817 574 1859 pacto
590 1805 768 1858 proponi
785 1817 956 1858 possunt
970 1802 1011 1843 in
1030 1801 1149 1858 plena
1166 1802 1410 1859 Signatura3
1438 1814 1562 1856 prout

114 1859 359 1912 apertissime
377 1876 542 1903 cautum
574 1860 652 1900 fuit
672 1862 723 1901 ab
742 1861 844 1900 Effio
860 1860 1027 1900 Salviati
1056 1859 1258 1901 Praefecto
1290 1859 1471 1911 eiusdem
1493 1860 1558 1900 Si-

111 1921 395 1972 gnaturaesuh
412 1920 477 1962 die
495 1933 554 1960 12.
570 1917 755 1965 Ianuarii
777 1931 890 1974 1731.
912 1918 998 1974 (2),
1014 1917 1264 1960 inhaerendo
1284 1919 1450 1961 decretis
1462 1919 1559 1962 alias

111 1973 202 2015 laris
220 1991 241 2015 a
260 1980 342 2019 suis
361 1979 732 2034 praedecessoribus
769 1980 846 2020 sub
878 1978 940 2018 die
962 1976 1092 2034 prima
1121 1976 1243 2026 Iulii,
1276 1993 1313 2018 et
1342 1991 1386 2031 4.
1407 1980 1560 2020 decem-

88 2061 90 2063 -
112 2032 190 2075 bris
214 2036 313 2077 anni
348 2037 473 2094 1677.
500 2066 513 2084 ,
546 2048 583 2079 et
605 2050 667 2077 12.
685 2037 866 2083 Ianuarii
901 2036 1026 2093 1716.
1051 2037 1137 2078 Nec
1165 2050 1212 2077 ex
1233 2037 1405 2094 abrupto
1432 2037 1558 2079 Corn-

111 2094 321 2137 missiones
356 2098 474 2138 etiam
508 2096 549 2137 in
571 2096 705 2137 causis
722 2127 735 2144 ‚
748 2097 1036 2139 excedentibus
1061 2096 1208 2138 dictam
1224 2111 1423 2138 summam
1441 2128 1453 2146 ,
1468 2112 1557 2154 pro»

112 2157 210 2215 poni
243 2170 413 2214 possunt
441 2157 481 2197 in
511 2155 627 2212 plena
660 2154 908 2210 Signatum,
933 2170 1063 2208 quum
1081 2157 1286 2207 quaedam
1321 2156 1403 2198 sint
1439 2155 1558 2198 Cau-

114 2230 181 2260 sae
200 2248 214 2266 ,
243 2231 349 2270 quae
386 2215 618 2257 nullatenus
660 2209 834 2271 proponi
865 2213 1024 2257 valeant
1052 2245 1065 2262 ‚
1102 2212 1177 2253 nisi
1212 2217 1324 2270 prius
1364 2215 1555 2274 instantia

118 2277 372 2332 praecesserit
391 2291 527 2318 coram
540 2273 764 2324 Auditore,
776 2285 814 2316 et
830 2287 965 2316 coram
981 2271 1307 2316 Eminentissimo
1325 2275 1556 2324 Praefecto,

120 2346 166 2376 ut
182 2335 271 2378 alibi
292 2336 468 2378 diximus
486 2366 496 2377 .

237 2393 472 2451 Aliquando
497 2393 814 2439 Commissiones
842 2391 884 2433 'm
910 2393 1027 2449 plena
1055 2393 1273 2448 Sign-atura
1297 2409 1382 2435 non
1401 2407 1555 2450 propo-

1442 2468 1555 2495 nun-

592 2526 905 2541 1--

122 2529 274 2543 —

166 2587 223 2629 (1)
243 2590 325 2638 Part.
341 2594 370 2617 1·
400 2595 470 2631 cap.
489 2574 524 2618 εξ
885 2584 941 2627 (2)
972 2586 1009 2617 In
1033 2584 1328 2629 Append.pag.74.
1343 2582 1388 2616 ad
1405 2592 1461 2625 792
