1993 3195
595 342 635 385 C
667 342 710 384 A
741 345 770 386 P
800 343 842 385 U
858 343 909 386 ’Τ
979 345 1028 387 11.
1357 399 1361 404 Ι
1509 362 1566 407 99

109 406 299 455 redeundo
309 405 364 446 ad
376 403 544 462 primam
557 412 646 460 post
663 403 884 460 proximam
902 405 1159 464 Sz‘gnaturam
1174 433 1187 453 ,
1209 416 1248 447 et
1260 402 1412 448 interim
1436 407 1565 452 viden-

109 471 198 511 dum
214 464 288 508 sibi
301 463 463 506 inhiberi
476 463 518 505 in
528 461 660 518 forma
678 494 692 513 ,
724 479 772 505 ne
789 464 930 506 audeat
948 476 1023 508 etc.
1043 465 1112 507 sub
1127 463 1248 524 paenis
1265 479 1337 508 etc.
1367 475 1406 507 et
1437 469 1571 510 decre-

109 537 189 570 tum
207 535 280 568 etc.
300 526 353 567 acl
365 524 533 583 primam
550 522 650 565 diem
664 553 678 572 ,
699 522 878 566 instante
897 525 950 567 D.
970 526 1027 567 N.
1048 526 1104 568 N.
1120 524 1331 584 principali
1346 556 1360 575 ,
1393 525 1473 569 sive
1499 540 1572 572 etc.

1195 584 1419 628 Arclzivium
1441 615 1455 627 .

230 644 277 685 In
299 642 403 686 calce
421 641 605 699 ejusdem
621 657 660 685 se
678 641 894 686 subscribit
912 642 1093 686 Auditor
1114 675 1128 694 ‚
1159 658 1205 687 ut
1236 644 1422 700 sequitur
1440 676 1452 687 .

227 704 377 745 Poterit
404 701 479 762 legi
498 717 573 761 pro
607 701 812 745 audientia
831 703 910 746 diei
925 705 981 746 N.
1002 704 1146 747 mensis
1178 703 1347 748 Ν.αηηί
1361 705 1418 747 N.
1441 719 1483 746 =
1514 707 1571 748 N.

112 763 170 807 N.
190 763 382 805 Auditor.

230 822 330 879 Qua
348 821 538 866 citatione
557 821 803 880 reproducta
823 852 837 872 ,
869 834 909 866 et
925 822 1030 867 'lecta
1052 823 1095 866 in
1114 823 1219 867 dicta
1237 822 1467 867 Audientia
1483 855 1498 874 ‚
1529 824 1575 868 fit

112 881 319 925 decretum
336 914 349 933 ,
375 895 421 924 ut
437 881 543 923 infra
564 912 575 924 .

230 940 434 986 Relcztione
442 939 554 996 facta
572 941 794 998 comparuit
811 942 866 982 D.
885 938 942 984 N.
965 943 1021 985 N.
1045 942 1282 985 ‘Procurator
1298 940 1428 1001 petiit,
1448 956 1486 985 et
1504 943 1576 985 ob-

112 999 231 1043 tinuit
244 1032 258 1050 ‚
283 1015 326 1042 ut
342 1016 459 1059 supra
478 1030 491 1048 ‚
513 1002 625 1056 facto
642 1008 772 1042 'tamen
787 1001 957 1058 deposito
978 1012 1180 1045 scutorum
1200 1012 1285 1045 octo
1299 1017 1374 1060 per
1391 1017 1475 1045 octo
1490 1001 1575 1044 dies

112 1071 204 1103 ante
227 1060 379 1104 Causae
393 1060 695 1118 propositionem
717 1091 730 1109 ‚
756 1060 864 1101 omni
875 1070 948 1102 etc.

231 1121 402 1174 Absque
429 1132 565 1160 tamen
590 1118 695 1160 dicta
713 1117 888 1160 clausula
908 1118 1078 1175 amplius
1112 1118 1144 1160 si
1175 1119 1302 1176 prima
1320 1119 1411 1161 vice
1438 1119 1579 1162 rescri-

110 1188 230 1232 ptum
258 1177 380 1215 fuerit
395 1189 418 1214 a
435 1177 652 1229 Signatura
670 1202 684 1220 ‚
715 1187 870 1215 necesse
889 1177 1039 1230 quippe
1057 1190 1142 1215 non
1162 1189 1219 1216 est
1243 1178 1497 1232 duplicatum
1516 1178 1581 1219 de-

110 1233 289 1291 positum
305 1263 320 1282 ,
348 1246 477 1288 eoque
505 1231 643 1272 minus
661 1231 818 1272 licentia
837 1232 1153 1275 Eminentissimi
1176 1233 1367 1276 Praefecti
1386 1266 1398 1283 ‚
1428 1235 1490 1279 vel
1512 1251 1579 1277 ra-

111 1292 319 1336 tionabilis
345 1305 467 1333 causa
483 1322 497 1340 ,
525 1291 596 1332 sed
613 1291 899 1332 tantummodo
916 1291 1002 1333 fieri
1019 1293 1138 1336 debet
1153 1306 1397 1335 consuetum
1413 1294 1578 1348 deposi-

112 1364 202 1393 tum
217 1365 426 1393 scutorum
445 1364 624 1404 quatuor
638 1381 654 1399 ,
682 1363 722 1391 et
738 1364 877 1391 omnes
895 1365 1008 1392 actus
1025 1383 1039 1401 ,
1069 1367 1174 1408 quos
1192 1352 1233 1391 in
1254 1352 1383 1408 prima
1401 1352 1582 1410 proposi-

111 1410 223 1454 tione
240 1409 439 1467 sigillatim
456 1409 658 1452 observari
681 1409 955 1451 recensuimus
973 1440 983 1450 .
1016 1412 1126 1452 Haec
1144 1426 1320 1466 namque
1339 1412 1478 1453 iterata
1494 1426 1583 1470 pro-

112 1469 260 1526 positio
285 1469 473 1511 facienda
492 1467 616 1511 etiarn
636 1479 692 1509 est
707 1469 869 1525 praevia
890 1468 1052 1511 licentia
1066 1468 1281 1510 Auditoris
1295 1469 1437 1526 ‚Juxta
1462 1470 1582 1515 inve-

113 1541 283 1572 teratam
308 1529 463 1571 Curiae
495 1529 686 1586 praxim,
709 1541 748 1569 et
775 1528 959 1570 Edictum
994 1528 1089 1570 Εῐῆἱ
1119 1528 1248 1570 Scotti
1279 1530 1380 1570 anni
1421 1544 1547 1587 1719.
1565 1556 1584 1582 ³

115 1589 228 1644 quod
239 1601 347 1631 extat
364 1590 468 1632 inter
487 1589 643 1631 decreta
668 1587 944 1629 memorabilia
962 1588 1200 1645 Signaturae
1221 1588 1242 1642 J
1248 1588 1404 1631 ustitiae
1425 1589 1468 1631 in
1488 1589 1582 1632 Bul-

113 1647 215 1690 lario
247 1647 466 1692 Clementis
482 1663 545 1690 x1.
576 1647 733 1704 Quoad
759 1646 1102 1691 commissionem
1132 1648 1485 1706 reproponendam
1522 1663 1583 1691 or·

116 1707 171 1749 do
189 1721 248 1750 est
262 1736 281 1756 -‚
313 1709 424 1765 quod
445 1724 491 1751 ea
509 1709 579 1751 fiat
598 1724 694 1751 cum
709 1707 926 1750 insertione
945 1707 1106 1750 alterius
1122 1707 1414 1750 commissionis
1429 1739 1442 1757 ‚
1474 1721 1581 1764 quae

113 1766 246 1824 primo
273 1767 365 1809 loco
399 1769 478 1811 fuit
500 1767 736 1827 proposita,
765 1767 990 1824 eodemque
1018 1767 1147 1809 modo
1169 1766 1359 1826 superius
1398 1780 1586 1825 expresso

115 1825 409 1867 subscribenda
439 1842 461 1867 a
495 1827 814 1875 Referendario,
840 1828 929 1867 sive
963 1828 1142 1867 Ponente
1178 1828 1329 1874 elect0;
1358 1825 1588 1883 depositum

116 1885 215 1928 verb
229 1884 400 1925 omnino
416 1883 658 1923 faciendum
676 1893 733 1922 est
758 1897 832 1938 per
863 1895 989 1923 totam
1015 1884 1122 1923 diem
1156 1879 1272 1935 Jovis
1289 1911 1303 1930 ,
1338 1884 1585 1927 anteceden-

117 1954 199 1983 tem
228 1940 538 1996 repropositioni
557 1939 722 1982 Causae
739 1967 754 1986 ,
786 1953 832 1981 ut
850 1939 986 1983 videre
1002 1954 1060 1983 est
1080 1941 1123 1982 in
1139 1942 1281 1983 Edicto
1313 1942 1589 1985 Eminentissi-

116 1995 352 2042 mi‘Salviati
365 2009 476 2037 n.12.
491 2012 505 2046 3
520 2009 560 2039 et
583 1997 699 2053 juxta
719 1998 913 2040 adnotata
931 2014 1000 2056 per
1019 1999 1291 2056 Ridolphinum
1308 2000 1394 2057 (1);
1411 2001 1588 2058 pecunia

118 2057 324 2117 pra-edicta
342 2089 356 2107 ‚
389 2071 493 2113 quae
511 2056 554 2097 in
581 2069 754 2113 poenam
773 2058 1106 2101 succumbe-ntiae
1134 2073 1316 2103 servatur
1334 2091 1347 2110 ,
1382 2060 1592 2119 deponen-

121 2117 175 2159 da
199 2129 257 2160 est
276 2131 402 2176 penes
423 2118 463 2158 S.
484 2117 668 2158 Montem
685 2116 845 2157 Pietatis
860 2117 984 2158 Urbis
1002 2146 1016 2164 ,
1051 2117 1170 2174 cujus
1189 2119 1330 2161 cedula
1344 2120 1592 2175 consignan-

123 2176 176 2219 da
208 2190 265 2220 est
297 2177 430 2219 eidem
459 2174 788 2218 Eminentissimo
816 2174 1019 2218 Praefecto
1037 2206 1052 2225 ,
1079 2176 1163 2220 sive
1194 2177 1391 2220 Auditori
1416 2196 1430 2230 ;
1463 2193 1592 2234 quam

123 2235 294 2279 formam
312 2235 554 2279 conficiendi
574 2235 801 2293 depositum
817 2250 891 2292 pro
909 2250 1065 2277 summa
1081 2250 1365 2294 scut.quatuor
1382 2239 1425 2279 in
1444 2237 1593 2292 hujus-

128 2297 237 2337 modi
258 2297 472 2338 dumtaxat
496 2310 593 2338 casu
626 2295 909 2352 praescriptam
936 2295 1156 2353 reperimus
1173 2329 1186 2347 ‚
1215 2313 1347 2354 quum
1379 2298 1591 2340 Pontificia

130 2355 310 2409 quadam
339 2356 646 2399 Constitutione
666 2356 869 2398 sancitum
894 2357 1048 2412 legatur
1066 2388 1080 2407 ,
1117 2357 1255 2399 omnia
1282 2358 1457 2414 deposita
1478 2356 1593 2412 judi·

133 2411 247 2455 cialia
263 2446 277 2465 ‚
292 2416 525 2460 excedentia
542 2429 742 2458 summam
759 2429 858 2458 scut.
889 2416 1077 2471 quinque
1113 2415 1299 2460 facienda
1315 2430 1394 2456 esse
1416 2415 1458 2456 in
1482 2415 1592 2457 dicto

963 2474 1003 2517 N
1039 2487 1064 2516 2
1419 2475 1458 2516 S.
1472 2474 1593 2515 Mon-

157 2544 940 2559 ——n·———-—'—
1415 2545 1574 2560 ῄ

185 2604 241 2645 (1)
264 2607 300 2638 In
318 2606 512 2650 Praxipart.
534 2614 562 2636 ι.
588 2615 656 2649 cap.
680 2616 733 2650 ¹3·
754 2616 839 2640 num.
854 2615 906 2646 55.
