1993 3195
638 282 1145 319 APPENDIX
1594 295 1635 330 ,⁷9

234 329 372 365 Bussius
386 352 396 361 .
980 332 1145 365 Berninus
1161 354 1173 364 .

231 379 349 413 Mutus
371 379 413 411 de
430 375 628 423 Papazurris
643 376 850 414 Secretarius
865 401 875 413 .
978 378 1168 412 Scarincius
1187 401 1198 411 .

196 447 200 456 ·
230 426 388 461 Zelonius
405 450 414 460 .
955 425 1145 461 Victorius.

963 475 1148 511 Thomatus
1160 498 1171 509 .

197 571 205 578 ι
281 524 410 561 Omnia
423 523 614 572 supradicta
638 525 887 568 decreverunt,
921 533 960 561 ut
973 537 1074 571 supra
1092 549 1103 566 ,
1129 537 1167 561 ac
1185 524 1260 561 fore
1285 524 1446 561 servanda
1472 548 1483 565 ,
1528 532 1563 562 et
1581 526 1637 562 hic

134 574 328 618 registrari.

651 625 714 659 Die
745 627 974 671 22..Augusti
1007 627 1111 660 1680.

233 675 271 709 In
292 672 568 720 Congregatione
595 674 782 720 Signaturae
808 675 955 715 Jusritiae
981 675 1090 710 habita
1119 685 1233 710 coram
1270 675 1397 711 lim-ac
1414 675 1502 712 Rev.
1521 673 1631 712 Dom-

135 721 238 758 Card.
259 723 377 758 Flayio
404 722 527 757 Chisio
543 723 709 758 Praefecto
725 747 735 762 ‚
766 725 807 759 ab
825 723 933 758 lllffiis
951 748 962 763 ‚
994 734 1027 758 et
1050 724 1135 761 ReV.
1153 725 1239 763 DD.
1256 725 1341 761 Vot-

231 773 331 807 Muto
351 774 393 806 de
408 772 606 819 Papazurris
633 773 778 808 Decano
791 796 802 813 ,
830 785 868 808 ac
883 773 1071 808 Secretario
1085 797 1095 807 .

227 820 438 857 Maculam»
980 821 1154 857 Scarincio
1169 848 1181 859 .

230 871 358 905 Zelono
373 894 384 905 .
977 869 1135 906 Victorio
1148 895 1159 906 .

228 920 397 954 Ginnetto
413 942 436 954 .-
966 920 1112 957 Buratto
1123 943 1133 954 .

229 968 379 1003 Bernino
393 992 405 1002 .

281 1020 472 1054 Decretum
491 1018 582 1058 fuit,
617 1018 710 1064 quod
738 1029 804 1053 non
831 1017 1036 1054 concedatur
1061 1017 1208 1063 amplius
1239 1016 1374 1053 licentia
1409 1015 1572 1054 redeundi
1599 1018 1641 1054 ad

134 1064 345 1111 signaturam
362 1079 424 1113 pro
442 1068 481 1103 iis
495 1067 628 1108 causis,
659 1079 734 1114 quae
760 1067 897 1103 fuerunt
916 1067 1068 1103 omnium
1113 1067 1213 1102 Votis
1252 1067 1410 1103 resolutae
1438 1092 1449 1108 ‚
1494 1077 1642 1112 utraque

133 1125 229 1160 parte
243 1117 458 1156 infirmante,
485 1118 587 1152 etiarn
613 1120 704 1163 quod
723 1117 754 1151 in
771 1129 808 1152 ea
827 1118 1003 1164 Signatura
1042 1129 1109 1151 non
1138 1115 1264 1151 fuerint
1289 1140 1299 1155 ,
1333 1117 1396 1151 nisi
1423 1125 1491 1151 octo
1529 1115 1640 1151 solum

131 1162 308 1200 Illustriss.
324 1189 335 1205 ‚
369 1175 403 1200 et
420 1166 658 1200 Reverendiss.
677 1166 841 1199 Votantes
857 1189 869 1205 ,
895 1177 930 1199 ac
945 1164 1159 1208 singularum
1175 1175 1349 1200 causarum
1369 1166 1534 1200 ponentes
1551 1177 1562 1205 ;
1591 1176 1642 1199 se-

133 1224 190 1248 cus
209 1214 236 1248 si
259 1215 290 1249 in
310 1214 433 1249 minori
450 1225 591 1250 numero
615 1239 625 1254 ,
653 1213 755 1259 idque
782 1214 823 1248 ad
839 1216 1048 1258 parcendum
1080 1212 1287 1260 litigantium
1322 1215 1477 1259 expensis
1494 1239 1504 1255 ‚
1530 1222 1563 1248 et
1578 1224 1642 1258 pro

133 1262 286 1298 sollicita
304 1264 407 1309 magis
426 1287 435 1302 ,
469 1275 542 1309 quae
560 1272 779 1309 summopere
809 1262 1019 1297 desideratur
1032 1286 1043 1303 ,
1072 1274 1247 1299 causarum
1261 1286 1273 1304 ,
1301 1276 1339 1300 ac
1357 1264 1502 1305 Justitiae
1538 1273 1646 1308 expe·

134 1311 269 1347 ditione
283 1337 293 1353 ,
320 1324 353 1348 et
369 1314 622 1358 complemento
636 1336 646 1347 .

700 1362 763 1395 Die
791 1372 847 1397 10.
859 1362 950 1396 Maii
969 1362 1074 1403 1685.

229 1409 308 1444 Fuit
323 1410 434 1445 habita
459 1410 640 1455 Signatura
664 1410 810 1449 Jnstitiae
823 1422 936 1445 coram
955 1411 1039 1443 fimo
1054 1433 1064 1449 ‚
1097 1418 1130 1444 et
1149 1410 1238 1444 Rffio
1263 1410 1312 1443 D.
1327 1408 1445 1445 Flavio
1466 1407 1640 1444 Cardina-

134 1456 159 1494 li
175 1458 299 1495 Chisio
316 1461 356 1494 ab
372 1458 478 1493 Illrhis
495 1482 506 1498 ,
533 1468 566 1492 et
581 1457 677 1492 Rffiis
697 1459 848 1498 ejusdem
874 1458 1061 1504 Signaturae
1089 1457 1296 1493 Votantibus
1311 1482 1322 1494 .

229 1509 409 1543 Maculano
438 1509 602 1549 Decano,
634 1516 667 1543 et
684 1506 873 1543 Secretario

229 1557 368 1591 Ottono
383 1582 393 1592 .
939 1555 1044 1591 Butio
1064 1578 1074 1590 .

228 1605 412 1640 Bentivolo
428 1631 440 1642 .
946 1604 1104 1639 Victorio
1121 1628 1131 1639 .

231 1656 395 1689 Ginnetto
411 1679 421 1688 .
942 1653 1114 1687 Thomato
1126 1677 1137 1688 .

229 1702 353 1739 ssussio
369 1727 379 1739 .
947 1701 1115 1736 Brunetto
1130 1725 1141 1736 .

944 1751 1104 1786 Vallato.

228 1803 271 1837 Et
297 1810 373 1846 post
389 1802 543 1837 eamdem
574 1800 788 1839 resolutum,
813 1811 851 1835 ac
888 1800 1065 1834 decretum
1099 1822 1110 1839 ‚
1141 1799 1232 1844 quod
1259 1798 1287 1833 si
1315 1798 1391 1845 quis
1407 1798 1636 1838 Procurator,

131 1862 190 1886 seu
206 1861 379 1886 causarum
411 1852 574 1886 Patronus
607 1851 767 1894 petierit,
794 1859 827 1883 et
841 1859 1076 1894 consequutus
1105 1847 1204 1882 fuerit
1237 1859 1359 1883 novam
1394 1848 1612 1883 Audientiam
1632 1870 1644 1886 ‚

131 1909 164 1934 et
179 1901 345 1935 licentiam
374 1899 540 1935 redeundi
565 1901 726 1938 adversus
762 1897 936 1940 Rescripta
969 1896 1155 1943 Signaturae
1183 1898 1215 1932 in
1234 1896 1298 1932 illis
1317 1896 1438 1931 Causis
1467 1898 1498 1931 in
1516 1896 1640 1941 quibus

132 1949 236 1984 fuerit
252 1951 467 1996 appositum,
488 1948 674 1996 etamplius
694 1959 758 1982 non
772 1954 982 1994 proponatur
995 1970 1006 1987 ,
1023 1946 1085 1981 sub
1107 1944 1222 1991 aliquo
1248 1946 1440 1980 mendicato
1473 1952 1639 1994 praetentu

132 1996 276 2037 alicujus
293 2000 373 2035 novi
387 1998 660 2045 supervenientis
677 1996 800 2034 motivi
816 2021 826 2037 ‚
843 2007 909 2030 non
939 1994 969 2029 in
991 1994 1168 2041 Signatura
1196 1994 1361 2034 discussi,
1389 1994 1432 2029 de
1459 1995 1556 2033 cuius
1589 2004 1642 2027 m-

132 2047 306 2084 validitate
327 2073 338 2089 ,
365 2059 397 2083 et
414 2047 665 2083 insubsistentia
698 2055 857 2092 appareat
872 2070 882 2084 ,
911 2057 948 2079 ac
970 2046 1046 2079 ideo
1064 2044 1283 2091 dignoscatur
1306 2043 1544 2079 Procuratoris
1565 2052 1646 2088 per-

131 2096 286 2138 vicacia,
318 2106 351 2132 et
365 2097 537 2132 cavillatio
572 2097 614 2130 ad
642 2095 799 2130 effectum
835 2103 944 2138 partes
972 2094 1204 2138 defatigandi,
1231 2107 1267 2129 ac
1286 2103 1346 2138 per
1367 2095 1432 2128 hoc
1460 2093 1641 2138 Signatum

133 2147 272 2182 omnino
291 2147 424 2182 steterit
450 2146 481 2181 in
498 2146 609 2192 primo
638 2144 716 2178 loco
744 2143 890 2182 decisis,
915 2153 953 2175 ac
970 2141 1142 2181 decretis,
1173 2143 1262 2177 idem
1290 2143 1501 2177 Procurator.
1537 2149 1648 2176 tenea-

134 2201 189 2229 tur
202 2197 334 2232 solvere
366 2194 613 2241 principalibus
646 2206 688 2230 ex
707 2193 849 2229 adverso
878 2190 1152 2235 comparentibus
1171 2215 1182 2231 ‚
1212 2190 1261 2225 sic
1276 2192 1316 2224 ad
1335 2203 1458 2227 novam
1476 2189 1648 2242 trutinant

134 2247 329 2288 provocatis
364 2256 507 2284 ornnes,
539 2253 572 2277 et
587 2243 739 2288 singulos
767 2251 921 2284 sumptus
948 2239 980 2274 in
996 2239 1231 2284 Propositione
1260 2240 1394 2280 factos,
1429 2241 1528 2276 nullo.
1548 2247 1644 2281 peni-

135 2300 189 2327 tus
208 2294 343 2330 excluso
360 2319 372 2335 ‚
401 2295 504 2329 etiam
524 2292 636 2337 quoad
666 2289 742 2324 illos
761 2313 772 2329 ‚
795 2289 903 2323 factos
929 2288 960 2321 in
985 2288 1172 2332 Scripturis
1203 2289 1434 2331 Copistarum
1464 2289 1505 2322 ad
1535 2285 1645 2321 instat

136 2342 388 2379 Attentatorum
404 2370 415 2384 ,
447 2353 480 2378 et
496 2341 543 2377 sic
562 2337 804 2375 inviolabihter
816 2335 940 2372 servari
962 2338 1080 2370 debeat
1112 2336 1142 2370 in
1164 2336 1318 2372 futurum
1339 2361 1349 2371 .

233 2391 392 2438 Cumque
407 2392 488 2428 mihi
520 2392 707 2432 injunctum
734 2386 843 2421 fuerit?
869 2387 908 2419 ab
925 2385 1042 2420 eodem
1066 2385 1149 2418 limo
1178 2386 1342 2420 l’raefecto
1358 2409 1368 2424 ‚
1401 2391 1434 2418 et
1452 2382 1560 2418 Illthis
1582 2382 1644 2416 Pa-

135 2441 240 2476 ¹rlbus
255 2465 264 2481 s
299 2442 390 2487 quod
404 2453 544 2488 praesens
565 2441 752 2476 Decretum
779 2436 979 2483 registretur
1003 2434 1035 2469 i'n
1053 2433 1146 2469 libro.
1167 2436 1335 2488 Actorum
1358 2433 1544 2480 Signaturae
1561 2456 1572 2473 ‚
1604 2438 1641 2465 et

134 2487 354 2535 publicetur.

772 2539 805 2572 C.
821 2534 1022 2570 Maculanus
1036 2538 1209 2574 necemus,
1229 2541 1263 2567 et
1281 2533 1523 2616 secretarius121
1548 2576 1632 2613 XIV

1526 2604 1535 2615 n
1631 2597 1650 2613 0-
