1993 3195
596 358 635 400 C
667 356 709 398 A
738 357 766 399 P
799 357 839 400 U
871 355 909 400 T
971 359 1019 400 ll.
1466 372 1547 416 ¹3⁴!

89 424 139 466 Et
157 421 210 464 ita
230 419 387 463 censuit
403 418 621 476 signatura
659 416 701 458 in
737 417 862 460 Causa
893 415 1161 476 Senogallc'en.
1188 415 1249 459 die
1279 428 1349 472 27.
1376 416 1557 473 jasium&

95 481 225 537 1780.

211 539 428 581 Camerales
448 538 641 593 Officiales
662 565 674 584 ,
707 536 818 581 Nota
831 536 900 587 rii,
925 551 1076 594 ¹nempe
1092 568 1104 586 ‚
1138 551 1209 578 seu
1237 535 1448 577 Secretarii
1471 538 1558 578 Ca-

91 612 221 641 merae
240 627 253 645 ,
281 599 594 641 Subcolleetores
611 596 838 654 Spoliorum
862 627 875 646 ,
907 597 1054 652 aliique
1084 596 1262 638 Ministri
1282 595 1464 652 gaudent
1480 595 1559 652 pri·

89 656 236 714 vilegio
256 656 333 699 fori
355 691 367 709 ,
401 657 587 715 quamvis
607 671 693 698 non
715 670 860 714 agatur
880 655 928 697 de
962 670 1001 698 re
1021 669 1223 713 spectante
1256 656 1308 696 ad
1321 669 1463 695 eorum
1483 653 1557 696 Of-

92 717 232 760 ficium
255 746 264 757 .
300 718 350 759 Et
367 718 419 760 ita
439 716 636 774 rescripsit
674 716 897 772 Signatum
931 715 973 756 in
990 716 1116 758 Causa
1139 715 1363 759 Recineten.
1387 713 1558 771 2o.julii

98 789 224 832 1747·
242 808 254 826 ,
273 790 311 818 et
331 777 373 817 in
390 778 547 818 Imoletz.
571 790 613 827 ι).
631 776 773 833 aprilis
797 776 926 831 1778.

211 835 389 892 Capitolii
409 837 602 878 Tribunal
619 837 741 878 habet
773 834 1095 892 jurisdictionem
1123 835 1243 877 etiarn
1264 846 1374 876 extra
1396 833 1554 875 Urbem

90 909 160 953 per
178 895 314 936 omnia
329 927 342 945 ‚
374 909 412 938 et
429 896 587 952 singula
623 896 707 937 loca
728 893 930 936 districtus
950 924 960 938 ,
983 893 1087 935 intra
1107 924 1120 942 ,
1155 907 1310 949 nempe,
1324 895 1552 949 quadrage-

89 954 236 995 simum
269 955 440 1012 lapidem
457 987 470 1005 ‚
502 956 554 997 ab
574 955 683 997 Urbe
719 954 902 996 dissitum
921 983 934 1001 ‚
963 953 1033 995 sed
1067 955 1120 995 ad
1151 953 1321 994 unicum
1361 951 1549 994 effectum

91 1013 281 1062 citandi,
316 1028 353 1056 et
381 1014 624 1071 procedendi
661 1014 702 1054 in
723 1013 872 1054 Causis
893 1012 998 1053 mere
1017 1011 1252 1059 laicalibus,
1288 1012 1339 1052 acl
1372 1010 1459 1062 ejus
1491 1011 1549 1051 fo-

91 1087 179 1114 rum
210 1074 528 1129 competentibus
544 1088 683 1115 contra
702 1072 828 1113 Cives
850 1073 1057 1112 Romanos
1077 1103 1089 1120 ,
1119 1070 1181 1114 vel
1201 1071 1356 1110 Incolas
1370 1098 1381 1116 ‚
1396 1069 1458 1112 vel
1477 1068 1549 1124 qui

90 1132 227 1178 aliter,
244 1131 357 1186 juxta
379 1131 681 1188 dispositionem
697 1130 843 1172 Staturz‘
865 1131 964 1186 (1),
994 1130 1172 1185 ejusdem
1196 1119 1350 1169 Cufiae
1390 1127 1550 1183 jurisdi-

89 1189 213 1230 ctioni
233 1188 399 1242 subjecti
417 1203 543 1237 sunt;
578 1185 698 1241 proiit
730 1190 1016 1244 praescriptum
1035 1188 1180 1241 legitur
1209 1187 1250 1226 in
1269 1187 1551 1228 Constitutione

81 1245 293 1290 ‘Benedicti
314 1261 399 1290 XIV·
427 1246 523 1303 (2)
561 1246 750 1302 Quinam
782 1247 881 1288 verb
911 1245 1102 1286 dicantur
1135 1243 1258 1285 Cives
1280 1271 1292 1289 ‚
1319 1257 1355 1284 et
1391 1243 1547 1285 Incolae

92 1304 559 1349 declaravitssenedictus
577 1319 680 1347 xm.
699 1320 767 1347 suo
778 1315 884 1347 motu
894 1304 1051 1362 proprio
1063 1302 1143 1343 diei
1160 1301 1397 1357 24.octobris
1419 1316 1431 1340 1
1445 1303 1547 1358 728.

92 1364 278 1420 Quando
296 1365 426 1422 agitur
443 1365 489 1406 de
510 1366 751 1422 obligatione
770 1361 1295 1411 Camerali‚cumulativam¹
1309 1360 1549 1417 iurisdictio-

92 1437 184 1465 nem
201 1424 322 1466 habet
348 1439 441 1465 cum
463 1424 515 1464 A.
532 1423 584 1465 C.
603 1425 633 1465 si
652 1424 807 1466 debitor
822 1424 871 1465 sit
888 1423 1090 1478 subjectus
1109 1450 1122 1468 ‚
1156 1431 1204 1461 ut
1223 1434 1360 1476 supra,
1380 1419 1465 1475 ejus
1482 1420 1548 1461 fo-

91 1496 138 1525 ro
159 1482 232 1540 (3)
253 1512 263 1522 .
285 1482 334 1524 Et
363 1482 548 1538 quamvis
582 1483 623 1523 in
661 1479 827 1523 Causis'
845 1481 1098 1523 Clericorum
1118 1511 1131 1528 ,
1165 1493 1386 1534 eorumque
1416 1481 1551 1520 bono-

93 1556 183 1583 rum
209 1574 223 1592 ‚
258 1541 409 1583 nullam
444 1543 591 1585 habeat
624 1540 943 1598 jurisdictionem
969 1555 981 1589 ς
1016 1538 1283 1580 nibilominus
1320 1537 1362 1577 in
1397 1537 1549 1580 causis

96 1600 316 1645 Concursus
346 1616 465 1658 super
488 1604 525 1644 b<
544 1602 605 1643 nis
630 1600 739 1642 Laici
769 1598 960 1642 debitoris
1000 1598 1189 1655 competit
1221 1596 1351 1638 eidem
1386 1595 1548 1648 jurisdi-

94 1661 189 1711 ctio,
207 1660 357 1711 etiamsi
374 1662 482 1702 bona
504 1660 547 1702 in
568 1674 814 1702 concursum
836 1658 1010 1700 deducta
1032 1687 1043 1705 ,
1071 1658 1113 1698 in
1130 1671 1273 1707 totum,
1293 1656 1354 1699 vel
1371 1656 1413 1696 in
1434 1669 1546 1712 parte

71 1720 174 1762 sint
204 1720 251 1762 de
269 1719 508 1777 proprietate
528 1752 541 1770 ,
573 1736 644 1762 seu.
669 1718 851 1761 dominio
870 1717 1124 1759 Clericorum
1143 1747 1155 1764 ,
1189 1731 1263 1772 pro
1297 1730 1344 1756 eo
1372 1727 1549 1764 tanturn,

95 1779 207 1835 quod
222 1778 392 1836 pertinet
411 1779 464 1821 ad
480 1780 782 1836 deputationem
801 1777 1014 1819 (Economi
1026 1808 1039 1826 ,
1065 1774 1378 1834 graduationem
1395 1773 1549 1815 Credi-

94 1849 258 1886 torum,
291 1836 610 1878 distributionem
628 1868 642 1884 ,
676 1853 748 1878 seu
765 1836 1112 1891 consignationem
1137 1833 1286 1890 pretii,
1318 1847 1366 1874 ex
1404 1833 1549 1874 delibe-

96 1896 251 1938 ratione
271 1893 500 1936 retrahendi
520 1924 530 1933 .
564 1894 721 1948 Quoad
735 1895 830 1935 vero
859 1894 1206 1934 subhastationem
1222 1890 1404 1946 ipsorum
1422 1892 1551 1933 bono·

97 1968 190 1995 rum
207 1953 420 2009 procedet-e
438 1952 578 2006 nequit
598 1952 707 1992 dicta
721 1950 852 1992 Curia
869 1981 882 1999 ,
913 1949 1046 1991 sedA.
1069 1950 1123 1992 C.
1137 1964 1207 1993 aut
1224 1949 1459 1991 Cardinalis
1471 1950 1548 1991 Vi-

98 2012 230 2055 carius
249 2042 262 2060 ,
295 2010 418 2051 aliave
434 2009 562 2050 Curia
582 2009 851 2050 Ecclesiastica
869 2024 882 2058 3
915 2009 969 2050 ita
990 2022 1131 2051 tarnem
1147 2041 1160 2059 ,
1192 2007 1410 2050 utCedula
1432 2008 1550 2064 depo-

97 2070 161 2113 siti
180 2069 390 2128 pecuniae‚
409 2082 430 2108 a
450 2067 752 2109 subhastatione
774 2069 977 2109 bonorum
998 2081 1188 2110 retractae
1205 2100 1218 2117 ‚
1237 2067 1462 2109 immediate
1484 2067 1556 2109 de-

99 2130 249 2172 feratur
267 2143 287 2182 a
310 2127 489 2169 Cursore
505 2155 517 2173 ‚
533 2142 604 2167 seu
626 2126 887 2166 Mandatario
909 2128 960 2166 ad
979 2127 1163 2178 Judicem
1183 2127 1423 2169 Concursus
1442 2142 1557 2168 nem-

102 2205 148 2247 pe
162 2189 213 2229 ad
230 2189 354 2245 ipsam
371 2186 544 2227 Curiam
560 2186 634 2242 (4)
649 2216 659 2225 .
676 2184 835 2224 Contra
853 2184 1130 2231 Hel›me0.5‚etsi
1151 2187 1303 2227 incolae
1320 2185 1442 2227 Urbis
1459 2186 1552 2236 sint,

107 2248 212 2290 nulla
233 2260 361 2289 tamen
378 2245 492 2301 pollet
507 2243 797 2302 jurisdictione,
811 2243 950 2297 utpote
971 2241 1174 2294 subjectos
1193 2244 1348 2286 Curiae
1367 2245 1552 2287 Vicaria-

107 2319 170 2348 tus
187 2322 233 2348 ex
253 2305 561 2347 Constitutione
579 2304 672 2351 julii
693 2303 788 2350 lll.:,
821 2312 953 2357 potest
969 2304 1126 2345 veroin
1146 2305 1293 2346 Causis
1313 2303 1553 2344 Criminali-

111 2366 186 2409 bus
205 2365 392 2409 adversus
425 2379 492 2407 eos
510 2363 722 2421 procedere
743 2391 755 2409 ‚
788 2375 837 2414 ex
850 2359 982 2402 officio
1006 2377 1138 2404 tamen
1156 2396 1170 2414 ,
1205 2379 1287 2404 non
1320 2364 1372 2403 ad
1403 2374 1552 2416 quere-

328 2439 333 2442 ·
1060 2423 1084 2462 S
1441 2419 1516 2460 lam
1534 2435 1550 2472 .·,

124 2506 899 2523 ———-—-——-——--—
906 2503 1376 2516 ———-————
1383 2499 1536 2516 β

161 2571 214 2607 (1)
239 2568 304 2598 Lib.
332 2577 358 2598 1.
390 2576 522 2608 cap.41.
906 2567 957 2606 (35
982 2564 1051 2593 Loc.
1069 2564 1118 2593 cit.
1143 2553 1295 2602 ἕλκω.

162 2613 216 2659 ξι)
240 2613 445 2645 Roman-Cur.
455 2618 560 2653 praest.
576 2609 715 2651 §.Curiae
724 2619 812 2642 vero.
908 2611 959 2650 (ἢ)
982 2609 1056 2641 Lac.
1074 2609 1125 2640 cit.
1148 2604 1180 2648 §.
1200 2609 1232 2639 in
1251 2606 1356 2639 Caum
1371 2626 1381 2637 .
