1993 3195
671 273 708 316 C
757 276 797 315 A
845 277 874 316 Ρ
920 277 957 317 U
1004 275 1042 315 T
1103 276 1158 318 V.
1553 292 1576 322 2

168 348 266 378 tunc
285 333 523 387 rescriptum
556 345 630 388 pro
665 332 1044 375 subministratione
1078 349 1163 375 non
1197 346 1252 376 est
1269 333 1492 390 praecisum
1520 362 1533 381 ,
1566 292 1644 379 3Ξὲ

168 397 285 436 <Lbet
303 392 414 448 prius
441 393 481 433 in
498 393 602 433 ‘Rota
647 391 850 450 disputari
871 423 884 442 ,
921 407 975 434 an
995 392 1045 435 sit
1060 392 1172 435 locus
1191 393 1353 434 arbitrio
1385 406 1458 449 pro
1477 392 1636 436 illarum

167 451 540 495 subministratione
558 483 571 502 ‚
603 464 650 492 ut
670 450 830 495 factum
848 450 928 494 suit
964 467 1034 509 per
1046 452 1187 494 Rotam
1222 452 1262 493 in
1296 452 1432 494 Dacis.
1453 452 1635 508 18pcrrt.

167 526 207 569 9.
226 525 378 552 recent.
397 528 409 562 3
451 512 602 555 diversa
631 511 779 553 deinde
814 526 873 553 res
893 523 950 553 est
969 543 980 558 ‚
1014 512 1043 553 si
1068 511 1186 554 fuerit
1210 513 1441 568 rescriptum
1462 540 1475 558 ,
1492 513 1634 553 submi-

183 570 357 613 nistratis
376 571 569 613 alimentis
601 602 614 620 ‚
648 586 685 613 et
710 571 930 626 sumptibus
949 572 1028 614 litis
1046 600 1057 618 ,
1084 572 1241 614 arbitrio
1275 573 1395 613 Rotae
1412 572 1600 613 taxandis
1618 601 1632 620 ‚

168 645 269 677 tunc
290 631 611 674 subministratio
630 631 788 673 illorum
807 632 890 672 fieri
925 631 1042 673 debet
1059 660 1071 679 ,
1105 649 1139 674 er
1167 634 1292 673 Rotae
1313 631 1523 674 arbitrium
1543 646 1632 673 ver-

167 703 279 732 satur
313 691 607 733 tantummodo
627 705 746 746 super
764 689 985 745 quantitate
1004 692 1178 733 taxanda
1198 720 1211 738 ‚
1240 706 1276 735 et
1299 706 1380 733 nori
1400 706 1519 744 super
1532 691 1632 732 sub-
1667 725 1671 729 .

167 751 312 791 stantia
338 781 351 800 ,
404 765 426 791 a
460 749 675 806 Signatura
725 750 897 805 praecise
930 751 1119 793 ordinata
1147 752 1219 807 (ι)
1240 781 1250 790 .
1274 752 1369 791 Non
1407 750 1632 804 acquiritur

168 819 303 850 tamen
327 823 375 851 ex
402 808 639 862 hujusmodi
672 809 859 864 rescripto
881 809 957 850 ulla
978 809 1081 852 actio
1102 810 1295 867 appellato
1315 840 1327 858 ‚
1367 810 1439 851 nisi
1458 825 1538 864 qua
1548 810 1631 850 ndo

169 868 371 924 appellans
391 868 565 911 voluerit
585 883 748 910 causam
767 867 1041 925 appellationis
1065 869 1251 926 prosequi
1269 897 1282 915 ‚
1303 884 1432 924 quum
1448 882 1546 909 tuuc¹
1564 884 1630 909 so-

168 923 255 967 lum
284 927 475 982 impediat
506 928 741 969 exercitium
771 926 1067 974 =iurisdictionis
1101 929 1203 969 inter
1232 927 1331 982 ipsas
1367 928 1497 969 Partes
1518 928 1590 981 (2)
1616 943 1630 977 ;

172 983 348 1041 ideoque
375 986 447 1040 qui
464 985 549 1028 vult
567 987 623 1027 uti
641 986 744 1027 dicta
761 986 1064 1027 Commissione
1082 1002 1175 1028 cum
1193 985 1387 1027 recensita
1417 986 1595 1027 clausula
1612 1017 1627 1035 ,

169 1055 336 1087 tenetur
366 1047 418 1086 ad
437 1044 594 1086 illerum
621 1044 1033 1087 subministrationem
1051 1046 1125 1101 (3)
1146 1076 1156 1085 .

298 1105 342 1143 ln
360 1102 516 1153 judicio
549 1104 793 1145 creditorum
829 1104 1002 1145 mulieris
1023 1105 1239 1160 Signatura
1258 1116 1409 1158 semper
1427 1102 1632 1154 rescribit,

168 1160 250 1202 sine
263 1160 512 1217 praejudicio
533 1188 546 1206 ‚
581 1163 686 1201 salva
706 1160 910 1201 medietate
937 1162 1038 1202 dotis
1057 1192 1069 1208 ‚
1101 1175 1143 1203 ut
1161 1173 1325 1202 testatur
1345 1161 1392 1200 de
1406 1162 1509 1202 Luca
1523 1161 1563 1201 in
1577 1162 1630 1204 ti-

168 1220 250 1261 tulo
267 1222 313 1260 de
335 1221 422 1261 dote
439 1219 540 1275 (4);
573 1233 679 1273 quae
699 1219 887 1260 medietas
907 1218 1010 1261 dotis
1038 1220 1236 1262 metienda
1268 1233 1352 1260 non
1380 1232 1436 1261 est
1468 1235 1516 1261 ex
1534 1235 1582 1261 eo
1616 1251 1632 1272 ,

170 1279 286 1335 quod
304 1291 482 1336 superest
515 1293 603 1336 post
628 1278 842 1320 fortuitum
859 1294 996 1320 casum
1011 1292 1270 1336 superventae
1292 1278 1631 1335 inexigibilitatis;

171 1349 271 1379 tunc
291 1339 399 1380 enim
428 1352 512 1377 non
529 1353 608 1379 esse
629 1338 779 1379 salvam
799 1338 1046 1380 medietatem
1065 1370 1076 1388 ,
1110 1337 1393 1394 praescriptam
1414 1339 1466 1379 ab
1485 1336 1634 1379 immu-

170 1396 283 1439 tabili
309 1395 401 1439 stilo
429 1397 702 1452 Signaturae‚
735 1397 803 1436 sed
820 1396 942 1436 modo
970 1398 1179 1445 trientem,
1210 1397 1334 1436 modo
1366 1396 1633 1450 quadrantem

174 1455 273 1499 assis
302 1454 727 1505 dotalis‚mulieribus
757 1456 990 1505 constituti,
1022 1469 1059 1497 et
1086 1455 1208 1496 modo
1246 1455 1442 1496 minorem
1464 1485 1477 1504 ‚
1513 1451 1631 1508 juxta

173 1514 397 1568 majorem,
427 1516 489 1559 vel
506 1516 704 1556 minorem
734 1514 1007 1557 decoctionem
1026 1545 1038 1563 ‚
1077 1529 1182 1569 quae
1214 1514 1492 1573 contingeret,
1527 1528 1633 1556 acer-

173 1575 273 1616 rime
292 1575 507 1617 contendit
526 1575 787 1630 Hieronymus
804 1575 938 1616 Palma
967 1573 1100 1632 Nepos
1116 1573 1186 1632 (5)
1203 1589 1214 1622 ;
1233 1588 1252 1614 e
1274 1588 1357 1628 qua
1374 1572 1567 1621 clausula,
1579 1574 1633 1615 de

170 1633 261 1676 stilo
291 1633 442 1694 apponi
469 1635 581 1676 solita
619 1649 640 1675 a
659 1634 872 1691 signatura
890 1665 902 1682 ,
935 1636 1154 1676 edocemur
1174 1663 1186 1680 ‚
1220 1633 1382 1686 judices
1409 1631 1450 1672 in
1476 1631 1633 1674 relaxa-

173 1692 288 1736 tione
324 1693 507 1737 mandati
550 1708 691 1736 contra
739 1694 944 1735 mulierem
974 1727 987 1744 ‚
1033 1694 1247 1751 obligatam
1290 1707 1363 1749 pro
1405 1690 1494 1734 viro
1525 1721 1538 1740 ‚
1569 1691 1632 1734 vel

168 1752 263 1793 filiis
279 1781 293 1800 ‚
331 1767 438 1807 quae
459 1753 592 1809 alleget
623 1768 660 1793 se
679 1768 880 1801 remanere
916 1754 1141 1795 indotatam
1158 1783 1170 1800 ,
1201 1752 1343 1795 debere
1370 1750 1499 1790 eidem
1516 1764 1635 1806 prae-

173 1825 331 1854 servare
363 1811 569 1852 dimidiam
588 1823 739 1866 partem
757 1810 862 1849 dotis
881 1824 893 1858 ;
913 1811 1005 1851 alias
1030 1810 1265 1863 Signaturae
1282 1808 1482 1850 Tribunal
1499 1822 1547 1851 ex
1565 1808 1631 1850 in·-

175 1885 372 1913 concussa
405 1868 660 1912 observantia
675 1868 709 1908 ei
727 1869 902 1909 occurrit
918 1869 1103 1925 superius
1121 1869 1280 1910 recitata
1303 1866 1480 1909 clausula
1500 1897 1510 1907 .

294 1929 401 1971 Solet
421 1929 540 1975 etiam
567 1928 783 1985 Signatum
816 1927 1041 1983 ⁴aliquando
1077 1928 1214 1970 favore
1242 1926 1410 1975 Soceri,
1442 1927 1503 1969 vel
1534 1925 1633 1967 Fra-

176 1984 273 2038 tris,
304 2000 444 2030 contra
466 2002 570 2041 quos
607 1987 658 2027 ad
679 1986 910 2028 instantiam
943 1985 1123 2041 Generi,
1157 1985 1418 2034 velSororis,
1461 1984 1540 2027 fuit
1569 2000 1634 2026 re-

177 2044 360 2090 laxatum
385 2046 625 2089 mandatum
651 2045 771 2087 libere
795 2060 866 2101 pro
884 2047 974 2088 dote
993 2074 1006 2093 ‚
1039 2060 1123 2086 non
1153 2057 1304 2087 attento
1336 2044 1483 2087 scilicet
1511 2046 1634 2086 benc-

179 2103 272 2148 ficio
296 2108 488 2155 ,deducto
505 2119 552 2146 ne
585 2118 724 2162 egeat,
754 2105 805 2143 ab
832 2103 903 2144 illis
929 2102 1170 2155 judicialiter
1198 2103 1362 2157 allegato
1395 2114 1554 2161 propter
1573 2117 1635 2144 eo-

182 2178 269 2206 rum
293 2177 570 2224 paupertatem
587 2193 600 2212 ‚
621 2163 833 2205 rescribere
852 2191 864 2209 ,
893 2161 972 2204 sine
979 2161 1241 2218 praejudicio,
1262 2162 1423 2204 deducto
1436 2177 1484 2203 ne
1499 2175 1651 2220 egeat;⁴

183 2238 269 2279 quo
290 2241 386 2270 casu
421 2239 505 2266 non
525 2235 652 2280 potest
677 2223 806 2269 ludex
825 2236 847 2262 a
866 2237 950 2276 quo
980 2222 1192 2278 procedere
1211 2250 1225 2268 ‚
1252 2221 1327 2263 nisi
1348 2220 1464 2265 salvis
1482 2221 1640 2263 alimen-

180 2283 232 2325 tis
267 2284 455 2340 congruis
482 2298 555 2341 pro
572 2284 717 2324 Socero
738 2308 750 2326 ,
781 2280 841 2322 vel
859 2281 991 2322 Fratre
1006 2310 1019 2328 ,
1058 2280 1256 2323 contentis
1293 2281 1334 2321 in
1354 2280 1457 2321 dicta
1477 2280 1640 2322 clausu-

184 2342 239 2389 la,
257 2342 417 2385 deducto
435 2358 482 2385 ne
500 2355 614 2401 egeat
628 2372 640 2390 ‚
658 2338 928 2382 mortificativa
949 2336 1113 2380 alterius
1140 2339 1410 2380 antecedentis
1426 2337 1505 2379 sine
1516 2350 1639 2393 prae-v

169 2401 324 2458 judicio
346 2416 359 2453 3
385 2403 480 2446 alias
498 2397 665 2446 attentat
681 2398 754 2456 (6)
772 2429 781 2438 .
802 2399 900 2440 Non
918 2412 1102 2440 censetur
1122 2411 1253 2440 tamen
1274 2428 1288 2446 ,
1313 2398 1496 2444 Judicem
1513 2409 1638 2439 atten-

1558 2468 1639 2497 tas‘

228 2563 284 2602 (ι)
308 2563 388 2592 Rota
403 2570 505 2592 coram
518 2560 648 2591 coccino
667 2559 735 2590 dec.
749 2568 823 2600 390.
836 2567 907 2592 mx.
959 2558 997 2599 (4
1039 2558 1126 2590 De'sc.
1144 2566 1199 2588 20.
1216 2567 1248 2588 n.
1272 2566 1302 2599 3.

227 2608 282 2647 (2)
305 2609 501 2647 Dens-113.
519 2613 610 2647 n-30.
632 2611 737 2636 coram
753 2602 876 2636 Bit-hio.
959 2604 1012 2645 (5l
1038 2602 1180 2643 Allegat.
1195 2604 1268 2643 326.
1295 2609 1400 2639 n.15.

228 2650 283 2696 (3)
305 2655 409 2688 Decis.
433 2649 912 2695 404·n.6.p.18.t.2.recent.
956 2648 1015 2690 (6)
1029 2650 1165 2694 cappae.
1181 2645 1444 2693 inpraxit.2.de
1455 2644 1629 2706 jud-efem-
1660 2671 1662 2673 .
