1952 3167
341 336 395 370 ⁴68
715 335 776 368 DE
803 330 913 375 JURE
941 333 1224 370 SIGNATURAE
1249 332 1461 375 JUSTITIAE

348 382 635 418 rio-admittantur
650 406 660 423 ‚
691 384 750 430 qui
769 384 919 417 doctrinae
937 394 1011 416 usus
1026 407 1034 421 ‚
1061 390 1092 415 et
1110 395 1235 417 morum
1252 394 1385 417 examen
1411 381 1572 415 subierint
1586 405 1594 418 ‚
1616 388 1715 427 etper
1729 382 1829 428 ipsius

345 437 432 474 Rotae
448 436 614 465 Decanum
633 456 642 470 ‚
677 431 734 466 vel
748 432 851 465 alium
875 431 941 464 loco
971 433 1094 464 Decam·
1124 431 1262 464 arbitrio
1290 436 1373 471 Rotae
1400 431 1643 475 deputandum,
1671 431 1828 464 adhibitis

346 478 472 514 duobus
486 503 496 518 ,
524 480 580 512 vel
596 479 699 514 tribus
715 479 985 514 ‘procuratoribus
1003 479 1043 511 ab
1062 481 1129 524 ipso
1149 479 1289 522 C'ollegio
1310 479 1473 521 deputatis
1487 500 1496 515 ,
1518 484 1615 522 super
1629 478 1678 510 his
1696 480 1830 513 univer-

339 528 389 562 sis
404 527 576 573 approbati
587 528 714 569 fuerint
731 551 740 566 ,
772 529 854 560 unde
870 528 967 571 siqui
985 527 1064 558 tales
1092 527 1124 558 in
1139 526 1313 570 praemissis
1337 525 1445 557 idonei
1472 525 1592 569 reperti
1606 536 1668 558 non
1697 534 1792 560 erunt
1806 539 1825 561 a

344 578 579 610 'Procuratoris
607 575 705 617 officio
735 575 898 608 removeri
911 574 1090 612 volumus,
1125 585 1163 607 ac
1175 581 1234 618 pro
1250 573 1333 606 dicto
1369 573 1518 606 examine
1543 571 1674 619 aliquid
1702 576 1791 619 exigi
1816 586 1826 614 3

347 624 404 659 vel
418 624 504 658 solvi
521 624 633 657 debere
646 631 794 670 expresse
811 620 1068 668 prohibemus:
1097 632 1168 665 quae
1184 632 1258 655 cum
1275 621 1305 654 in
1324 621 1418 654 Rotae
1433 620 1615 656 Auditorio
1630 622 1754 655 servari
1770 633 1830 656 no-

348 674 423 707 stris
439 674 645 716 temporibus
680 670 945 714 prospiciamus,
977 670 1138 704 miramur
1167 668 1424 714 subsequentem
1461 669 1715 713 dispositionem
1741 669 1827 704 circa

347 721 610 754 Procuratorum
639 718 806 753 delectum
839 717 868 751 in
887 718 958 752 aliis
973 717 1209 752 Tribunalibus
1237 726 1359 752 nostra:
1379 717 1498 756 Urbis,
1532 719 1572 752 ab
1591 730 1652 753 usu
1673 718 1826 753 recessis-

349 779 384 802 se
403 793 411 803 .
445 768 560 813 Quum
580 767 682 812 igitur
712 768 798 801 idem
815 767 937 801 Paulus
966 767 1007 800 V.
1027 767 1253 800 Praedecessor
1273 775 1386 800 noster
1410 765 1441 800 in
1457 766 1711 801 Constitutione
1738 777 1823 811 prae·

347 817 413 851 fata
430 815 634 858 disposuerit
660 818 776 851 eodem
793 818 821 857 §.
847 816 900 849 153.
917 820 952 849 In
971 815 1200 849 Tribunalibus
1230 813 1464 849 Gubernatoris
1478 838 1488 854 ,
1508 816 1688 849 auditoris
1710 818 1824 848 Came-

345 876 389 899 τι
408 889 418 905 ,
453 865 577 898 Vicarii
591 887 600 902 ‚
632 872 662 898 et
683 864 844 898 senatoris
883 868 1118 897 Procuratores
1146 875 1207 898 non
1235 864 1451 897 admittantur
1468 887 1477 902 ‚
1499 864 1634 909 quinon
1652 864 1717 896 sint
1729 864 1826 910 prius

347 913 526 959 approbati
538 924 557 945 a
573 912 797 958 Superioribus
813 911 903 945 illius
919 912 1120 951 Tribunus,
1137 920 1167 945 ec
1183 914 1214 945 in
1232 912 1313 946 libro
1329 911 1528 957 particulari
1542 912 1746 957 descripti:
1778 923 1828 945 sa-

347 960 564 994 luberrimam
586 959 776 998 hujusmodi
799 959 1050 1003 dispositionem
1072 960 1264 994 innovantes
1281 983 1291 998 ‚
1323 969 1422 1004 atque
1450 960 1667 993 extendentes
1686 982 1696 998 ,
1724 959 1824 993 etiam

347 1008 387 1041 ad
405 1005 595 1040 Tribunalia
625 1007 807 1053 Signaturae
834 1007 980 1047 justitiae
1005 1031 1015 1047 ,
1042 1019 1182 1041 necnon
1201 1009 1355 1043 Camerae
1380 1016 1500 1042 nostrae
1529 1006 1735 1052 Apostolicae
1752 1030 1761 1046 ‚
1793 1015 1825 1041 et

346 1054 410 1090 alia
425 1067 645 1100 quaecumque
671 1053 862 1090 Tribunalia
892 1055 991 1090 Urbis
1010 1080 1020 1095 ‚
1047 1056 1079 1089 in
1098 1055 1218 1101 quibus
1248 1056 1380 1096 Justitia
1410 1058 1439 1090 in
1468 1056 1574 1090 causis
1602 1055 1821 1091 contentiosis

344 1104 586 1143 ministratur,
613 1116 688 1138 cum
723 1104 941 1148 infrascriptis
976 1104 1257 1139 declarationibus
1291 1105 1497 1149 inposterum
1526 1104 1664 1139 omnino
1694 1103 1823 1139 servari

343 1152 556 1197 praecipimus
570 1177 579 1192 ‚
608 1161 639 1187 et
658 1154 871 1187 mandamus:
901 1161 936 1187 ut
955 1164 1074 1197 nempe
1093 1154 1329 1188 l³r0curat3res
1344 1177 1353 1192 ‚
1374 1153 1430 1198 qui
1447 1153 1571 1196 praevio
1596 1154 1750 1187 examine
1766 1154 1824 1187 do-

346 1200 462 1236 ctrinae
477 1225 485 1240 ‚
509 1201 690 1240 theoricae,
716 1210 748 1235 et
765 1201 916 1243 practicae
939 1213 1066 1235 necnon
1096 1213 1228 1236 morum
1249 1202 1281 1236 in
1299 1203 1393 1236 Rotae
1408 1201 1591 1237 Auditorio
1603 1202 1697 1240 juxta
1713 1201 1826 1245 dispo-

348 1249 507 1284 sitionem
538 1251 732 1284 antedictam
749 1249 842 1283 Pauli
860 1249 901 1282 V.
914 1249 1038 1284 fuerint
1056 1249 1189 1284 admissi
1204 1273 1213 1289 ‚
1262 1250 1294 1284 in
1323 1250 1448 1293 caeteris
1476 1249 1712 1284 Tribunalibus
1731 1273 1741 1288 ,
1771 1250 1825 1282 ab·

349 1308 432 1342 sque
471 1299 533 1332 alia
559 1298 803 1342 approbatione
835 1321 845 1337 ‚
884 1309 994 1331 causis
1033 1298 1230 1341 patrocinari
1275 1297 1439 1337 valeant;
1491 1297 1675 1331 dummodo
1714 1305 1825 1330 tamen

345 1357 386 1380 ex
420 1345 573 1380 laudabili
604 1346 720 1392 sty10‚
741 1346 792 1380 vel
823 1344 1027 1390 privilegio,
1050 1345 1161 1392 aliqu]
1188 1345 1380 1380 Tribunalia
1409 1345 1621 1389 particulares
1654 1346 1824 1379 Procura-

347 1402 436 1428 tores
470 1406 537 1429 non.
559 1395 728 1434 habeant,
755 1395 805 1430 vel
837 1406 900 1428 non
928 1394 1104 1441 admittant
1131 1393 1190 1429 nisi
1216 1405 1292 1430 cum
1309 1394 1445 1439 speciali
1476 1394 1720 1438 deputatione3
1750 1393 1823 1438 qui—

347 1443 409 1476 bus
435 1442 527 1487 stylo
550 1465 560 1481 ‚
586 1443 639 1477 vel
671 1442 856 1487 privilegiis
888 1453 947 1485 per
971 1453 1144 1486 praesentes
1176 1443 1363 1478 nullatenus
1384 1441 1561 1488 'derogare
1592 1442 1796 1475 intendimus
1813 1465 1823 1474 .

345 1489 592 1523 Procuratores
622 1491 706 1524 vero
737 1490 793 1535 qui
821 1490 853 1523 in
897 1491 989 1524 Rorae
1021 1492 1204 1525 Auditorio
1231 1503 1297 1525 non
1326 1491 1452 1526 fuerint
1481 1489 1616 1525 admissi
1647 1498 1680 1523 et
1709 1500 1827 1534 appro-

345 1537 438 1577 bati,
463 1538 479 1570 a
511 1539 781 1583 quibuscumque
809 1537 905 1583 Urbis
936 1538 1174 1574 Tribunalibus
1201 1539 1444 1579 excludantur,
1472 1539 1533 1572 nisi
1550 1538 1676 1571 fuerint
1694 1537 1824 1582 specia-

345 1584 423 1619 liter
449 1586 650 1629 approbati,
679 1595 710 1619 et
740 1585 872 1620 admissi
901 1587 930 1620 in
961 1599 1001 1619 eo
1029 1587 1199 1622 Tribunali
1232 1589 1262 1621 in
1295 1600 1363 1632 quo
1392 1599 1504 1621 causas
1537 1597 1661 1631 agere,
1690 1585 1744 1620 vel
1766 1586 1823 1620 de·
1862 1612 1866 1613 γ

343 1633 479 1668 fendere
510 1633 654 1672 volunt,
685 1634 766 1668 itaut
795 1635 828 1668 in
859 1628 928 1667 uno‘
959 1634 1130 1670 Tribunali
1158 1635 1364 1679 approbati,
1391 1634 1423 1669 in
1454 1635 1558 1669 altero
1589 1633 1726 1669 admissi
1751 1632 1825 1668 nui-

343 1681 475 1715 latenus
506 1690 726 1717 censeantur.
753 1683 961 1727 Approbatio
987 1684 1093 1722 vero,
1121 1692 1154 1717 et
1187 1683 1346 1718 admissio
1374 1683 1565 1724 hujusmodi
1588 1683 1619 1717 in
1651 1683 1817 1717 Tribuna⁴

343 1729 434 1764 libus
466 1729 619 1764 Camerae
648 1738 768 1765 nostra*
804 1730 1032 1775 Apostolicae‚
1061 1741 1094 1766 et
1121 1732 1302 1777 signatura:
1333 1732 1503 1772 justitiae‚
1531 1733 1548 1765 a
1580 1731 1727 1766 Praelatis
1765 1733 1826 1766 de-

347 1779 437 1812 canis
464 1778 648 1823 respective
665 1790 783 1814 eorum
817 1779 1047 1814 Tribunaiium
1065 1781 1118 1815 fiat
1135 1805 1144 1820 ,
1173 1780 1204 1815 in
1229 1781 1402 1816 Tribunali
1420 1779 1548 1815 Vicarii
1566 1782 1584 1816 ὲ
1599 1779 1824 1826 Vicesgeren-

345 1835 378 1861 te
398 1851 407 1867 ‚
432 1826 462 1860 in
498 1827 668 1862 Tribunali
697 1828 869 1862 Auditoris
911 1829 1063 1864 Camerae
1091 1831 1129 1863 ab
1168 1828 1310 1873 ipsomet
1349 1830 1541 1870 Auditore,
1572 1830 1603 1864 in
1643 1827 1821 1863 Tribunali

344 1875 512 1910 Gubernii
532 1877 549 1910 ὲ.
579 1878 814 1911 Gubernatore
842 1876 964 1916 Urbis,
993 1877 1024 1912 in
1053 1878 1161 1913 Curia
1177 1878 1371 1923 Capitolina
1398 1879 1416 1913 21
1445 1879 1628 1918 Senatore‚
1656 1877 1732 1912 etin
1749 1877 1822 1912 aliis

343 1924 614 1970 quibuscumque
647 1925 911 1965 Tribunalibus,
957 1927 987 1960 in
1027 1927 1148 1972 quibus
1187 1939 1291 1962 causae
1336 1927 1552 1962 contentiosae
1590 1935 1734 1973 aguntur
1764 1923 1821 1966 ,⁴3⁴

343 1973 521 2013 judicibus
563 1975 752 2018 respective
793 1975 988 2009 eorumdem
1040 1975 1295 2012 Tribunalium.
1331 1976 1380 2011 Ita
1419 1977 1502 2011 vero
1547 1974 1754 2021 approbari3
1785 1979 1819 2006 et

343 2021 475 2055 admitti
510 2023 693 2062 volutum,
724 2032 757 2057 et
787 2024 978 2058 mandamus
1005 2024 1243 2060 Procuratores
1270 2027 1302 2060 in
1333 2026 1535 2071 supradictis
1557 2021 1815 2059 Tribunalibus‚

342 2079 382 2104 nt
410 2071 530 2113 praevia
557 2071 802 2110 extrajudiciali
831 2070 1063 2107 informatione
1094 2074 1181 2109 circa
1210 2086 1318 2109 mores
1335 2098 1345 2114 ,
1373 2083 1406 2110 et
1434 2074 1618 2108 theoricam
1645 2069 1786 2115 legalem
1806 2092 1816 2107 ‚

344 2129 380 2151 ac
406 2118 535 2161 praxim
566 2119 655 2154 illius
684 2119 898 2160 Tribunalis,
927 2122 959 2154 in
986 2133 1055 2165 quo
1081 2123 1340 2162 admittuntur<
1364 2121 1619 2163 approbantium
1647 2118 1818 2152 conscien-

345 2165 423 2198 tiam
450 2167 564 2200 stricte
590 2168 793 2209 onerando)
822 2167 942 2210 singuli
984 2169 1154 2210 approbati
1192 2167 1421 2202 describantur
1461 2167 1492 2201 in
1535 2167 1622 2201 libro
1656 2165 1817 2211 peculiari

343 2214 439 2252 juxta
468 2213 660 2256 praedictam
681 2213 934 2257 dispositionem
965 2213 1060 2247 Pauli
1081 2214 1122 2248 V.
1136 2214 1192 2260 qui
1219 2214 1305 2249 liber
1334 2216 1593 2250 Procuratorum
1627 2214 1715 2249 illius
1743 2213 1811 2247 Tri·

344 2259 471 2294 bunalis
502 2269 708 2305 nuncupatus
726 2285 736 2299 ‚
755 2261 890 2305 publice
905 2261 1106 2301 retineatur,
1134 2272 1165 2296 et
1183 2264 1397 2297 custodiatur
1421 2263 1607 2308 respective
1637 2263 1669 2298 in
1690 2261 1815 2296 Officio

347 2307 490 2346 alicujus
510 2310 634 2352 proprii
656 2309 845 2343 Tribunalis
864 2310 996 2343 Notarii
1012 2334 1023 2349 ,
1053 2319 1153 2354 atque
1182 2312 1332 2350 ejusdem
1354 2311 1430 2346 libri
1457 2311 1631 2347 consimile
1647 2308 1820 2354 exemplar

345 2355 531 2390 retineatur
560 2358 645 2401 apud
674 2369 747 2391 eum
766 2381 776 2396 ‚
803 2357 861 2402 qui
907 2358 1178 2402 approbationem
1220 2359 1443 2403 interposuit3
1473 2362 1586 2394 omnia
1609 2371 1690 2394 vero
1718 2357 1816 2405 gratis

347 2405 452 2443 fiant,
480 2406 602 2450 absque
631 2418 670 2439 eo
711 2407 801 2451 quod
843 2406 967 2450 aliquid
1008 2407 1095 2452 exigi
1125 2408 1141 2441 ὲ
1172 2407 1450 2443 procuratoribus
1492 2409 1624 2453 possit.
1651 2407 1815 2442 District‘e

347 2452 450 2496 igitur
479 2453 703 2498 injungimus,
735 2463 767 2490 et
794 2455 984 2489 mandamus
1012 2456 1192 2495 omnibus,
1218 2465 1251 2490 et
1278 2456 1550 2500 quibuscumque
1566 2456 1815 2492 Tribunalibus2

337 2500 551 2547 «singulisque
576 2502 776 2541 judicibus,
803 2503 1062 2547 exequutionem
1084 2504 1277 2542 hujusmodi
1299 2505 1525 2540 saluberrimae
1543 2505 1740 2550 provisionis
1755 2501 1817 2536 cir-

348 2560 385 2582 ca
415 2549 631 2592 Curialium,
662 2551 732 2586 sive
758 2551 1020 2587 Procuratorum
1049 2551 1243 2592 detectum
1274 2562 1306 2587 et
1331 2565 1394 2599 pro
1411 2554 1482 2593 ejus
1501 2554 1694 2591 omnimoda
1706 2551 1817 2585 obser-

1738 2609 1814 2633 van-
