1952 3167
330 331 583 414 {onsignatione
609 379 694 401 unus
713 366 876 402 Notarius
913 363 1010 398 alteri
1043 364 1143 398 fidem
1170 361 1269 396 faciat
1295 361 1326 395 in
1356 361 1447 396 calce
1472 359 1604 405 copiae,
1632 373 1692 406 per
1710 362 1821 409 ipsum

333 417 513 453 Notarium
539 416 791 461 consignantem
823 413 999 448 retinendae
1017 436 1026 446 .

432 467 596 502 Praeterea
632 466 673 499 ab
700 473 906 509 unoquoque
932 473 971 495 ex
998 460 1158 495 Notariis
1185 458 1336 492 omnium
1378 457 1611 491 Tribunalium
1639 460 1823 495 retineatur

333 514 470 562 publice
495 515 686 550 expositum
705 538 714 552 ‚
745 512 929 547 etaffixum
960 510 991 542 in
1026 509 1101 541 loco
1125 506 1228 549 magis
1247 506 1376 543 obvio,
1404 513 1437 538 et
1454 504 1576 540 visibili
1595 517 1712 544 eorum
1739 509 1824 544 Offi-

332 565 463 600 ciorum
499 556 670 608 exemplar
701 564 797 596 Taxae
826 558 1132 593 emolomentorum
1164 554 1211 587 eis
1231 553 1452 591 debitorum,
1491 554 1554 587 sub
1585 565 1683 598 poena
1713 567 1827 592 scuto-

331 624 406 648 rum
439 612 711 659 vigintiquinque
747 609 949 643 incurrenda
982 604 1014 638 in
1047 615 1130 638 casu
1173 600 1459 636 contraventionis
1485 602 1584 638 etiam
1628 615 1690 648 pro
1718 606 1825 650 prima

329 662 428 698 vice.

427 711 551 746 Nullus
579 710 712 753 insuper
755 704 976 741 Notariorum
1008 704 1255 745 cuiuscumque
1294 700 1438 740 Curiae,
1477 700 1550 735 sive
1579 701 1822 744 criminalium,
1874 724 1876 726 v

331 759 402 795 sive
418 759 568 794 civilium
587 768 787 795 causarum,
821 755 939 788 audeat
976 752 1158 797 quidquam
1179 749 1312 794 exigere
1340 761 1401 794 pro
1430 761 1547 784 eorum
1565 749 1821 792 emolumentis,

332 819 364 843 et
393 806 689 854 expeditionibus,
726 805 787 838 nisi
812 805 906 842 juxta
935 801 1058 836 Taxam
1091 798 1281 844 respective
1308 798 1535 843 praescriptam
1572 802 1757 842 praesertjm
1790 800 1824 834 in

335 857 526 892 visitatione
543 855 617 890 anni
643 866 744 900 ¹704·
763 850 954 887 Cardinalis
985 847 1174 884 Mariseotti
1191 873 1200 888 ,
1229 848 1288 881 sub
1314 859 1410 894 poena
1440 848 1666 892 suspensionis
1696 851 1735 884 ab
1757 850 1826 884 offi-

296 906 299 909 “
333 906 415 946 cio,
442 905 583 949 aliisque
610 903 749 937 arbitrio
766 909 981 935 executorum
1016 898 1114 937 hujus
1134 896 1423 931 Constitutionis.

432 951 701 990 Sententiarum,
727 951 944 984 decretorum
968 971 977 986 ,
1009 955 1065 980 aut
1081 946 1218 980 aliarum
1238 957 1535 990 quarumcumque
1562 946 1818 990 scripturarum,

333 1008 399 1035 tam
427 999 605 1038 civilium,
637 1010 734 1043 quam
763 995 992 1031 criminalium
1023 995 1155 1039 copiam
1189 994 1375 1038 unicuique
1408 994 1536 1039 petenti
1581 995 1657 1029 dare
1686 1004 1819 1030 tenean-

332 1058 410 1088 tur,
442 1046 553 1083 soluta
579 1047 785 1092 competenti
814 1045 993 1084 mercede;
1027 1055 1085 1078 nec
1120 1043 1260 1077 audeant
1292 1043 1451 1082 differre,
1482 1042 1536 1077 vel
1567 1045 1737 1079 retardare
1757 1056 1821 1090 pu-

334 1097 581 1137 blicationem,
611 1095 834 1131 ostensionem
861 1119 870 1135 ‚
899 1102 930 1128 et
965 1094 1143 1128 lectionem
1173 1091 1336 1126 dictarum
1367 1091 1605 1127 sententiarum
1637 1103 1703 1128 tam
1738 1092 1820 1128 civi-

333 1146 442 1185 lium,
471 1159 568 1192 quam
600 1144 824 1180 criminalium
854 1168 864 1183 ,
903 1144 964 1177 sub
991 1151 1146 1187 pretextu
1178 1153 1242 1175 non
1278 1141 1395 1176 solutae
1440 1149 1527 1177 notae
1553 1141 1727 1186 ipsarum,
1761 1141 1817 1177 vel

334 1195 497 1241 registri,
529 1206 584 1229 seu
612 1194 747 1229 alterius
775 1195 1019 1236 cujuscumque
1045 1190 1209 1225 mercedis
1241 1190 1289 1224 eis
1305 1190 1424 1224 debitae
1443 1214 1452 1224 .

434 1245 468 1278 =Si
495 1244 630 1278 Notarii
657 1254 839 1288 eorumque
868 1240 1077 1278 Substituti,
1117 1240 1268 1273 Attuarii
1295 1263 1304 1278 ,
1333 1237 1387 1272 vel
1417 1239 1565 1279 juvenes
1608 1239 1817 1285 quicumque

333 1304 368 1327 se
398 1305 539 1338 quoquo
569 1295 671 1327 modo
708 1295 859 1329 directe,
890 1290 943 1323 vel
972 1289 1157 1325 indirecte,
1193 1289 1254 1321 sub
1288 1287 1409 1332 quovis
1442 1288 1542 1321 etiam
1576 1288 1731 1322 amicitiae
1761 1298 1820 1320 no-

334 1342 425 1376 mine
443 1366 453 1382 ,
477 1341 532 1375 vel
563 1350 725 1386 praetextu
755 1338 972 1385 ingesserint,
999 1336 1286 1381 interposuerint,
1313 1335 1365 1369 vel
1394 1336 1637 1375 tractaverint,
1667 1348 1724 1370 seu
1753 1346 1820 1370 me-

336 1392 478 1425 diatores
512 1390 638 1424 fuerint
679 1390 710 1423 in
740 1388 853 1433 aliquo
895 1398 1056 1422 censuum
1087 1409 1096 1425 ‚
1129 1384 1300 1419 societatis
1326 1384 1515 1419 officiorum
1543 1409 1553 1423 ‚
1592 1393 1647 1419 aut
1673 1384 1816 1419 aliorum

333 1449 629 1483 quorumcumque
662 1438 874 1482 negotiorum
906 1444 1080 1469 contractu
1106 1456 1121 1471 ,
1151 1442 1183 1467 et
1209 1433 1378 1477 signanter
1416 1432 1450 1465 in
1476 1432 1675 1467 alienatione
1702 1456 1712 1472 ,
1757 1444 1817 1466 seu

332 1486 557 1531 resignatione
582 1487 748 1519 Locorum
785 1483 956 1517 Montium
984 1481 1227 1515 vinculatorum
1271 1492 1347 1514 cum
1390 1481 1560 1514 deletione
1587 1481 1816 1520 vinculorum,

330 1547 397 1568 non
425 1535 550 1579 possint
575 1532 657 1568 ullas
686 1532 968 1577 pecunias,bona
989 1542 1067 1569 ,seu
1099 1541 1148 1563 res
1165 1528 1264 1563 etiam
1294 1528 1439 1563 minima:
1468 1529 1684 1574 quantitatis,
1702 1541 1817 1574 aquo-

331 1595 430 1627 quam
450 1607 460 1622 ‚
503 1583 751 1625 etiam-sponte
780 1582 877 1613 dante
901 1578 1077 1613 occasione
1106 1578 1276 1622 praemissa
1308 1578 1454 1620 recipere
1474 1600 1483 1615 ,
1511 1578 1569 1611 sed
1599 1576 1665 1611 sint
1690 1586 1724 1611 et
1743 1589 1817 1611 esse

331 1632 475 1665 debeant
509 1629 658 1664 contenti
686 1628 797 1662 debita
828 1627 874 1661 eis
903 1624 1062 1661 'mercede
1092 1628 1219 1670 rogitus
1249 1624 1486 1662 Instrumenti,
1527 1625 1553 1659 si
1584 1627 1674 1670 quod
1702 1627 1742 1660 ab
1769 1625 1815 1660 eis

328 1679 433 1714 fuerit
464 1688 644 1724 rogatum,
672 1678 728 1711 vel
759 1676 823 1711 alio
840 1675 1071 1710 emolumento
1102 1674 1133 1707 in
1162 1672 1259 1707 ‘saxis
1277 1675 1547 1717 comprehenso,
1576 1683 1608 1708 et
1635 1675 1815 1719 permisso,

325 1730 388 1762 sub
413 1739 509 1772 poena
536 1726 631 1772 dupli
663 1728 732 1765 ejus
765 1726 856 1770 quod
881 1723 965 1758 ultra
991 1724 1113 1758 Taxam
1142 1722 1354 1767 receperint,
1386 1731 1446 1768 pro
1475 1723 1653 1758 medietate
1667 1722 1814 1759 delatori

326 1776 552 1822 applicanda,
580 1784 613 1809 et
639 1773 867 1819 suspensionis
899 1774 938 1807 ab
966 1771 1078 1806 officio
1096 1795 1105 1805 .

426 1825 621 1860 Teneantur
647 1824 765 1858 itidem
796 1821 930 1857 Notarii
959 1832 1076 1857 omnes
1106 1829 1177 1855 acta
1202 1832 1425 1867 quaecumque
1450 1823 1538 1867 apud
1555 1833 1612 1856 eos
1633 1822 1814 1867 producta,

326 1874 481 1919 partibus
511 1874 668 1908 interesse
698 1871 897 1907 habentibus
924 1896 934 1911 ,
981 1871 1021 1905 ad
1055 1882 1167 1905 earum
1196 1870 1443 1916 beneplacitum
1483 1870 1585 1917 gratis
1613 1872 1812 1911 ostendere,

327 1923 477 1969 ipsisque
506 1923 637 1968 copiam
656 1922 765 1956 facere
783 1945 792 1961 ,
818 1920 1024 1959 ettradere‚
1050 1918 1158 1954 soluta
1180 1918 1276 1954 solita
1304 1920 1511 1965 competenti
1542 1920 1714 1955 mercede:
1749 1922 1812 1954 hoc

328 1971 418 2007 idem
449 1972 575 2006 servari
602 1969 760 2005 volumus
787 1969 901 2014 quoad
936 1968 1048 2013 copias
1076 1968 1316 2003 sententiarum
1336 1969 1368 2003 in
1388 1970 1496 2003 Curia
1513 1968 1653 2003 latarum
1670 1993 1680 2009 ‚
1707 1977 1741 2002 et
1757 1978 1810 2001 ne.

326 2019 452 2062 minem
481 2020 606 2065 possint
637 2019 820 2065 astringere
855 2020 895 2052 ad
926 2016 1160 2061 accipiendum
1207 2017 1360 2062 exempla
1399 2018 1532 2062 publica
1569 2016 1810 2056 sententiarum

325 2069 542 2115 aliorumque
569 2078 722 2104 actorum
740 2092 750 2102 .
777 2067 839 2102 nisi
873 2067 917 2102 ita
946 2066 1026 2112 ipsis
1059 2067 1359 2106 contrahentibus,
1399 2075 1458 2101 aut
1485 2065 1556 2101 aliis
1585 2065 1741 2099 interesse
1758 2066 1812 2099 ha«

327 2118 487 2152 bentibus
514 2118 705 2163 placuerit.

425 2166 580 2201 Mandata
607 2166 808 2210 suspicionis
838 2166 948 2208 fugae,
979 2173 1053 2207 quae
1079 2163 1151 2195 sine
1170 2162 1329 2195 citatione
1348 2161 1512 2196 debitoris
1543 2161 1624 2196 olim
1659 2162 1808 2208 expediri

327 2222 579 2247 consueverunt
600 2237 610 2252 ,
638 2214 672 2246 in
694 2220 868 2256 posterum
898 2221 962 2243 non
983 2209 1228 2253 expediantur,
1253 2209 1374 2257 [neque
1406 2212 1530 2245 dentur
1558 2223 1575 2244 a
1600 2211 1807 2252 Substitutis,

324 2260 387 2295 nisi
415 2262 504 2296 facto
536 2260 628 2305 prius
659 2259 767 2294 verbo
795 2257 1012 2298 cumJudice
1044 2281 1054 2295 ,
1092 2269 1201 2302 eoque
1231 2258 1394 2292 instructo
1421 2269 1481 2302 per
1503 2259 1612 2294 dictos
1642 2260 1808 2296 Substitu-

324 2318 377 2343 tos
410 2311 452 2344 de
469 2309 630 2354 qualitate
658 2306 776 2342 crediti
806 2319 881 2341 cum
911 2305 1124 2340 exhibitione
1151 2306 1394 2350 scripturarum
1410 2307 1652 2353 originalium,
1685 2310 1806 2354 quibus

323 2356 407 2392 illud
442 2357 579 2402 probari
609 2355 829 2402 praetenditur
846 2379 856 2394 ,
885 2362 955 2388 tum
977 2355 1075 2388 etiam
1106 2354 1147 2388 de
1161 2355 1355 2390 conditione
1371 2354 1533 2391 debitoris
1550 2381 1560 2396 ,
1587 2368 1651 2391 non
1678 2359 1808 2393 obstan-

324 2415 357 2440 te
387 2407 479 2452 quod
505 2405 655 2440 creditor
686 2405 718 2439 in
747 2405 828 2439 actis
855 2402 1013 2438 docuerit
1032 2404 1073 2436 de
1100 2414 1162 2438 suo
1177 2404 1331 2444 credito,
1362 2413 1395 2439 et
1423 2405 1464 2439 de
1495 2405 1684 2450 suspicione
1717 2406 1804 2453 fugae

324 2454 515 2495 juraverit,
545 2456 636 2500 quod
665 2454 891 2493 juramentum
922 2463 982 2497 per
1007 2463 1041 2486 se
1069 2451 1204 2496 ipsum,
1232 2452 1286 2488 vel
1308 2464 1369 2498 per
1396 2453 1655 2489 Procuratorem
1687 2456 1807 2491 haben-

325 2512 393 2537 tem
427 2503 569 2548 speciale
596 2504 786 2538 mandatum
808 2500 955 2548 praestari
981 2501 1121 2540 debeat,
1154 2501 1198 2536 ita
1224 2513 1260 2536 ut
1286 2514 1349 2536 non
1365 2502 1409 2537 sit
1441 2503 1470 2537 in
1488 2502 1649 2543 facultate
1666 2528 1678 2544 ,
1708 2512 1741 2538 et
1757 2515 1806 2538 ar-

324 2551 427 2586 bitrio
454 2554 651 2597 eorumdem
682 2551 952 2589 Substitutorum
986 2549 1077 2586 dicta
1104 2551 1257 2586 mandata
1283 2552 1464 2587 extendere
1503 2552 1535 2587 in
1555 2552 1709 2588 chartulis
1727 2576 1739 2592 ,
1771 2552 1803 2586 in

1727 2600 1803 2637 albo
