1993 3195
605 357 643 400 C
676 356 717 400 Α
751 361 778 401 P
811 359 850 399 U
880 360 917 401 T
982 360 1031 402 ll,
1476 372 1528 412 81

76 422 155 464 rios
187 432 321 461 coram
338 417 538 460 Praefecto
564 432 637 474 pro
672 418 773 460 illius
807 419 1115 471 moderatione,
1146 423 1226 466 sive
1264 425 1528 482 repositione;

75 479 228 520 licitum
260 479 375 519 enim·
388 477 458 519 illis
489 489 572 526 est,
605 490 711 520 recto
742 479 896 521 tramite
912 480 1070 535 plenam
1108 481 1362 539 Signaturam
1392 484 1530 536 adire,

72 537 180 579 facto
215 537 328 592 prius
345 536 525 594 deposito
542 550 749 578 scutorum
770 551 949 591 quatuor
967 567 979 585 ‚
1014 540 1065 580 ad
1084 540 1162 583 hoc
1195 555 1240 583 ut
1256 541 1287 584 si
1317 542 1453 584 denuo
1489 545 1530 586 in

72 595 212 638 eadem
242 595 557 643 succubuerint,
591 593 846 648 adjudicetur
873 597 979 639 Parti
1003 598 1154 641 victrici
1175 600 1216 640 in
1251 616 1411 643 causam
1433 603 1530 644 refe-

73 653 219 698 ctionis
248 670 545 712 expensarumz,
578 655 629 696 ita
666 670 839 711 namque
874 671 1041 700 cavetur
1076 659 1117 699 in
1156 674 1241 717 cap.
1271 674 1313 701 2.
1352 659 1533 713 ejusdem

77 713 236 765 Εάίειίς
268 729 339 756 nec
377 715 417 755 in
451 713 676 761 novissimis
707 714 881 757 Decretis
912 717 1007 758 αηίιὶ
1042 730 1167 773 1742.
1212 720 1530 777 praescribitur,

76 787 124 815 ut
142 773 312 815 omnino
328 789 348 815 a
368 775 523 816 decreto
541 773 756 816 -Auditoris
774 775 1011 831 Signaturae
1041 792 1225 820 recursus
1249 779 1445 822 habeatur
1479 781 1533 822 ad

76 833 288 890 ipsummet
306 832 553 875 Praefectum
570 863 583 882 ‚
620 832 739 875 immo
757 834 933 890 partium
952 836 1116 878 arbitrio
1137 836 1391 894 relinquitur,
1411 851 1534 896 prout

76 906 124 933 ex
146 894 364 935 verborum
376 905 567 934 contextu
586 892 826 948 apertissime
847 893 1165 950 deprehenditur
1179 926 1188 936 .

198 952 342 1007 Quum
367 951 463 994 verb
488 953 538 994 ab
564 951 888 995 Eminentissimo
929 955 1130 997 Praefecto
1169 955 1375 998 decretum
1411 957 1534 1008 fuerit

77 1010 204 1051 latum
232 1012 437 1055 conforme
470 1010 521 1051 illi
557 1011 799 1061 Auditoris,
831 1028 1091 1069 quocumque
1136 1016 1258 1056 modo
1291 1031 1535 1069 conceptum

78 1069 157 1118 sit,
192 1070 253 1113 vel
280 1085 372 1112 cum
411 1069 588 1110 clausula
622 1070 892 1126 supersederi,
923 1073 983 1115 vel
1018 1088 1111 1114 cum
1140 1074 1316 1126 clausula
1341 1074 1446 1120 nisi,
1465 1087 1538 1118 aut

81 1128 157 1169 alia
190 1143 449 1181 quacumque
469 1156 481 1172 ‚
513 1129 585 1180 qui
607 1130 679 1170 sibi
698 1144 918 1181 gravamen
940 1131 1090 1172 illatum
1109 1148 1187 1173 esse
1210 1147 1382 1180 censeat,
1400 1147 1436 1173 et
1454 1134 1537 1189 ple-

81 1200 178 1227 nam
197 1185 304 1225 adire
326 1184 587 1238 Signaturam
606 1185 716 1225 vellet
732 1215 745 1231 ,
790 1186 841 1224 ad
861 1187 1013 1226 dictum
1043 1201 1284 1228 consuetum
1314 1191 1539 1245 depositum

79 1257 299 1302 semper‚et
314 1241 485 1284 omnino
502 1255 657 1284 tenetur
674 1273 684 1283 .
707 1241 769 1282 De
783 1241 926 1292 forma,
941 1244 1057 1292 loco,
1090 1259 1127 1287 et
1149 1259 1322 1303 tempore
1360 1247 1537 1289 faciendi

83 1303 370 1361 praescriptum
407 1301 632 1357 depositum
648 1301 777 1343 fusius
809 1318 972 1359 agemus
997 1304 1122 1346 infra.
1302 1358 1306 1362 .

204 1361 390 1416 Ejusdem
411 1361 564 1416 generis
581 1393 594 1410 ,
631 1377 674 1403 ac
693 1361 796 1402 dicta
818 1362 1034 1405 incidentia
1056 1396 1068 1413 ,
1089 1379 1330 1421 reputantur
1355 1366 1396 1407 in
1417 1367 1537 1423 capit.

90 1433 158 1477 14.
183 1420 346 1462 Causae
380 1418 462 1460 illae
496 1451 509 1468 ,
541 1420 582 1460 in
624 1420 778 1473 quibus
815 1422 944 1478 agitur
977 1423 1024 1464 de
1064 1438 1102 1464 re
1145 1422 1324 1475 judicata
1361 1426 1414 1466 ob
1453 1440 1538 1467 non

87 1480 366 1537 interpositam
398 1510 410 1528 ‚
443 1492 514 1519 aut
545 1479 718 1536 legitimo
757 1493 933 1537 tempore
969 1496 1259 1538 prosequutam
1309 1484 1541 1540 appellatio-

90 1556 183 1583 nem
203 1572 215 1589 ,
232 1540 279 1580 de
298 1539 475 1595 judicato
503 1539 663 1596 alter-ius
684 1540 931 1582 revocatorio
951 1572 963 1589 ‚
996 1542 1044 1582 de
1065 1542 1256 1584 mandato
1272 1543 1541 1601 consignandi

91 1600 166 1641 uni
194 1599 361 1655 potius,
395 1613 520 1654 quam
541 1598 647 1640 alteri
666 1613 713 1640 ex
745 1599 1010 1642 creditoribus
1029 1631 1040 1646 ‚
1079 1602 1127 1642 de
1161 1603 1354 1644 mandato
1390 1604 1544 1646 relaxa-

91 1671 134 1701 to
166 1658 206 1698 in
235 1657 392 1714 judiciis
440 1657 676 1700 redditionis
707 1659 911 1701 rationum
943 1691 956 1709 ‚
1001 1660 1279 1715 liquidationis
1312 1662 1543 1712 fructuum,

92 1718 339 1761 damnorum
358 1747 370 1764 ,
398 1731 437 1760 et
468 1718 767 1774 expensarum3
814 1734 941 1774 quum
977 1735 1050 1776 pro
1071 1734 1177 1762 certo
1199 1721 1240 1762 in
1278 1720 1368 1762 foro
1398 1722 1545 1762 habea-

92 1788 159 1820 tur
174 1807 187 1825 ,
206 1777 307 1819 hisce
343 1777 384 1817 in
415 1778 694 1821 controversiis
713 1808 725 1825 ‚
745 1779 792 1819 de
814 1779 1050 1836 Signaturae
1080 1780 1167 1821 stilo
1186 1809 1196 1826 ‚
1214 1780 1357 1838 passim
1392 1779 1548 1822 admitti

95 1835 405 1892 appellationem
421 1866 432 1876 .
465 1836 515 1877 Et
534 1849 580 1876 ut
598 1837 780 1890 expensis
796 1837 948 1879 idcirco
963 1869 975 1885 ‚
1006 1853 1110 1892 quae
1138 1838 1180 1878 in
1200 1838 1550 1894 propositionibus

96 1893 333 1936 Causarum
348 1893 390 1932 'm
409 1893 526 1948 plena
544 1891 760 1946 Signatura
778 1905 1003 1934 occurrunt
1016 1925 1029 1943 ,
1047 1895 1192 1936 modus
1210 1896 1293 1945 fiat,
1308 1896 1448 1937 eodem
1465 1897 1553 1938 lau-

98 1953 194 1993 dato
224 1950 355 2004 capite
370 1950 608 1992 novissimae
627 1950 845 1992 sanctionis
862 1964 1029 1995 cavetur
1047 1984 1060 2001 ,
1091 1966 1139 1995 ut
1156 1955 1325 2009 quando
1343 1969 1484 2010 agatur
1505 1956 1552 1996 de

99 2007 470 2053 commissionibus
488 2008 529 2046 in
542 2008 920 2065 superiusexpresso
934 2011 1166 2054 Causarum
1176 2027 1317 2069 genere
1330 2013 1557 2070 signandis,

99 2081 302 2128 quatenus
333 2065 604 2110 controversia
647 2066 781 2122 aliqua
822 2084 942 2124 super
974 2071 1096 2112 modo
1143 2072 1329 2129 signandi
1368 2074 1557 2114 suboria-

98 2142 196 2176 tur,
223 2127 438 2169 instantiae
470 2139 755 2184 proponantur
785 2141 921 2168 coram
951 2130 1152 2171 Auditore
1170 2160 1182 2177 ,
1207 2131 1472 2188 partibusque
1506 2133 1558 2175 ab

99 2186 277 2242 ejusdem
306 2186 470 2229 decretis
489 2186 696 2228 reclamare
719 2186 872 2228 licitum
899 2202 983 2228 non
1008 2188 1057 2230 sit
1077 2217 1090 2235 ‚
1122 2188 1197 2230 nisi
1214 2189 1319 2231 facto
1354 2206 1444 2232 ante
1463 2206 1560 2249 pro-

101 2248 340 2318 positionem
369 2247 410 2288 in
431 2246 545 2303 plena
568 2245 786 2301 Signatura
806 2261 1004 2289 consueto
1021 2247 1233 2304 deposit03
1268 2251 1559 2304 eoqueffadirn-

106 2307 222 2365 pleto,
239 2306 403 2363 ipsamet
436 2306 579 2362 agendi
608 2306 821 2347 methodus
847 2308 1044 2350 servanda
1080 2321 1136 2350 est
1161 2340 1173 2358 ,
1205 2324 1309 2364 quae
1345 2311 1560 2351 adhibetur

109 2367 248 2420 quoad
270 2380 442 2408 caeteras
457 2365 539 2405 illas
558 2364 872 2407 Commissiones
890 2395 904 2412 ‚
922 2366 1002 2408 sive
1019 2382 1163 2408 causas
1178 2399 1190 2415 ,
1207 2368 1265 2407 >in
1284 2366 1560 2424 superioribus

51 2469 55 2473 ,
109 2424 272 2467 decretis
294 2440 376 2469 non
411 2426 906 2482 comprehensas‚pr0ut‚
936 2425 983 2465 de
1004 2425 1076 2466 illis
1103 2440 1325 2467 sermonem
1363 2425 1466 2467 infra
1495 2426 1561 2468 in-

106 2483 312 2526 stituendo
327 2512 339 2529 ‚
362 2485 555 2540 sigillatim
577 2484 937 2527 animadvertemus
958 2515 967 2524 .

230 2542 297 2582 Ad
315 2544 482 2584 alterum
500 2542 648 2585 idcirco
671 2543 904 2584 Causarum
921 2558 1049 2600 genus
1068 2558 1222 2599 gressus
1238 2543 1448 2600 dirigendo
1465 2576 1477 2594 ,
1507 2559 1566 2587 sa·

112 2601 160 2645 tis
178 2601 330 2659 quippe
355 2601 395 2644 in
416 2615 616 2660 comperto
637 2616 692 2645 est
710 2634 723 2653 ,
749 2602 862 2658 quod
878 2603 920 2644 in
942 2602 987 2644 iis
1002 2633 1016 2653 ‚
1047 2618 1177 2657 quum
1193 2603 1353 2661 litigans
1370 2603 1428 2645 ille
1443 2635 1457 2656 ‚
1489 2601 1561 2661 qui

1061 2663 1096 2703 L
1521 2662 1566 2704 in
