1993 3195
637 251 665 286 Α
705 251 730 283 Ρ
769 250 794 283 P
836 251 859 285 E
897 252 928 284 N
970 252 1002 285 D
1044 253 1056 287 Ι
1092 252 1121 287 X
1562 255 1603 296 8)

139 297 179 331 ad
197 297 259 330 hoc
271 318 282 349 .’
321 302 359 328 ut
375 294 538 328 abstinere
567 297 695 338 possint
712 299 751 331 ab
768 309 879 331 earum
905 300 1041 333 studio·
1034 314 1043 340 ;
1083 299 1250 345 similique
1277 299 1359 334 folio
1392 302 1579 355 affigendo'
1572 315 1610 340 in.

138 343 227 378 Aula
249 342 319 379 ejus
333 341 441 377 solitae
465 342 658 377 Audientiae
675 344 914 378 Procuratores
936 368 945 382 ,
974 355 1006 379 et
1036 349 1148 382 Partes
1179 348 1344 393 litigantes
1381 350 1541 384 certiores
1561 351 1604 385 fa-

138 391 202 426 ciet
217 392 258 425 de
272 402 385 426 earum
416 403 479 425 non
497 391 728 436 propositione
745 393 776 426 in
790 392 845 427 illa
873 392 1025 447 proxima
1042 395 1177 438 Signatu
1187 409 1218 429 ra
1237 419 1246 433 ,
1273 395 1425 439 dictique
1439 395 1521 429 DD.
1538 399 1605 431 Vo-

135 447 250 478 tames,
269 450 300 474 et
318 440 547 475 Referendarii
578 441 691 475 eadem
715 440 793 476 folia
820 441 850 475 in
869 440 1016 485 propriis
1030 440 1128 479 Aulis
1143 441 1299 476 similiter
1315 444 1403 488 affigi
1418 445 1602 479 curabunt.

183 487 277 522 VIII.
332 489 619 523 Commissionum
638 501 702 523 non
724 490 1015 544 proponendarum
1049 489 1171 524 electio
1202 491 1365 535 spectabit
1397 494 1434 525 ad
1449 495 1602 529 eumdem

132 535 179 569 D
199 536 403 572 Auditorem
422 537 681 573 Eminentissirni
713 538 889 578 Praefecti,
925 538 981 582 qui
1002 538 1168 582 separabit
1188 563 1197 579 ‚
1237 538 1328 573 etad
1344 550 1536 584 sequentem
1558 543 1605 577 Si-

131 594 302 629 gnaturam
322 588 503 621 reservabit
523 599 562 621 ex
586 587 891 622 Commissionibus
921 598 1096 635 numerum
1116 588 1419 633 quadragenarium
1439 592 1603 624 exceden-

134 632 224 668 tibus
253 634 320 670 illas
349 635 462 669 aDD.
480 636 755 675 Referendasiis,
789 645 912 682 quarto
933 659 942 674 ‚
974 648 1033 671 seu
1052 635 1173 670 ultimo
1201 636 1276 671 loco
1293 638 1521 682 subscriptas,
1551 641 1604 673 ha-

131 682 200 716 bita
233 691 340 718 tamen
359 684 625 718 consideratione
656 686 694 719 ad
714 683 783 718 illas
797 683 1048 719 commissiones
1063 709 1072 726 ‚
1100 697 1171 731 quae
1184 685 1385 731 quandoque
1399 697 1458 731 pro
1474 699 1533 722 suo
1553 690 1605 727 ju

132 730 224 765 dicio
239 732 434 767 celeriorem
456 732 709 776 expeditionem
727 733 861 779 exigere
878 732 1078 769 videantur.

180 779 241 813 IX.
295 781 562 816 Commissiones
582 781 658 817 aD.
672 781 837 816 Auditore
870 781 1132 816 Eminentissimi
1167 782 1320 818 Praefecti
1347 793 1507 828 separata:
1527 810 1536 825 ,
1569 794 1602 820 et

130 828 170 862 ad
187 839 385 874 sequentem
404 831 612 875 signaturam
631 839 806 865 reservatae
821 854 831 869 ,
860 838 1089 884 proponantur
1102 831 1244 864 omnino
1260 832 1289 865 in
1309 832 1423 866 eadem
1448 833 1602 877 proxime

128 885 272 912 ventura
294 879 494 924 Signatum:
525 878 656 914 interim
675 890 756 913 vero
771 887 876 925 partes
896 878 961 915 sint
980 878 1126 914 inhibitae
1141 879 1260 914 eodem
1289 881 1393 915 ferme
1415 883 1539 921 modo,
1567 893 1604 916 ac

128 924 156 959 si
147 927 365 972 prorogatio
380 927 528 972 expirata
542 940 604 963 non
621 927 763 962 fuisset.

178 974 220 1009 X.
274 976 554 1011 Informationes
546 988 576 1011 1n
590 988 676 1011 voce
699 987 800 1021 super
814 977 912 1011 dictis
929 977 1241 1012 Commissionibus
1274 1001 1284 1016 ‚
1333 979 1372 1012 ad
1403 988 1606 1022 sequentem.

128 1022 337 1068 Signaturam
356 1021 530 1060 reservatis
544 1050 553 1065 ‚
586 1027 768 1060 habeantur
783 1025 837 1060 die
856 1027 955 1060 Lunae
972 1026 1165 1061 immediate
1182 1027 1396 1061 antecedente
1413 1026 1501 1061 diem
1519 1029 1605 1067 ejus-

127 1070 201 1116 dem
219 1073 387 1128 sequentis
403 1075 588 1119 Signaturae
602 1098 611 1114 ‚
642 1082 674 1109 et
690 1073 917 1118 responsiones
952 1075 983 1108 in
1007 1074 1131 1109 eisdem
1150 1074 1457 1109 Commissionibus
1487 1075 1604 1110 distri-

125 1109 274 1155 buantur
290 1122 445 1166 proxime
441 1103 613 1167 ³sequenti
641 1123 694 1156 die
713 1123 829 1156 Martis
847 1123 996 1161 ejusdem
1030 1124 1251 1158 hebdomadae
1264 1147 1275 1163 ‚
1300 1132 1400 1167 prout
1429 1123 1459 1156 in
1474 1125 1602 1159 caeteris

127 1167 437 1205 Commissionibus
453 1183 463 1211 ;
482 1180 517 1205 ut
536 1179 646 1205 autem
663 1170 867 1216 litigantium
882 1171 1099 1206 incommoda
1115 1173 1250 1206 minime
1265 1183 1304 1205 ex
1319 1173 1381 1205 hoc
1398 1180 1603 1215 augeantur,

124 1227 292 1262 nunquam
311 1218 407 1254 liceat
424 1220 704 1254 procuratoribus
731 1219 931 1256 distribuere
964 1219 994 1253 in
1014 1219 1179 1263 praedictis
1207 1219 1503 1256 commissionibus
1522 1245 1532 1260 ‚
1566 1229 1603 1258 ut

123 1276 225 1310 supra
242 1268 444 1308 reservatis,
462 1267 539 1303 alias
556 1267 834 1302 informationes
827 1280 858 1306 1n
875 1268 1009 1311 scriptis
1026 1292 1035 1306 ‚
1055 1268 1217 1307 ultrajam
1235 1267 1454 1308 distributas,
1471 1281 1506 1302 ac
1522 1280 1603 1314 prae-

123 1320 175 1346 ter
188 1315 300 1350 solitas
331 1317 562 1361 responsiones
590 1319 630 1351 de
649 1328 743 1350 more
761 1317 1006 1352 distribuendas
1023 1317 1176 1360 proximo
1192 1317 1366 1372 superiore
1388 1316 1442 1351 die
1460 1318 1602 1357 Martis,

119 1359 224 1404 idque
241 1364 340 1398 etiarn
358 1367 421 1399 sub
442 1374 601 1409 praetextu
631 1365 795 1410 supplicis
823 1365 928 1402 libelli
961 1364 1202 1406 additionalis,
1244 1367 1316 1400 sive
1340 1375 1566 1400 reassumatur
1590 1389 1602 1405 ‚

119 1407 329 1457 aliorumque
341 1411 528 1448 similium.

170 1459 554 1495 X1.Commissiones
581 1461 843 1505 appellationum
873 1455 1125 1506 aquocumque
1151 1461 1332 1501 cujuslibet
1345 1461 1472 1496 Iudicis
1490 1463 1607 1498 decre2

121 1513 159 1540 to
177 1518 241 1541 non
259 1519 490 1552 proponantur
506 1510 536 1543 in
551 1508 648 1565 plena
662 1510 838 1555 Signatura
855 1532 865 1548 ,
899 1509 961 1544 nisi
976 1509 1061 1544 adsit
1093 1509 1125 1543 in
1145 1510 1218 1554 ipso
1237 1511 1377 1545 decreto
1409 1510 1560 1546 clausula
1591 1525 1600 1544 ε

120 1555 284 1602 Amplius
298 1570 308 1591 a
323 1557 376 1590 vel
392 1558 510 1591 saltem
525 1558 587 1591 nisi
604 1568 663 1601 per
679 1560 759 1594 duas
774 1558 867 1594 vices
880 1557 984 1593 fuerit
997 1557 1137 1592 citatum
1156 1569 1269 1592 coram
1285 1559 1402 1593 eodem
1420 1559 1536 1593 Iudice
1547 1561 1603 1595 de-

119 1605 205 1638 creti
224 1616 285 1648 pro
301 1605 478 1641 obtinenda
503 1604 712 1648 repositione
728 1630 741 1645 2
768 1616 801 1640 et
818 1617 876 1650 per
893 1604 1122 1650 duas'pariter
1149 1607 1239 1640 vices
1274 1607 1401 1640 steterit
1429 1608 1538 1642 Iudex
1569 1606 1602 1641 in

119 1652 263 1688 decretis
279 1678 290 1694 ‚
322 1654 399 1688 alias
416 1654 616 1689 Procurator
633 1653 746 1691 eadem
776 1665 872 1698 poena
888 1663 1062 1690 scutorum
1095 1664 1243 1700 quatuor
1272 1654 1368 1692 alteri
1387 1655 1471 1699 parti
1492 1655 1603 1700 appli-

117 1703 221 1736 canda
251 1703 412 1747 puniatur
428 1727 437 1737 .

162 1750 242 1785 XII.
297 1751 562 1786 commissiones
593 1750 830 1787 attentatorum
848 1775 858 1791 ‚
883 1752 1094 1798 pertinentia:
1120 1764 1294 1788 causarum
1310 1777 1321 1792 ,
1357 1761 1388 1787 et
1406 1761 1600 1798 competen-¹

121 1798 172 1833 tiae
188 1799 458 1841 iurisdictionis,
472 1801 699 1836 declinatoriae
715 1801 778 1835 fori
793 1825 803 1840 ,
831 1801 1038 1836 avocationis
1055 1825 1064 1841 ‚
1095 1811 1129 1836 et
1158 1801 1290 1856 uini-onis
1320 1813 1522 1841 causarum,
1550 1813 1602 1837 re*

114 1847 284 1883 missionis
299 1860 471 1885 causarum
488 1851 527 1884 ad
548 1858 655 1892 partes
670 1873 680 1889 ‚
713 1848 912 1893 suspicionis
928 1850 1081 1884 Indicum
1098 1874 1106 1888 ‚
1142 1850 1351 1884 remissionis
1367 1852 1406 1885 ad
1437 1849 1597 1887 eumdem

115 1895 294 1937 Iudicem,
331 1898 390 1944 qui
423 1899 548 1933 iterum
579 1900 692 1933 audiat
711 1921 722 1937 ‚
749 1898 992 1932 declarationes
1027 1910 1198 1933 causarum
1214 1922 1225 1938 ‚
1254 1909 1331 1933 num
1361 1898 1521 1936 videlicet
1551 1911 1603 1933 rea

117 1943 286 1981 curribilis
301 1947 368 1988 sit,
400 1959 439 1981 an
453 1946 659 1993 appellabilis
674 1971 683 1985 ,
715 1945 870 1984 Rotalis,
899 1946 971 1981 sive
988 1947 1164 1982 Praelatitia
1179 1971 1189 1986 ‚
1221 1948 1536 1984 communicationis
1553 1947 1600 1982 fa-

116 1993 280 2029 cultatum
312 1999 353 2030 A.
369 1996 442 2037 C„
457 1996 721 2034 moderationis,
742 1995 813 2029 sive
833 1995 1099 2041 reintegrationis
1117 1996 1294 2032 Monitorii
1315 2019 1326 2035 ,
1339 2008 1396 2031 seu
1425 1995 1600 2032 inhibitio-

115 2041 166 2077 nis
183 2067 193 2082 ,
217 2044 543 2088 circumscriptionis
573 2054 726 2079 actorum
744 2068 753 2082 ,
778 2052 809 2077 et
827 2045 1075 2086 possessionum
1104 2056 1146 2080 ex
1164 2043 1273 2088 capite
1298 2044 1460 2080 nullitatis
1479 2056 1604 2089 prove-⁴

114 2091 233 2126 nientis
249 2103 290 2126 ex
309 2093 374 2126 alio
391 2091 492 2125 titulo
507 2116 518 2130 ,
533 2106 631 2138 quam
652 2105 691 2126 ex
707 2091 860 2126 nullitate
876 2092 979 2135 ipsius
995 2094 1168 2129 sententiae
1181 2117 1192 2133 ‚
1208 2105 1394 2139 omnesque
1409 2094 1479 2128 aliae
1494 2094 1602 2128 Com-

117 2139 292 2174 missiones
312 2140 436 2174 similes
454 2152 554 2184 super
569 2151 784 2186 quocumque
810 2139 972 2174 incidenti
992 2164 1002 2179 ‚
1034 2150 1066 2175 et
1086 2143 1299 2186 emergenti,
1336 2150 1370 2175 et
1383 2153 1455 2187 quae
1470 2141 1599 2176 directe

117 2198 183 2222 non
198 2188 260 2223 sint
277 2189 534 2224 commissiones
552 2187 815 2234 appellationum
844 2199 945 2232 super
958 2189 1098 2233 negotio
1127 2189 1335 2234 principali„
1372 2192 1442 2225 sive
1457 2189 1602 2224 circum·

119 2236 306 2280 scriptionis
326 2237 497 2271 sententiat:
530 2259 541 2274 ,
570 2246 602 2269 et
619 2237 747 2270 decreti
770 2247 811 2270 ex
828 2236 963 2275 defectu
993 2236 1272 2293 Iurisdictionis.‚
1309 2238 1504 2277 citationis,
1544 2245 1601 2273 aut

115 2285 287 2325 mandati,
318 2285 509 2321 nullatenus
528 2291 772 2336 proponantur
783 2283 813 2316 in
833 2283 1010 2328 Signatura
1027 2308 1037 2323 ,
1070 2284 1130 2319 nisi
1147 2297 1251 2330 super
1269 2285 1387 2322 iisdem
1417 2285 1599 2321 incidenti-

113 2333 176 2367 bus
195 2357 205 2372 ,
235 2344 266 2367 et
284 2334 556 2380 emergentibus,
583 2330 789 2377 praecesserit
819 2330 969 2366 instantia
1001 2333 1102 2367 citata
1119 2342 1210 2375 parte
1239 2345 1348 2369 coram
1366 2335 1412 2371 D.
1429 2333 1599 2368 Auditore

114 2381 374 2418 Eminentissimi
393 2382 568 2418 Praefecti·
561 2406 570 2420 ,
603 2382 711 2415 eidem
731 2388 839 2413 autem
857 2379 900 2412 D.
916 2379 1074 2414 Auditori
1093 2393 1257 2427 nunquam
1276 2383 1403 2417 licitum
1435 2382 1499 2416 erit
1514 2382 1600 2420 eius-

117 2430 208 2467 modi
224 2428 391 2466 instantias
412 2432 450 2466 ad
470 2430 598 2485 plenam
620 2431 828 2474 Signaturam
855 2428 1026 2462 remittere
1045 2439 1105 2473 pro
1122 2430 1327 2465 resolutione
1340 2456 1350 2470 ,
1385 2432 1443 2465 sed
1461 2442 1521 2475 pro
1535 2441 1597 2466 suo

114 2479 244 2519 iudicio
258 2481 432 2529 decretum
450 2491 539 2519 omn
545 2491 586 2516 no
616 2478 714 2514 edere
732 2477 925 2517 tenebitur·
916 2502 927 2521 ‚
957 2476 1006 2513 sin
1022 2486 1132 2517 autern
1149 2487 1258 2526 partes
1274 2491 1340 2518 non
1359 2479 1598 2562 adquiescant5

1539 2539 1573 2563 se
