1993 3195
602 289 632 324 A
670 289 697 321 P
737 289 763 321 Ρ
805 289 828 322 E
866 282 901 322 N'
938 290 972 322 D
1012 290 1028 323 1
1061 290 1091 324 X
1548 297 1593 329 5⁹

101 341 225 377 sionem
253 337 449 372 facultatum
482 335 641 377 judicum
678 334 940 369 ordinariorum
970 358 980 373 ‚
1007 345 1081 380 quae
1122 335 1301 371 notissimae
1333 340 1434 372 sunt,
1460 336 1599 379 deputa-

102 389 207 423 tiones
235 384 552 421 Locumtenentium
583 408 593 423 ‚
623 383 863 426 repetitionem
893 382 1069 418 titulorum
1101 385 1303 428 dignitatum
1326 383 1594 422 eorumdemju⁴

102 438 213 472 dicum
231 459 241 475 ,
278 435 340 470 loci
368 444 483 469 eorum
515 431 776 472 Tribunalium,
806 430 928 467 similia
947 456 958 472 ,
988 431 1229 467 caeremonialia
1259 431 1396 477 potius,
1424 441 1522 475 quam
1540 442 1594 465 su-

102 483 287 522 bstantialia
311 484 437 524 judicii
466 507 475 517 .

203 535 346 579 Insuper
373 533 580 567 declaramus
597 554 606 568 ‚
629 531 720 574 quod
752 530 782 564 in
809 530 1005 575 Registris‚
1033 538 1068 566 et
1095 529 1308 565 Extractibus
1328 539 1500 563 causarum
1523 551 1533 567 ,
1562 527 1594 563 in

99 584 222 630 quibus
253 594 314 627 per
339 584 423 616 duos
458 604 468 620 ,
496 579 551 615 vol
578 588 643 614 tres
672 591 775 614 annos
807 579 890 615 nibil
921 589 1031 615 actum
1061 579 1126 615 fuit
1144 602 1154 618 ‚
1183 591 1246 613 non
1275 585 1444 623 ponantur
1462 578 1493 610 in
1515 587 1600 611 reas-

99 632 292 678 sumptione
329 630 494 665 dictarum
531 639 702 664 causarum
731 628 872 664 mutatio
906 629 1004 669 anni,
1038 627 1098 664 vel'
1129 627 1275 668 mensis,
1305 626 1449 661 indictio
1481 636 1599 661 vacan-

101 683 221 718 riarum
252 704 263 718 ‚
290 679 416 714 creatio
443 678 645 718 pontificis,
672 686 704 712 et
733 678 853 713 similia
884 678 924 712 ad
961 677 1179 713 substantiam
1209 687 1383 712 causarum
1411 686 1475 709 non
1517 686 1600 710 con-

97 729 239 768 ferentia
277 739 289 768 3
318 728 479 774 quodque
510 739 571 772 pro
602 726 665 762 illis
693 728 811 767 annis,
849 729 880 761 in
912 728 1035 771 quibus
1070 727 1257 762 intermissa
1283 723 1441 760 remansit
1468 723 1599 758 illarum

97 777 291 826 prosecutio
320 777 403 813 nibil
431 779 446 812 a
476 776 627 812 Notariis
657 777 744 823 exigi
778 776 906 822 possit,
931 777 993 810 sub
1035 775 1136 811 titulo
1180 774 1391 809 cenerati-um
1411 797 1421 813 ,
1451 785 1509 808 seu
1537 779 1599 819 pro

106 826 321 863 Generalibus
347 850 358 861 .

140 889 143 892 ·
193 875 274 910 Hoc
305 875 406 910 etiam
433 884 554 911 exacte
583 875 713 910 servari
747 874 934 913 volumus,
967 875 1058 919 quod
1096 873 1227 919 singula
1253 871 1336 907 folia
1367 870 1399 906 in
1438 869 1601 906 Extracti-

97 923 186 963 bus,
219 933 276 959 aut
304 923 472 969 Registris
511 923 675 959 confectis
703 935 816 959 coram
853 924 1127 969 quibuscumque
1159 920 1421 958 Tribunalibus,
1453 928 1511 954 aut
1542 919 1603 959 Ju-

98 970 230 1007 dicibus
261 997 272 1013 ,
300 973 491 1008 contineant
526 972 559 1007 in
587 971 739 1018 qualibet
769 971 906 1007 illorum
939 973 1086 1017 pagina,
1115 983 1171 1006 seu
1188 969 1274 1005 facie
1299 969 1339 1003 ad
1369 968 1480 1002 minus
1498 966 1599 1002 lineas

97 1019 368 1067 vigintiquatuor
392 1046 402 1062 ‚
431 1031 464 1057 et
492 1033 701 1068 unaquaeque
729 1021 816 1056 linea
829 1023 867 1056 ad
886 1020 996 1056 minus
1023 1019 1166 1068 syllabas
1199 1017 1408 1057 duodecim3
1439 1016 1600 1061 quodque

99 1071 294 1105 scribantur
328 1070 433 1106 literis
473 1072 568 1106 bonis
595 1095 605 1111 ,
631 1070 729 1105 claris
756 1093 767 1110 ‚
799 1081 832 1106 et
874 1069 1167 1115 intelligibilibus,
1193 1076 1376 1102 atramento
1405 1065 1503 1110 nigro
1521 1088 1531 1103 ‚
1565 1071 1600 1097 et

103 1117 136 1151 in
169 1120 283 1153 charta
311 1120 419 1159 bona,
447 1132 484 1154 ac
515 1120 643 1159 solida,
672 1131 737 1153 non
777 1119 923 1157 infecta,
963 1127 1019 1153 aut
1053 1116 1218 1153 maculata
1245 1139 1256 1152 ⁴.
1295 1125 1355 1148 nec
1383 1114 1534 1158 alioquin
1563 1110 1603 1145 li-

104 1175 178 1201 ceat
203 1168 391 1212 unicuique
435 1176 500 1202 tam
525 1167 684 1207 Judicurn
703 1190 714 1205 ‚
749 1179 848 1211 quam
878 1167 1028 1201 Partium
1057 1189 1068 1205 ‚
1099 1165 1153 1199 vel
1178 1165 1440 1199 Procuratorum
1470 1160 1600 1205 litigan-

99 1213 186 1250 tium
206 1215 289 1250 folia
306 1216 405 1250 aliter
421 1217 544 1262 scripta
560 1216 703 1250 lacerare
721 1227 731 1256 ς
758 1224 790 1250 et
815 1214 1034 1250 nihilominus
1055 1214 1128 1249 sive
1145 1213 1289 1248 lacerata
1309 1211 1395 1250 sint,
1423 1209 1496 1245 sive
1511 1219 1598 1247 non,

99 1263 244 1298 debeant
270 1265 406 1299 Notarii
435 1275 551 1299 eorum
586 1263 806 1307 sumptibus,
834 1272 868 1298 et
902 1263 1057 1308 expensis
1096 1261 1156 1297 illa,
1181 1259 1426 1296 convenienter
1455 1256 1596 1292 rescribi

103 1311 242 1352 facere,
270 1322 328 1347 aut
367 1312 394 1347 si
434 1312 571 1353 judici,
598 1321 631 1346 et
650 1312 831 1352 Partibus,
858 1323 915 1347 seu
947 1311 1225 1347 procuratoribus
1255 1308 1362 1354 magis
1404 1305 1597 1353 placuerit,

98 1359 185 1394 folia
216 1361 264 1395 'sic
298 1361 385 1395 male
413 1362 538 1406 scripta
575 1370 734 1396 taxentur
772 1373 835 1407 pro
873 1360 1080 1400 medietate,
1107 1359 1161 1395 vel
1202 1360 1264 1394 alia
1296 1366 1367 1392 rata
1398 1358 1439 1392 ad
1466 1354 1595 1397 Judicis

98 1408 272 1443 arbitrium
301 1432 311 1442 .

196 1457 376 1492 Processus
402 1458 443 1491 de
475 1456 652 1501 partibus,
679 1457 778 1492 etiam
807 1456 980 1501 compilati
1007 1456 1127 1502 vigore
1155 1455 1405 1498 cuiuscumque
1437 1450 1595 1488 subdele-

98 1503 240 1550 gationis
268 1507 298 1540 in
319 1506 409 1546 Urbe
437 1505 557 1547 factae,
586 1507 738 1552 itemque
758 1504 1021 1545 remissoriales‚
1051 1503 1309 1550 compulsoriae‚
1337 1511 1371 1536 et
1399 1501 1491 1541 alia,
1520 1499 1596 1536 nul-

99 1553 131 1588 la
164 1553 340 1599 scripturae
371 1555 482 1589 habita
508 1556 636 1590 ratione
653 1579 664 1594 ‚
690 1555 762 1590 sive
787 1554 832 1589 sit
859 1555 957 1600 longa
977 1578 988 1595 ‚
1013 1555 1085 1589 sive
1112 1553 1247 1592 brevis,
1275 1552 1346 1586 sive
1377 1550 1518 1586 excedat
1534 1561 1596 1583 nu-

101 1612 230 1638 merum
259 1602 420 1638 foliorum
450 1603 572 1649 viginti
600 1612 747 1648 quatuor
767 1626 778 1643 ,
805 1612 838 1638 et
867 1603 996 1638 etiamsi
1034 1616 1099 1638 non
1127 1601 1251 1639 fuerint
1279 1599 1438 1645 colligata
1466 1599 1498 1632 in
1527 1598 1594 1631 for-

101 1663 152 1686 ma
185 1663 359 1696 processus
379 1676 389 1692 ‚
417 1664 476 1697 per
506 1652 669 1687 Notarios
702 1652 800 1687 Rotae
830 1663 896 1686 non
928 1653 1173 1697 registrentur‚
1200 1661 1309 1695 neque
1340 1649 1371 1683 in
1401 1646 1591 1692 Registris‚

98 1709 156 1735 aut
188 1701 402 1736 Extractibus
432 1700 687 1741 describantur,
714 1702 772 1735 sed
815 1710 944 1736 tantum
984 1700 1224 1738 rubricentur,
1251 1697 1275 1732 si
1319 1696 1483 1732 rubricati
1525 1706 1593 1730 non

102 1749 254 1790 fuerint3
280 1759 313 1784 et
350 1753 417 1785 haec
451 1749 635 1784 rubricatio
676 1752 715 1785 ab
744 1749 808 1785 alio
842 1751 923 1788 fiat,
951 1762 1050 1794 quam
1079 1761 1096 1783 a
1123 1746 1269 1783 Notario
1301 1758 1432 1786 causae3
1464 1754 1496 1778 et
1530 1755 1591 1789 pro

98 1799 162 1833 hac
195 1798 428 1833 rubricatione
457 1797 608 1833 solvatur
637 1810 764 1833 merces
795 1798 899 1842 ipsius
927 1809 1101 1842 processus
1131 1794 1305 1842 originalis
1339 1804 1493 1833 tantum,
1528 1791 1594 1827 nisi

107 1847 243 1891 quando
272 1848 437 1893 scriptura
465 1848 545 1881 dicti
577 1846 750 1893 originalis
789 1846 822 1880 in
851 1846 999 1892 qualibet
1025 1846 1111 1881 facie
1145 1847 1326 1880 excederet
1348 1843 1446 1879 lineas
1475 1841 1594 1887 trigin-

99 1904 156 1935 ta,
184 1896 394 1931 continentes
425 1897 455 1930 in
482 1908 596 1931 earum
628 1895 778 1942 qualibet
813 1895 903 1931 ultra>
931 1896 1076 1942 syllabas
1105 1896 1220 1930 decem
1249 1902 1282 1928 et
1316 1903 1422 1933 oct0‚
1453 1903 1522 1937 quo
1541 1901 1595 1925 ca-

100 1955 140 1978 su
172 1957 325 1980 excessus
351 1946 554 1992 reguletur‚
577 1954 611 1979 et
636 1945 787 1980 solvatur
815 1947 854 1980 ad
883 1945 1041 1981 rationem
1075 1944 1235 1979 linearum
1252 1966 1263 1982 ‚
1292 1951 1325 1976 et
1355 1941 1589 1988 syllabarum,

101 2001 143 2027 ut
166 2005 284 2037 supra:
317 2007 375 2030 nec
405 2005 531 2038 possint
562 1994 696 2029 Notarii
739 1997 823 2029 hanc
863 1994 1084 2029 rubricaturae
1128 1993 1317 2027 mercedem
1363 2000 1505 2036 petere,
1532 1997 1590 2022 aut

99 2041 234 2087 exigere
251 2067 259 2081 ‚
287 2044 348 2077 nisi
376 2055 552 2087 processus
582 2055 687 2084 vere,
717 2053 751 2078 et
778 2057 854 2078 cum
890 2044 1010 2079 effectu
1037 2041 1164 2078 fuerint
1192 2043 1232 2077 ab
1260 2040 1308 2075 eis
1326 2041 1412 2074 bene
1438 2037 1590 2073 rubrica-

101 2088 128 2123 ti
140 2105 152 2123 >.
180 2090 307 2135 Quoad
334 2093 418 2126 vero
442 2091 621 2125 relationes
653 2093 846 2126 Peritorum
876 2104 979 2136 super
1016 2091 1207 2126 redditione
1235 2089 1398 2128 rationis,
1425 2100 1463 2123 ac
1491 2096 1593 2132 super

101 2137 167 2173 alio
191 2140 280 2175 facto
310 2142 327 2175 ὰ
355 2140 528 2175 Iudicibus
562 2139 755 2184 deputatis,
784 2141 811 2174 si
839 2141 871 2174 in
899 2140 946 2174 eis
976 2140 1102 2174 fuerint
1129 2140 1291 2173 confectae
1316 2137 1530 2182 scripturae,
1557 2141 1593 2168 et

101 2187 172 2226 iura
195 2188 297 2224 semel
327 2190 517 2234 producta,
545 2198 578 2223 et
605 2189 783 2233 registrata
802 2189 833 2223 in
854 2189 970 2224 eadem
997 2199 1123 2228 causa,
1152 2187 1223 2223 istae
1237 2187 1442 2233 scripturae,
1470 2184 1593 2224 et.1'ura

103 2235 242 2280 amplius
268 2250 332 2272 non
348 2238 590 2283 registrentur,
616 2239 673 2272 sed
703 2239 880 2273 dumtaxat
909 2246 1090 2273 annotetur
1121 2236 1242 2272 folium
1265 2258 1276 2277 ,
1305 2236 1336 2270 in
1353 2247 1420 2281 quo
1451 2233 1591 2270 fu'erunt

103 2283 179 2319 alias
208 2287 379 2332 registrata
401 2312 410 2321 .

201 2334 390 2371 Teneantur
417 2347 555 2382 quoque
589 2333 746 2369 Notarrii
776 2334 876 2381 gratis
908 2334 1165 2369 accommodare
1207 2332 1488 2369 Procuratoribus
1516 2341 1593 2365 cau-

106 2393 217 2417 sarum
247 2383 446 2425 Extractus,
474 2394 509 2420 et
538 2384 715 2429 Registra‚
744 2396 801 2418 nec
835 2383 1018 2428 quidquam
1049 2383 1103 2417 vel
1134 2382 1309 2419 minimum
1339 2381 1478 2426 exigere
1492 2379 1593 2414 aude-

107 2441 163 2466 ant
180 2456 190 2472 ‚
216 2433 269 2466 vel
294 2443 455 2476 praetextu
478 2436 581 2469 arrhae
594 2445 656 2479 pro
671 2433 795 2468 futuris
818 2432 924 2472 actis,
949 2432 1002 2466 vel
1036 2430 1144 2477 styli,
1179 2443 1281 2472 usus,
1315 2428 1591 2470 consuetudinis,

108 2492 166 2515 seu
196 2482 374 2517 contrariae
403 2484 646 2518 observantiae.

207 2533 333 2579 Neque
350 2530 482 2578 exigant
496 2533 633 2568 Notarii
649 2531 857 2579 quicumque
873 2526 927 2566 illi
951 2531 1040 2571 sint,
1070 2531 1261 2566 mercedem
1293 2531 1491 2570 Extractus,
1521 2529 1593 2564 sive

1090 2580 1112 2613 h
1139 2591 1156 2613 2
1530 2579 1594 2612 Re-
