1993 3195
132 415 217 444 rum
249 400 445 452 chboris‚
478 410 515 442 et
532 400 702 451 Felicis,
733 415 771 444 et
801 401 941 443 eodem
975 414 1148 458 tempore
1181 401 1406 445 relaxatum
1426 364 1601 451 Manda7-

133 473 217 502 tum
250 461 298 501 de
328 460 634 503 manutenendo
654 461 844 504 adversus
876 460 1205 503 deliberationem
1236 462 1423 519 praedii,
1453 465 1599 510 saetam

133 518 175 559 in
206 520 387 575 partibus
418 536 467 562 ex
497 535 618 562 causa
648 521 847 562 dictarum
880 520 1183 578 impositionum
1211 554 1224 571 ,
1260 534 1297 564 et
1330 523 1381 564 ab
1399 525 1457 577 ‚R.
1478 527 1518 566 P.
1538 527 1592 567 D.

129 579 342 636 Albergato
364 581 405 621 in
439 580 617 622 ulteriori
653 580 845 622 instantia
864 580 1148 622 confirmatum
1165 610 1178 630 ‚
1212 581 1285 637 qui
1304 582 1438 639 vigore
1465 585 1518 625 rei
1534 585 1598 640 ju.

130 637 283 679 dicatae
317 640 528 684 mandavit
570 639 690 682 etiam
721 641 870 694 exequi
901 639 1147 681 mandatum
1183 641 1232 682 de
1264 645 1594 692 manutenendo,

132 709 170 738 et
191 697 418 741 Vincentius
448 703 652 742 bonorum
686 699 971 756 possessionem
1007 699 1332 757 apprehendisset
1355 733 1368 751 ,
1394 704 1594 760 Assumpti

128 757 335 799 ostendere
364 761 622 801 conabantur
662 774 751 800 eam
775 758 895 801 fuisse
931 772 1194 810 attentatam;
1226 758 1350 811 hinc,
1385 765 1592 819 proposito

125 815 254 858 dubio
273 849 287 867 ,
317 817 419 860 Rota
447 818 631 876 negative
663 817 848 868 resolvit,
878 819 1069 876 quamvis
1084 818 1276 876 possessio
1298 834 1412 878 capta
1432 824 1510 864 sub
1528 822 1590 863 die

128 886 197 928 13.
224 877 449 934 septembris
475 877 571 920 anni
593 877 722 920 1666.
740 877 944 921 videretur
965 891 1220 929 attentata,ut
1241 892 1332 936 pote
1353 894 1465 937 capta
1488 896 1589 938 pen-

122 932 241 976 dente
265 939 549 996 supersessoria
575 951 758 980 concessa
787 941 864 980 sub
882 938 942 980 die
962 952 1032 996 30.
1039 937 1149 995 junii
1165 971 1179 989 ,
1196 951 1411 996 prorogata
1434 939 1494 981 die
1513 954 1586 982 20.

121 996 282 1050 augusti
298 1027 311 1044 ,
344 1009 382 1037 et
412 997 474 1038 die
497 1012 562 1039 10.
578 997 799 1055 septembris
819 1012 946 1055 usque
980 998 1031 1039 ad
1053 1001 1224 1055 primam
1241 998 1498 1055 Signaturatn
1517 1001 1588 1041 ha·

121 1050 246 1094 bitam
275 1054 337 1096 die
359 1068 427 1108 23.
451 1055 629 1110 ejusdem
658 1058 804 1098 mensis
827 1088 839 1098 .

237 1113 482 1167 Hujusmodi
509 1115 645 1161 citatio
665 1129 738 1170 pro
754 1116 942 1157 habenda
973 1117 1260 1171 supersessoria
1278 1117 1502 1171 aliquando
1521 1133 1590 1160 oc·

116 1168 319 1211 casionem
343 1170 508 1225 praebet
524 1170 795 1227 Litigantibus
827 1173 1140 1220 calumniandi,
1164 1174 1271 1215 itaut
1285 1174 1471 1224 Iustitiae
1490 1191 1586 1219 cur-

114 1243 205 1272 sum
248 1228 360 1270 hisce
402 1228 532 1271 modis
557 1229 748 1271 studeant
781 1228 971 1287 impedire
1003 1244 1017 1278 ;
1053 1244 1124 1285 per
1153 1231 1438 1289 Apparitorem
1476 1235 1585 1276 enim

115 1300 330 1344 postquam
351 1287 455 1329 illam
485 1289 597 1331 alteri
622 1288 873 1345 Collitiganti
905 1287 1239 1338 transmiserunt,
1275 1291 1318 1331 in
1338 1290 1581 1348 Signaturae

113 1347 339 1389 Audientia
369 1347 462 1390 data
481 1363 602 1405 opera
631 1349 682 1389 ab
703 1347 806 1390 illius
823 1347 1091 1406 productione
1115 1364 1154 1391 se
1186 1350 1417 1401 abstinent,
1438 1365 1477 1394 et
1492 1352 1583 1408 plu-

113 1406 188 1448 ries
206 1407 428 1464 repetitur,
458 1421 504 1449 ut
521 1407 566 1449 lis
598 1422 849 1464 summopere
883 1408 1167 1465 protrahatur'3
1202 1423 1240 1452 et
1260 1410 1446 1464 quamvis
1479 1425 1583 1452 con·
1628 1420 1632 1423 “

112 1465 180 1508 scii
209 1466 397 1509 Curiales
427 1466 508 1509 sint
538 1481 577 1508 se
607 1468 898 1516 succumbere,
929 1480 966 1508 et
999 1481 1068 1523 per
1090 1482 1342 1524 consequens
1376 1469 1580 1526 petitionis

112 1524 349 1581 injustitiam
373 1539 609 1584 agnoscant,
629 1525 763 1567 adhuc
782 1539 915 1568 tamen
941 1525 983 1566 id
998 1526 1175 1568 studiose
1196 1541 1326 1584 agunt
1342 1543 1418 1585 pro
1434 1541 1580 1585 tempo-

111 1584 163 1631 ris
183 1586 380 1628 beneficio
394 1586 650 1636 obtinend03
681 1585 778 1628 hinc
796 1585 892 1628 huic
911 1585 1060 1629 abusui
1079 1587 1257 1629 remedio
1274 1588 1410 1645 aliquo
1431 1603 1579 1631 occur-

109 1644 283 1687 rendum
314 1661 441 1696 esset,
467 1658 513 1688 ut
531 1660 674 1704 nempe
694 1645 825 1688 dictae
860 1645 1071 1689 citatione-s
1099 1661 1184 1688 non
1216 1661 1428 1690 causarent
1447 1661 1578 1690 atten-

108 1716 189 1746 tata
209 1735 219 1746 .
251 1706 304 1747 Et
321 1720 458 1750 revera
477 1719 655 1762 tempore
674 1705 764 1747 Effii
786 1706 846 1747 De
862 1706 968 1747 Luca
989 1732 1003 1754 ‚
1020 1720 1152 1760 quum
1171 1720 1254 1748 erat
1267 1706 1468 1748 Pontificis
1483 1707 1576 1754 Au..

108 1761 243 1814 ditor,
273 1766 412 1820 quoad
433 1779 619 1808 recursus
636 1796 649 1815 ,
675 1765 747 1821 qui
782 1779 918 1807 coram
947 1780 995 1806 eo
1028 1766 1302 1814 haberentur,
1327 1764 1573 1808 declaratum

89 1822 161 1874 ‚ab
183 1823 326 1864 eodem
343 1824 422 1865 fuit
438 1853 452 1870 ,
484 1825 601 1878 quod
619 1824 857 1874 hujusmodi
875 1824 1089 1866 citationes
1109 1823 1293 1867 effectum
1315 1825 1536 1880 reciperent
1549 1825 1571 1865 a

108 1881 566 1935 subsequuto,eventu,
593 1880 708 1934 quod
740 1881 884 1921 scilicet
903 1908 915 1926 ,
934 1893 981 1920 ut
1006 1881 1086 1936 ipse
1113 1882 1169 1923 ait
1197 1882 1296 1938 (2),
1331 1882 1367 1923 si
1398 1882 1572 1934 efficaces
1627 1918 1629 1921 .

106 1937 232 1978 essent
248 1967 263 1984 ,
295 1939 386 1993 quia
424 1939 694 1979 concederetur
718 1937 1001 1994 Supersessoria
1033 1938 1050 1988 ',
1076 1940 1138 1981 vel
1151 1940 1269 1997 fieret
1295 1939 1376 1982 alia
1394 1940 1571 1995 provisio

104 1994 328 2055 impeditiva
349 1994 635 2052 Exequutionis
657 2023 672 2042 ‚
701 2006 795 2036 tunc
812 1997 983 2038 intraret
998 2000 1246 2040 retrotraczio
1263 2030 1278 2048 ,
1308 2013 1346 2039 et
1360 2000 1567 2054 exequutio

104 2064 292 2098 attentata
325 2064 542 2097 remaneret
560 2086 573 2104 ,
607 2069 717 2096 secus
744 2068 836 2096 vero
865 2056 933 2097 ubi
957 2055 1190 2108 reiceretur;
1216 2071 1254 2100 et
1271 2059 1324 2100 ita
1343 2058 1568 2109 calumniis,

100 2114 316 2159 etmalitiis
346 2113 671 2156 causidicorum
705 2129 921 2156 occursum
953 2115 1074 2157 fuisse
1103 2117 1298 2168 credidit;
1330 2129 1370 2162 et
1398 2118 1567 2174 quando

105 2175 293 2218 Curiales
322 2175 485 2232 aiebant
522 2185 718 2217 attentata
754 2173 947 2215 resultare
966 2188 990 2214 a
1017 2188 1154 2232 spretu
1172 2208 1187 2226 ‚
1223 2178 1277 2220 ob
1303 2177 1566 2223 violationem

103 2235 345 2278 reverentiae
383 2249 474 2292 erga
504 2233 686 2281 Judicem
705 2266 720 2284 ,
753 2232 872 2288 cujus
911 2232 1093 2289 majestas
1123 2234 1297 2279 laeditur
1326 2269 1340 2288 ,
1371 2249 1409 2279 et
1436 2236 1566 2278 eidem

105 2292 252 2337 dicitur
281 2294 366 2336 fieri
398 2292 622 2344 iniuriam,
664 2308 764 2336 tunc
799 2292 861 2334 ille
899 2293 1170 2351 respondebat
1208 2324 1222 2343 ‚
1254 2296 1370 2350 quod
1396 2295 1563 2338 libenter

102 2354 379 2410 evangelicum
410 2365 669 2411 praeceptum
687 2352 916 2396 remittendi
945 2351 1115 2396 offensas
1134 2355 1395 2399 observabat.

222 2411 441 2457 Caeterum
473 2412 802 2470 supersessoriam
818 2412 1163 2471 impartiendam,
1192 2428 1272 2455 esse
1302 2411 1559 2457 contendunt

385 2480 387 2482 ·
1485 2471 1558 2514 ali-

149 2601 315 2657 (¹)*1Dlff-
332 2611 387 2642 45.
408 2611 444 2647 p.
459 2611 488 2634 ι.
513 2598 551 2635 ite
571 2603 705 2641 Iudiciis
720 2624 728 2633 .
