1952 3167
348 334 387 366 52
724 328 785 363 DE
813 329 924 371 JURE
959 329 1236 365 SIGNATURAE
1262 330 1479 372 JUSTITIAE

339 382 490 410 tutorum
507 398 517 414 ‚
549 381 581 410 et
597 375 766 416 Juvenum
785 380 823 412 ab
839 378 999 413 exercitio
1019 393 1027 413 :
1059 389 1090 413 et
1112 380 1329 415 nihilominus
1359 380 1436 422 ipsae
1452 379 1626 424 scriptura:
1643 387 1814 426 attergatre

340 422 403 458 alia
423 436 518 459 manu
536 436 634 469 quam
652 426 856 466 Substituti3
886 426 935 460 vel
956 427 1096 467 juvenis
1130 429 1321 473 recipientis
1356 428 1484 463 illarum
1515 429 1775 473 productionem
1809 452 1821 469 ‚

336 484 399 518 pro
414 474 575 518 suspectis
593 475 622 507 in
640 475 767 513 judicio
799 485 995 519 reputentur
1008 502 1017 510 .

441 523 644 558 Officiorum
662 523 738 558 libri
767 535 832 558 tam
853 524 1025 563 iudiciales
1039 548 1048 563 ‚
1077 537 1177 568 quam
1198 524 1384 568 protocolla
1400 547 1409 562 ‚
1436 533 1469 558 et
1489 523 1615 558 cedulae
1634 538 1821 562 accommo‘

338 571 409 606 dari
440 571 531 606 nullo
554 575 652 606 modo
672 572 817 615 possint,
853 585 910 605 nec
925 574 964 606 ab
983 573 1114 606 Officiis
1134 585 1172 607 ex
1192 584 1407 619 quacumque
1438 585 1536 607 causa
1553 574 1706 614 extrahi,
1737 587 1820 621 prae-

339 629 491 666 terquam
517 622 542 656 si
560 633 645 665 opus
664 621 765 654 fuerit
782 621 916 664 agnosci
934 645 943 660 ‚
976 630 1008 655 et
1022 620 1186 666 explorari
1208 635 1224 656 a
1239 622 1417 666 Superiore
1437 646 1447 662 ‚
1482 621 1534 656 vel
1550 621 1673 662 judice
1704 637 1712 663 ;
1746 635 1815 669 quo

340 682 416 705 casu
435 671 472 704 iis
489 682 505 704 a
520 670 710 703 Substituto
741 669 962 703 exhibeantur
980 694 989 708 ,
1016 679 1115 715 atque
1144 672 1317 705 tradantur
1332 672 1426 706 nullo
1442 669 1579 706 alterius
1614 671 1729 705 medio
1746 684 1755 712 3
1786 679 1821 706 et

340 727 504 764 quatenus
530 718 713 762 Superior,
749 717 799 751 vel
816 717 926 758 judex
971 728 1136 764 nequeant
1163 720 1276 754 statim
1296 718 1369 754 illos
1399 720 1600 764 explorare,
1630 720 1736 755 sciant
1762 731 1818 755 no-

338 776 414 802 strae
455 767 636 802 voluntatis
683 767 872 801 mandatum
914 779 984 802 esse
1010 792 1019 807 ‚
1061 779 1246 814 eorumque
1273 768 1511 804 conscientiam
1542 779 1719 803 oneramus
1749 793 1759 808 ‚
1789 776 1827 802 ut

338 817 588 862 quamprimum
617 825 800 861 poterunt,
826 817 866 849 ad
881 816 1087 850 obviandum
1116 817 1343 862 deperditioni
1377 817 1614 862 scripturarum
1634 841 1643 857 ‚
1677 826 1714 852 ut
1730 828 1818 861 saepe

342 866 492 899 evenisse
516 865 645 910 liquet,
673 866 740 909 ipsa
769 864 965 899 Protocolla
983 889 992 904 ‚
1025 865 1151 906 libros,
1184 866 1316 901 cedulas
1334 875 1600 911 recognoscant,
1631 875 1662 900 et
1690 865 1822 900 Substi-

342 914 423 947 tutis
453 914 632 947 restituant
646 937 655 952 ,
685 923 783 957 atque
803 913 863 956 ipsi
883 914 1063 948 Substituti
1095 915 1149 949 die
1167 915 1358 951 immediate
1383 914 1537 963 sequenti
1555 922 1629 959 post
1644 916 1822 959 consigna-

340 960 465 995 tionem
483 962 599 993 adeant
618 961 727 1004 ipsum
756 961 1000 1004 Superiorem„
1045 972 1076 996 et
1091 964 1248 1003 judicem
1276 977 1333 1009 pro
1349 964 1579 1009 reportatione
1608 962 1824 1007 praefatorum

337 1007 501 1043 librorum
519 1032 529 1048 ,
564 1016 597 1042 et
611 1007 853 1052 scripturarum
874 1033 883 1048 ‚
912 1019 943 1044 et
964 1010 1082 1045 deinde
1103 1011 1243 1058 singulis
1261 1013 1378 1048 diebus
1395 1024 1404 1053 ς
1421 1022 1454 1046 et
1469 1021 1633 1058 quatenus
1653 1011 1823 1046 Substitu-

337 1057 360 1092 ti
379 1056 568 1103 diligentias
618 1057 813 1097 hujusmodi
842 1069 902 1102 pro
924 1060 1179 1105 recuperatione
1221 1062 1455 1107 neglexerint,
1484 1073 1595 1106 poenas
1623 1061 1827 1095 etiaminha-

337 1106 543 1141 bilitationis
572 1115 685 1141 nostro
714 1106 853 1141 arbitrio
885 1107 1081 1148 incurrant,
1118 1109 1201 1145 ultra
1217 1123 1329 1156 poenas
1347 1111 1560 1146 incurrendas
1586 1120 1645 1154 per
1664 1109 1824 1144 Notarios

337 1167 401 1190 non
416 1156 641 1191 custodientes
668 1155 849 1201 scripturas
865 1180 874 1190 .
909 1157 1015 1203 Qod
1034 1158 1060 1193 si
1075 1159 1196 1204 aliquis
1218 1161 1327 1199 liber,
1352 1170 1409 1196 aut
1434 1158 1667 1195 Protocollum
1688 1160 1729 1194 ab
1743 1158 1828 1193 Offi-

336 1204 391 1239 cio
406 1206 602 1249 subreptum
621 1205 722 1239 fuerit
742 1229 752 1244 ,
786 1214 822 1239 ut
837 1217 1073 1251 nonnunquam
1106 1209 1196 1253 gravi
1221 1209 1366 1253 partium
1395 1208 1596 1243 detrimento
1634 1207 1782 1253 contigit
1817 1230 1827 1246 ‚

338 1253 457 1287 debeat
472 1253 583 1287 statim
613 1254 776 1288 Notarius·
808 1254 839 1288 id
856 1255 1027 1299 Superiori
1045 1256 1233 1291 Tribunalis
1260 1258 1417 1296 deferre,
1448 1258 1503 1301 qui
1535 1255 1714 1300 diligenter
1741 1253 1829 1289 veri-

335 1310 440 1337 tatem
471 1302 613 1336 scrutari
637 1311 757 1341 curet,
786 1302 958 1347 librosque
987 1305 1164 1348 subreptos
1193 1315 1392 1349 recuperare
1410 1328 1420 1344 ,
1451 1317 1487 1339 ac
1508 1315 1582 1338 reos
1601 1304 1827 1348 deprehensos

336 1350 455 1397 rigidis
475 1350 578 1396 poenis
594 1352 748 1391 afficere3
782 1351 916 1396 ipseque
946 1352 1106 1388 Notarius
1137 1353 1332 1392 hujusmodi
1366 1352 1596 1398 inquisitioni,
1632 1362 1664 1386 et
1680 1363 1821 1396 recupe-

335 1400 458 1441 rationi
492 1399 618 1435 insistat
633 1424 642 1439 ‚
677 1413 754 1436 cum
775 1399 1041 1435 animadvertere
1073 1403 1213 1442 debeat,
1241 1415 1276 1437 se
1293 1411 1413 1447 utpote
1430 1402 1469 1436 ad
1492 1400 1622 1436 fidelem
1641 1425 1650 1440 ‚
1677 1409 1827 1435 cautam-

336 1459 400 1492 qne
415 1449 602 1483 custodiam
621 1449 782 1484 librorum
810 1449 1011 1483 obstrictum
1031 1473 1042 1488 ,
1069 1451 1141 1484 fore
1156 1451 1340 1486 obnoxium
1363 1451 1570 1495 cuicumque
1592 1449 1737 1494 partium
1769 1450 1831 1484 de-

336 1504 497 1532 trimento
512 1520 522 1531 .

593 1579 657 1620 De
685 1576 803 1621 variis
830 1579 1110 1637 propisionibus
1131 1579 1232 1625 circa
1246 1589 1332 1624 acta
1344 1579 1547 1633 judicialia
1566 1607 1579 1620 .

391 1699 405 1712 '³
442 1693 583 1729 Xamina
598 1692 731 1729 testium
747 1719 757 1735 ‚
790 1703 822 1729 et
840 1705 975 1730 reorum
992 1721 1001 1736 ,
1030 1697 1144 1731 tamin
1160 1696 1317 1731 civilibus
1331 1721 1340 1736 ‚
1368 1697 1465 1742 quum
1484 1695 1513 1729 in
1528 1692 1758 1729 criminalibus
1792 1693 1831 1727 ab

432 1742 552 1782 initio,
580 1752 612 1777 et
631 1744 661 1778 in
679 1744 751 1789 ipso
774 1753 850 1778 actu
879 1744 1039 1780 examinis
1069 1746 1254 1780 inserantur
1286 1746 1316 1780 in
1334 1745 1428 1780 libro'
1452 1746 1537 1779 bene
1565 1752 1742 1787 compacto
1761 1765 1771 1781 ,
1798 1750 1832 1775 et

337 1791 573 1836 compaginato
590 1816 600 1831 ,
628 1805 664 1826 ac
699 1794 828 1837 integre
842 1817 852 1832 ,
879 1803 911 1839 et
929 1793 1044 1828 iisdem
1060 1794 1171 1829 verbis
1187 1818 1197 1833 ‚
1225 1803 1328 1840 prout
1356 1807 1397 1830 ex
1412 1805 1530 1828 eorum
1557 1804 1615 1827 ore
1631 1791 1829 1837 profluunt;

339 1840 438 1875 sicuti
457 1840 690 1885 responsiones
705 1866 714 1882 ,
745 1842 1014 1888 interrogatoriis
1030 1843 1115 1878 clare
1132 1844 1169 1877 iis
1190 1843 1413 1888 proponendis
1429 1867 1439 1882 ‚
1467 1841 1655 1877 scribantur
1671 1838 1833 1892 fideliter3

339 1889 408 1923 sine
426 1888 493 1924 ulla
508 1889 689 1925 cassatione
715 1893 921 1932 verborum,
950 1893 1048 1927 etiam
1070 1892 1100 1926 in
1129 1892 1257 1927 casibus
1276 1917 1286 1932 ,
1315 1893 1344 1927 in
1372 1893 1493 1938 quibus
1526 1899 1625 1925 testes
1652 1887 1832 1924 examinari

337 1939 513 1984 contingat
531 1948 625 1974 extra
642 1940 766 1974 Officia
781 1941 1005 1976 Notariorum
1027 1965 1036 1981 ,
1066 1951 1097 1976 et
1114 1943 1143 1976 in
1160 1942 1318 1976 domibus
1335 1940 1594 1987 particularibus
1612 1963 1620 1973 .
1765 1984 1772 1990 ·
1812 1983 1819 1990 ι

436 1988 473 2021 1η
491 1989 641 2024 examine
661 1989 796 2025 testium
813 2002 892 2026 cum
907 1989 1172 2036 interrogatoriis
1198 1992 1314 2026 tamin
1344 1989 1499 2025 civilibus
1515 2014 1525 2029 ,
1553 1990 1650 2034 quam
1667 1987 1698 2020 in
1726 1995 1833 2019 crimi-

337 2035 466 2071 nalibus
496 2035 527 2071 in
551 2050 766 2084 quocumque
799 2040 994 2079 Tribunali‚
1029 2049 1062 2074 et
1097 2039 1230 2079 Curia,
1258 2040 1416 2085 quaslibet
1441 2038 1546 2073 sessio
1573 2041 1689 2070 durare
1714 2033 1834 2087 debeat

334 2085 442 2128 spatio
463 2086 566 2121 trium
586 2089 743 2123 horarum
763 2100 842 2123 vere
865 2098 900 2124 et
916 2088 1071 2124 effective
1101 2089 1327 2124 continuando
1355 2086 1553 2122 exercitium
1572 2107 1582 2122 2
1610 2095 1670 2116 nec
1701 2081 1831 2126 allqffld

333 2133 476 2176 amplius
494 2135 580 2170 ultra
596 2136 697 2174 julios
730 2138 880 2182 quinque
906 2150 968 2181 pro
995 2137 1144 2180 qualibet
1165 2136 1311 2168 sessione
1336 2134 1521 2178 accipiatur
1551 2132 1590 2166 ab
1621 2131 1824 2176 interprete,

330 2180 435 2223 etiam
459 2184 519 2215 sub
539 2193 705 2226 praetextu
719 2185 811 2227 quod
828 2195 970 2216 examen
988 2184 1046 2216 fiat
1061 2191 1154 2215 extra
1173 2181 1335 2216 Officium
1358 2206 1366 2215 .
1865 2221 1868 2225 ¹

437 2229 607 2263 Manualia
623 2230 822 2264 citationum
838 2230 930 2264 omni
949 2229 1121 2275 diligentia
1136 2230 1357 2265 conficiantur
1370 2232 1400 2265 in
1419 2230 1491 2274 ipso
1507 2229 1631 2265 Officio
1649 2253 1659 2269 ,
1685 2241 1749 2263 non
1778 2239 1832 2262 au-

334 2286 401 2310 tem
423 2287 518 2311 extra
540 2277 646 2316 illud,
675 2278 790 2312 saltem
812 2279 892 2312 infra
909 2290 1055 2312 mensem
1071 2280 1087 2313 a
1103 2278 1155 2312 die
1175 2279 1330 2318 decreti,
1359 2288 1392 2314 et
1405 2279 1556 2314 distincta
1582 2279 1648 2314 sint
1664 2289 1724 2323 per
1738 2275 1834 2318 Judi-

334 2336 414 2364 ces3
444 2337 480 2359 ac
501 2326 532 2358 in
548 2325 593 2360 eis
611 2325 831 2370 registrentur
846 2339 906 2370 per
925 2335 1098 2361 extensum
1115 2327 1291 2362 citationes
1310 2340 1387 2363 cum
1416 2328 1484 2363 suis
1510 2327 1678 2367 decretis;
1708 2325 1832 2361 solum-

335 2385 400 2418 que
418 2373 650 2418 permittimus
667 2375 821 2419 redig'rin
839 2375 1055 2409 summanum
1073 2375 1247 2411 citationes
1263 2377 1302 2412 ad
1318 2377 1496 2412 dicendum
1513 2377 1706 2415 contrajura
1720 2400 1730 2416 ‚
1751 2379 1833 2409 ‘con-

334 2431 380 2456 tra
401 2422 564 2458 articulos
578 2447 587 2462 ,
616 2423 655 2457 ad
672 2423 833 2458 terminos
854 2423 1082 2459 substantiales
1096 2449 1106 2465 ‚
1136 2426 1222 2459 etad
1239 2426 1434 2461 sententiam
1450 2438 1460 2466 3
1486 2435 1518 2460 et
1533 2426 1665 2471 praefata
1696 2425 1832 2460 Manua-

336 2471 380 2505 lia
396 2483 460 2506 non
481 2473 586 2507 solnm
603 2473 790 2507 scribantur
807 2475 996 2508 charactere
1015 2474 1060 2507 cia
1069 2484 1104 2508 ro
1119 2498 1128 2513 ‚
1158 2483 1189 2508 et
1205 2473 1410 2521 intelligibili
1427 2500 1437 2515 ,
1464 2485 1495 2510 et
1511 2475 1542 2510 in
1558 2477 1672 2511 charta
1695 2484 1758 2508 non
1784 2470 1831 2505 bi-

334 2519 411 2553 bula
428 2544 437 2558 ‚
465 2523 522 2557 sed
542 2522 683 2556 ulterius
704 2523 825 2557 habere
842 2523 982 2557 debeant
1010 2532 1221 2566 opportunos
1245 2523 1370 2559 indices
1387 2549 1396 2564 ,
1423 2536 1481 2559 seu
1509 2523 1706 2560 rubricellas
1724 2545 1733 2555 .
1764 2520 1832 2554 Ca·

336 2577 436 2604 veant
461 2579 572 2606 autem
589 2570 752 2611 Notat-ii,
781 2571 982 2612 Substituti‚
1011 2580 1041 2606 et
1059 2571 1120 2617 ips}
1142 2571 1329 2618 Scriptores
1346 2574 1552 2612 Manualium
1567 2597 1579 2615 ,
1606 2584 1645 2608 ne
1661 2571 1694 2606 in
1719 2570 1831 2623 decre-

1790 2626 1831 2653 tis
