1993 3195
536 324 607 396 A
653 319 706 393 P
752 320 807 394 P
853 320 909 394 E
955 323 1032 397 N
1080 324 1157 396 D
1203 327 1235 397 Ι
1280 327 1344 398 X

265 464 882 522 PONTIFICIARUM
916 466 1632 528 CONSTITUTIONUM

425 596 846 651 EDICTORUM,
883 597 971 644 AC
1009 595 1477 646 DECRETORUM

201 711 286 758 AD
317 712 661 759 SIGNATURAE
685 714 941 766 JUSTITIAE
971 715 1262 761 TRIBUNAL
1286 714 1697 766 SPECTANTIUM

536 823 834 884 Amplissimam
860 823 1133 878 Collectiorzem
1160 823 1364 869 continens

212 1054 226 1066 t
273 1048 298 1050 v
333 1048 411 1095 ,ᾗ
437 1036 607 1082 Uamvis
622 1036 850 1080 Fattinellus
885 1035 1119 1094 hujusmodi
1149 1037 1287 1080 seriem
1306 1035 1660 1079 Constitutionum
1680 1063 1697 1084 ,

411 1099 413 1147 j
452 1110 497 1138 ac
516 1098 777 1140 Decretorum
795 1096 1025 1152 Signaturae
1036 1096 1209 1150 Justitiae
1228 1096 1271 1137 in
1289 1094 1508 1139 novissimo
1523 1094 1587 1136 sui
1605 1108 1698 1150 ope-

452 1153 504 1194 ris
531 1154 659 1209 capite
684 1154 875 1195 intactam
901 1154 1015 1195 haud
1042 1154 1245 1209 reliquerit
1262 1184 1275 1203 ,
1304 1167 1350 1194 ea
1371 1152 1624 1210 potissimum
1643 1152 1696 1193 de

451 1226 571 1254 causa
587 1241 599 1260 ,
613 1212 708 1266 quia
724 1212 847 1254 multa
866 1211 918 1253 ad
935 1212 1164 1269 Signaturae
1180 1213 1198 1260 J
1205 1211 1353 1255 ustitiae
1368 1210 1594 1267 Collegium
1613 1225 1696 1267 spe-

197 1270 348 1314 ctantia
375 1272 476 1320 adeo
491 1271 659 1328 sparsim
673 1300 686 1319 ,
700 1281 737 1312 et
751 1272 837 1313 sine
858 1271 937 1312 ulla
966 1270 1070 1313 inter
1083 1285 1122 1313 se
1140 1270 1370 1313 colzaerentia
1388 1300 1401 1319 ,
1418 1269 1578 1327 (verba
1595 1280 1694 1312 sunt

196 1328 352 1371 laudati
372 1329 619 1384 Auctoris),
637 1329 697 1370 vel
712 1328 829 1385 Typis
842 1357 854 1374 ‚
873 1329 931 1370 vel
947 1328 1218 1385 manuscriptis
1234 1328 1411 1387 Regestis
1428 1329 1696 1370 commendata

196 1399 402 1431 servantur
421 1418 434 1435 ‚
455 1397 501 1428 ut
515 1398 673 1445 propter
688 1387 951 1439 difficultatem
982 1403 1026 1430 ea
1059 1389 1098 1429 in
1132 1387 1290 1430 diversis
1306 1387 1509 1428 Codicibus
1533 1384 1696 1440 perqui-

193 1446 305 1489 rendi
321 1447 451 1487 abdita
463 1446 594 1502 potius
606 1458 744 1500 ,quam
765 1444 867 1486 edita
883 1445 1053 1502 publicoe
1068 1443 1221 1486 noticiae
1238 1444 1438 1486 videantur
1455 1473 1464 1483 .
1479 1442 1697 1485 Nihilomi-

194 1519 277 1547 nus
293 1504 528 1561 appendicis
554 1503 641 1546 loco
669 1504 773 1544 illam
807 1518 879 1546 nec
898 1519 972 1545 nos
989 1503 1286 1561 praetermittere
1304 1503 1521 1551 duximus,
1535 1516 1696 1544 aucram

196 1576 331 1606 tamen
361 1563 514 1606 caeteris
531 1563 814 1606 sanctionibus
831 1563 977 1604 deinde
994 1563 1135 1613 editis;
1155 1562 1256 1604 itaut
1273 1562 1388 1604 facile
1409 1561 1602 1616 cuiquam
1619 1560 1669 1601 sit
1683 1590 1697 1610 ,

196 1621 514 1666 animadvertere
531 1653 544 1672 ,
560 1623 661 1678 quid
680 1637 758 1664 usu
774 1636 952 1664 servetur
969 1653 981 1669 ‚
1001 1622 1104 1675 quid
1132 1623 1225 1666 verb
1242 1619 1453 1663 contrariis
1472 1620 1696 1659 Constitu-

193 1679 377 1724 tionibus
395 1711 409 1729 ,
435 1680 496 1725 vel
515 1680 882 1723 consuetudinibus
911 1685 1151 1738 abrogatum
1167 1711 1175 1720 .
1200 1683 1388 1722 Praeterea
1421 1691 1503 1717 non
1533 1676 1622 1717 ideo
1650 1676 1695 1718 in

194 1738 381 1780 animum
408 1739 661 1788 inducimus,
678 1741 780 1781 adeo
798 1740 1130 1782 absolutissimam
1149 1737 1526 1782 constitutionum,
1546 1734 1695 1776 Decre-

194 1808 332 1840 torum
347 1828 363 1847 ,
378 1797 694 1852 Edictorumque
706 1827 718 1844 ,
735 1799 788 1837 ad
805 1798 1065 1853 signaturam
1078 1797 1248 1844 ‚lustitiae
1264 1795 1553 1852 pertinentium
1569 1825 1582 1842 ‚
1612 1793 1698 1834 col-

194 1855 408 1898 lectionem
428 1871 501 1898 nos
519 1855 706 1898 exhibere
720 1886 734 1904 ,
752 1866 798 1896 ut
819 1856 953 1911 aliqua
972 1856 1045 1896 alia
1061 1886 1074 1904 ‚
1089 1870 1233 1913 praerer
1252 1855 1314 1895 illa
1327 1885 1339 1902 ,
1359 1867 1453 1907 quae
1471 1853 1544 1893 hac
1571 1852 1612 1891 in
1633 1865 1693 1894 ea-

197 1914 290 1955 dem
308 1915 539 1957 collectione
563 1913 883 1970 transcripsimus
900 1945 913 1964 ,
944 1913 1105 1956 fortasse
1139 1913 1286 1956 alicubi
1307 1927 1390 1953 non
1411 1912 1663 1966 reperiantur
1681 1938 1693 1950 .

125 2019 131 2023 ,
195 1971 373 2015 Omnem
391 1975 499 2015 enim
522 1973 784 2015 adhibuimus
804 1972 1051 2029 diligentiam
1067 2003 1079 2021 ,
1096 1986 1141 2014 ut
1156 1986 1250 2029 quae
1269 1970 1447 2027 ejusdem
1463 1968 1694 2024 Signaturae

195 2029 371 2085 Justitiae
388 2033 548 2089 propria
579 2045 692 2073 erant
706 2063 719 2080 ,
738 2032 906 2088 reperire
923 2032 983 2072 fas
999 2045 1120 2082 essen,
1139 2031 1254 2073 nobis
1281 2029 1451 2087 proinde
1464 2057 1477 2076 ‚
1494 2025 1696 2069 collectio-

199 2104 292 2133 nem
323 2090 556 2147 hujusmodi
591 2090 812 2131 auctiorem
845 2089 1063 2130 reddidisse
1082 2121 1094 2138 ‚
1124 2103 1185 2131 sat
1219 2089 1292 2130 erit
1314 2119 1323 2128 .

319 2150 375 2191 lta
410 2150 539 2206 priore
565 2149 607 2189 in
640 2147 816 2189 editione
847 2147 1008 2203 praefari
1038 2147 1241 2203 oportuit.
1275 2148 1401 2186 Nunc
1438 2159 1534 2185 vero
1572 2142 1693 2183 addi-

201 2222 319 2257 mus,
351 2210 457 2250 hanc
478 2208 602 2264 ipsam
620 2206 893 2248 collectionem
924 2205 1101 2247 numeris
1129 2204 1319 2247 omnibus
1351 2203 1573 2245 absolutam
1602 2201 1694 2242 red-

205 2265 348 2309 didisse
368 2283 382 2317 :,
415 2266 576 2323 adjectis
591 2296 603 2315 ,
618 2279 757 2320 nempe
774 2295 787 2312 ,
807 2279 891 2304 non
908 2264 1030 2305 mod'o
1048 2296 1060 2312 ‚
1075 2278 1171 2318 quae
1194 2264 1306 2320 prius
1324 2261 1659 2322 desiderabantur
1675 2290 1691 2309 ,

204 2324 276 2365 sed
307 2325 423 2367 etiarn
454 2341 550 2381 quae
576 2336 710 2381 postea
741 2323 792 2363 ad
826 2323 928 2363 hanc
964 2337 1090 2377 usque
1122 2324 1227 2362 diem
1257 2322 1347 2363 latae
1381 2321 1548 2361 fuerunt
1562 2331 1692 2373 ‚ejus-

205 2382 339 2426 demet
353 2383 586 2427 Tribunalis
601 2414 615 2435 ‚
641 2395 679 2426 et
709 2380 976 2425 Summorum
995 2380 1240 2422 Pontificum
1263 2378 1541 2422 sanctionibus
1559 2404 1570 2416 .

1092 2550 1111 2572 'e
1542 2531 1698 2571 Numl-
