1993 3195
613 312 643 345 A
683 312 708 344 Ρ
747 312 774 345 P
813 312 835 345 E
877 312 909 345 N
951 313 984 345 D
1023 313 1037 346 Ι
1079 311 1108 346 X
1563 308 1609 351 89

123 361 356 398 observatione
372 359 599 393 Censurarum
618 383 626 396 ‚
646 360 742 393 etiam
764 359 1008 403 Episcopalium
1025 382 1035 397 ,
1055 370 1087 392 et
1106 360 1282 394 Festorum
1304 355 1467 391 Dioecesis
1487 379 1497 395 ,
1518 358 1612 394 iuxta

122 409 374 455 dispositionem
394 409 541 446 ejusdem
562 406 652 440 Sacri
670 405 819 440 Concilii
849 417 924 440 sess.
942 417 996 447 25.
1012 408 1049 438 de
1072 408 1225 450 Regular.
1245 414 1314 452 cap.
1335 416 1390 439 12.
1407 408 1449 440 (9⁴
1468 412 1538 450 cap.
1561 414 1614 447 ¹3·

220 458 301 491 Item
321 456 352 489 in
380 455 536 491 omnibus
572 455 610 490 iis
626 479 635 494 ‚
663 467 736 496 quae
753 456 791 489 ad
819 466 930 489 curam
948 455 1146 489 Animarum
1162 478 1171 494 ,
1200 455 1493 487 Sacramentorum
1513 452 1616 485 adrni-

123 506 349 541 nistrationem
379 515 518 549 quoquo
546 505 646 539 modo
681 505 870 547 pertinent,
898 513 931 538 et
969 503 1153 548 praesertim
1195 504 1354 536 adversus
1385 500 1616 538 Monitiones,

125 556 292 590 Censuras
310 578 320 593 ,
348 562 404 588 aut
431 552 507 587 alias
536 553 768 596 provisiones,
795 564 855 597 per
883 564 963 597 quas
992 551 1132 587 Parochi
1153 576 1162 590 ‚
1189 559 1247 585 aut
1287 550 1340 584 alii
1377 549 1503 584 Curam
1536 549 1618 583 Ani-

125 615 253 639 marum
276 611 489 640 exercentes,
517 602 634 636 diebus
669 602 783 636 saltem
815 601 1032 641 Dominicis,
1059 610 1091 636 et
1122 600 1227 634 Festis
1267 598 1470 635 solemnibus
1502 597 1619 632 Plebcs

124 653 190 688 sibi
219 651 411 686 commissas
438 649 637 685 salutaribus
665 650 776 685 verbis
807 661 939 693 pascere
970 650 1243 694 compellantur,
1271 650 1423 682 docendo
1451 659 1513 686 ea,
1542 656 1617 692 quae

128 702 169 736 ad
199 701 342 736 salutem
372 698 558 734 necessari«
581 707 657 734 sunt
687 701 778 738 iuxta
804 699 989 735 Decretum
1020 699 1110 734 Sacri
1151 697 1302 732 Concilii
1327 708 1404 731 sess.
1438 705 1468 738 5.
1496 697 1533 730 de
1562 700 1622 738 Re-

127 750 267 793 format.
299 756 370 794 cap.
402 759 434 781 2.

230 798 312 831 Item
342 797 499 831 adversus
531 797 784 842 deputationem
816 798 1027 833 Vicat-iorum
1055 798 1154 833 etiam
1183 805 1451 840 perpetuorum,
1480 805 1557 829 cum
1574 804 1623 827 as-

131 845 318 891 signatione
349 845 541 890 Congruae‚
569 856 628 890 per
652 859 735 892 quos
764 847 856 881 Cura
882 847 1078 881 Animarum
1111 854 1310 881 exerceatur
1329 869 1338 883 ‚
1366 843 1499 889 quoties
1525 841 1622 887 plura

130 894 301 931 Beneficia
332 894 461 928 Curata
489 906 531 929 ex
561 894 818 940 Dispensatione
851 896 1046 939 Apostolica
1077 899 1116 930 ab
1140 894 1251 939 aliquo
1277 893 1514 927 obtineantur=
1555 887 1621 923 Vel

131 944 264 989 quoties
296 944 410 978 eadem
437 943 604 979 Beneficia
634 946 761 978 Curata
786 943 1074 983 cathedralibus,
1108 941 1311 987 Collegiatis
1329 966 1338 982 ,
1366 943 1421 975 seu
1452 938 1523 974 aliis
1557 938 1622 972 Ec-

131 991 243 1028 clesiis
259 1015 270 1031 ,
297 990 350 1025 vel
369 992 579 1027 Monasteriis
593 1016 603 1032 ,
621 992 797 1028 Beneficiis
811 1017 820 1032 ,
835 995 892 1027 seu
911 991 1076 1037 Collegiis
1095 1017 1105 1033 ‚
1133 1000 1190 1026 aut
1206 991 1266 1036 piis
1288 990 1383 1024 Locis
1400 988 1624 1033 quibuscum-

133 1053 200 1087 que
230 1041 396 1086 perpetuo
427 1043 543 1079 unita,
572 1050 604 1075 et
634 1053 760 1076 annexa
787 1042 999 1086 reperiuntur
1021 1043 1114 1081 juxta
1141 1039 1373 1086 praescriptum
1402 1036 1484 1072 dicti
1526 1034 1618 1070 Sacri

135 1089 284 1124 Concilii
304 1101 389 1128 ¹sess.
418 1101 452 1135 7.
482 1092 519 1124 de
537 1090 677 1131 Reform.
700 1099 770 1137 cap.
795 1101 824 1131 ς.
843 1099 874 1124 et
889 1099 959 1137 cap.
975 1101 1007 1135 7.
1026 1114 1036 1130 ,
1070 1100 1102 1125 et
1116 1089 1211 1129 juxta
1230 1086 1523 1122 Constitutionem
1549 1094 1621 1118 san·

136 1151 238 1175 mem.
258 1137 309 1171 Pii
328 1139 371 1172 V.
393 1150 465 1183 quae
481 1137 600 1182 incipit
614 1140 712 1173 :Ad
738 1141 965 1185 exequendum
980 1163 990 1173 .

235 1187 319 1221 Item
350 1187 509 1221 adversus
543 1186 780 1222 Visitationem
816 1188 1064 1223 Beneficiorum
1098 1187 1334 1225 curatorum,
1360 1193 1398 1220 ut
1422 1193 1526 1227 supra
1553 1192 1628 1227 per-

136 1235 243 1282 petuo
275 1234 445 1270 unitorum
463 1259 472 1274 ,
505 1247 565 1270 nec
594 1248 658 1270 non
687 1248 977 1282 quarumcumque
997 1235 1220 1271 Ecclesiarum
1237 1232 1497 1281 quomodolibet
1510 1241 1626 1266 exem-

137 1295 294 1330 ptarum,
329 1285 427 1328 prout
455 1284 553 1318 etiam
590 1286 747 1320 adversus
777 1285 950 1325 Decreta,
978 1293 1012 1320 et
1039 1284 1249 1330 provisiones
1286 1284 1325 1318 ab
1354 1280 1541 1317 Ordinario
1574 1290 1624 1313 ω.-

137 1333 298 1379 piendas,
325 1342 361 1367 ut
387 1344 460 1378 quae
484 1332 516 1366 in
544 1333 590 1366 eis
616 1333 826 1379 reparatione
862 1335 1033 1380 indigent,
1062 1342 1280 1379 reparentur,
1307 1340 1340 1366 et
1361 1331 1455 1366 Cura
1484 1328 1628 1363 Anima-

137 1393 211 1416 rum
228 1406 238 1420 ,
271 1382 297 1415 si
326 1393 392 1426 qua
414 1381 476 1416 illis
507 1382 707 1421 immineat,
734 1382 874 1427 aliisque
896 1383 1016 1417 debitis
1048 1382 1217 1427 obsequiis
1261 1380 1399 1415 minime
1426 1377 1629 1414 defrauden-

138 1439 218 1468 tur,
244 1429 339 1466 juxta
366 1429 622 1473 dispositionem
647 1431 736 1465 Sacri
770 1431 920 1466 Concilii
949 1433 1067 1466 eadem
1094 1442 1170 1465 sess.
1187 1442 1221 1476 7.
1241 1430 1277 1463 de
1298 1427 1439 1470 Reform.
1461 1433 1534 1473 cap.
1563 1426 1597 1459 8.
1615 1447 1627 1464 ‚

139 1485 263 1513 etsess.
293 1488 348 1511 21.
374 1486 445 1523 cap.
465 1489 497 1522 7:
649 1478 654 1484 '

169 1571 172 1574 Δ
239 1526 326 1579 Item
359 1526 376 1560 a
404 1526 559 1562 Decretis
576 1552 585 1568 ,
613 1530 670 1563 seu
698 1529 861 1564 Mandatis
878 1553 888 1569 ‚
910 1540 971 1575 per
994 1539 1068 1574 quae
1087 1527 1270 1573 Episcopi,
1298 1527 1397 1561 etlam
1414 1524 1463 1560 Uti
1483 1525 1631 1569 APOStO·

140 1575 213 1610 licae
240 1573 325 1607 sedis
354 1573 537 1620 Delegati,
554 1577 595 1610 ·in
617 1577 770 1621 Ecclesiis
803 1577 1053 1612 parochialibus
1070 1601 1080 1617 ,
1107 1587 1163 1611 aut
1191 1574 1452 1620 Baptismalibus
1470 1597 1478 1611 2
1507 1572 1536 1606 in
1556 1571 1631 1616 qui·

143 1625 208 1658 bus
232 1621 383 1666 Populus
413 1623 456 1657 ita
481 1635 678 1659 numerosus
706 1634 782 1666 est,
815 1635 853 1660 ut
884 1639 966 1661 unus
998 1627 1126 1660 Rector
1156 1636 1220 1659 non
1246 1624 1353 1668 possit
1389 1621 1542 1656 sufficere
1568 1620 1631 1654 Ec-

144 1669 337 1707 clesiasticis
367 1672 587 1706 Sacramentis
618 1672 867 1714 ministrandis,
893 1684 925 1709 et
954 1674 1076 1709 Cultui
1106 1673 1234 1708 Divino
1261 1672 1451 1718 peragendo
1469 1694 1480 1710 ,
1507 1675 1631 1714 cogant

144 1721 334 1759 Rectores,
370 1721 422 1755 vel
457 1721 565 1761 alios,
596 1722 634 1755 ad
662 1733 746 1766 quos
775 1723 948 1767 pertinet,
976 1722 1037 1757 sibi
1065 1732 1116 1757 tot
1158 1723 1354 1757 Sacerdotes
1378 1720 1419 1755 ad
1457 1720 1521 1753 hoc
1554 1729 1632 1752 mu-

146 1781 207 1804 nus
234 1768 442 1814 adjungere,
465 1779 549 1815 quot
575 1771 740 1805 sufficiant
765 1773 804 1805 ad
835 1772 1046 1806 Sacramenta
1060 1770 1245 1806 exhibenda
1262 1794 1272 1810 ‚
1301 1779 1334 1804 et
1366 1767 1512 1804 Cultum
1535 1765 1636 1800 Divi-

145 1830 223 1853 num
248 1817 483 1853 celebrandum
507 1833 515 1852 :
546 1820 615 1853 Aut
645 1819 744 1854 etiarn
777 1819 892 1855 invitis
927 1820 1128 1855 Rectoribus
1162 1820 1345 1864 procedant
1361 1819 1400 1853 ad
1418 1813 1634 1851 constitutio-

145 1878 222 1901 nem
252 1877 417 1901 novarum
447 1864 681 1903 parochiarum
714 1880 789 1903 curn
833 1869 1061 1914 assignatione
1095 1867 1319 1914 competentis
1359 1865 1549 1912 portionis,
1575 1862 1636 1898 ubi

145 1916 189 1949 ob
217 1913 368 1950 locorum
398 1916 588 1951 distantiam
612 1941 621 1956 ‚
651 1917 722 1951 sive
750 1917 981 1953 difficultatem
1016 1917 1216 1953 Parochiani
1247 1916 1318 1951 sine
1348 1926 1468 1960 magno
1502 1913 1636 1948 incom-

146 1963 248 1998 modo
283 1963 322 1997 ad
353 1963 568 2009 percipienda
598 1966 832 2005 Sacramenta,
862 1975 895 2001 et
910 1967 1034 2001 Divina
1051 1966 1173 2000 Officia
1191 1965 1357 2001 audienda
1382 1963 1551 1998 accedere
1567 1972 1635 1995 non

150 2020 313 2064 possunt3
343 2012 404 2047 Vel
432 2014 577 2059 denique
615 2023 755 2060 propter
784 2023 1016 2060 paupertatem
1034 2039 1044 2055 ‚
1070 2023 1103 2049 et
1131 2015 1161 2049 in
1194 2014 1320 2050 caeteris
1352 2012 1482 2048 casibus
1508 2013 1527 2046 a
1559 2011 1637 2051 iure

151 2060 328 2106 permissis
349 2062 531 2097 deveniunt
562 2065 600 2098 ad
628 2063 767 2098 uniones
780 2073 956 2109 perpetuas
983 2063 1126 2099 aliorum
1145 2063 1395 2099 Beneficiorum
1411 2059 1634 2106 simplicium,

155 2119 222 2142 non
254 2117 362 2142 tamen
391 2109 612 2156 Regularium
643 2136 654 2151 ,
693 2114 786 2151 juxta
817 2112 1074 2158 dispositionem
1104 2113 1191 2148 Sacri
1221 2111 1375 2147 Concilii
1407 2121 1487 2145 sess.
1516 2121 1574 2145 21.
1601 2109 1640 2144 de

155 2156 263 2199 Refer.
278 2164 349 2204 cap.
368 2171 403 2204 4.
419 2168 450 2192 et
464 2166 533 2206 cap.
555 2170 584 2201 5.
598 2167 628 2194 et
639 2171 715 2194 sess.
736 2172 793 2203 24.
809 2161 964 2195 similiter
978 2163 1015 2196 de
1024 2161 1168 2202 Reform.
1186 2169 1257 2208 cap.
1282 2171 1340 2205 13.

203 2253 210 2261 .
251 2205 612 2259 hema-deputatione
645 2209 897 2248 Coadjutorum
915 2233 926 2249 ‚
953 2218 1011 2244 aut
1040 2208 1258 2245 vicariorum
1283 2220 1345 2253 pro
1372 2216 1551 2253 tempore,
1581 2203 1636 2240 vel

157 2252 228 2307 aliis
256 2254 508 2297 prov1s1onibus
538 2257 579 2289 ab
610 2257 777 2301 Episcopo
808 2259 1005 2302 capiendis,
1040 2259 1139 2293 etiam
1171 2268 1326 2304 tanquam
1360 2256 1568 2301 Apostoltcae
1582 2254 1639 2288 Se-

156 2302 208 2335 dis
235 2301 425 2347 Delegato,
454 2305 588 2348 quando
622 2302 797 2343 illiterati,
825 2313 857 2338 et
885 2305 1035 2349 imperiti
1063 2307 1312 2341 parochialium
1330 2305 1553 2340 Ecclesiarum
1573 2303 1639 2337 Re-

159 2358 267 2384 ctores
296 2351 398 2386 sacris
429 2351 537 2386 minus
567 2352 634 2397 apti
661 2361 737 2387 sunt
765 2351 911 2393 officiis,
939 2365 1015 2388 cum
1056 2353 1279 2398 assignatione
1318 2354 1418 2399 partis
1461 2352 1638 2387 fructuum

159 2408 228 2452 pro·
247 2398 423 2453 sufficienti
450 2399 582 2435 illorum
613 2401 710 2436 victu
739 2414 747 2434 ε
782 2401 925 2436 Necnon
947 2403 964 2436 a
991 2402 1233 2446 suspensione,
1263 2412 1363 2448 atque
1391 2400 1491 2436 etiam
1523 2413 1540 2435 a
1567 2399 1641 2445 pri-

159 2456 295 2481 vatione
311 2444 442 2484 illorum
461 2473 470 2489 ‚
503 2449 561 2496 qui
578 2450 722 2494 turpiter
735 2473 744 2489 ,
776 2458 807 2483 et
822 2451 1016 2487 scandalose
1034 2452 1179 2491 vivunt,
1211 2460 1242 2485 et
1256 2460 1431 2496 postquam
1452 2447 1640 2495 praemoniti

159 2503 272 2549 sunt,
293 2494 323 2549 lp
349 2505 408 2532 sua
423 2498 572 2544 nequitia
593 2497 839 2544 incorrigibiles
855 2509 1092 2543 perseverant,
1106 2499 1202 2538 iuxta
1220 2499 1452 2546 praescriptum
1486 2499 1639 2541 ejusdem

160 2543 311 2579 Concilii
340 2543 378 2579 de
391 2557 526 2582 sess.21.
543 2549 581 2582 de
593 2547 736 2591 Reform.
751 2550 858 2595 cap.6.

1090 2610 1122 2634 m
1542 2597 1643 2634 -Item
