2075 3167
491 237 521 278 8
755 227 831 270 DE
861 226 996 276 JURE
1028 222 1366 279 SIGNATURAE
1399 221 1657 272 JUSTITIAE

492 290 676 340 Gratiae,
696 302 792 344 quae
824 287 1063 331 Sanctissimi
1092 287 1185 328 alias
1214 285 1389 333 dicitur,
1419 298 1456 326 et
1487 284 1687 332 justitiae,
1718 281 1765 323 de
1789 295 1872 336 qua
1901 296 1974 324 nos

495 365 607 408 agere
625 348 907 407 proposuimus
934 378 944 387 .
986 347 1034 389 Et
1051 345 1280 388 successivis
1306 343 1550 400 temporibus
1575 341 1762 384 antedicti
1790 341 1979 382 Referen-

496 409 597 452 darii
619 409 829 462 utriusque
849 407 1075 464 Signaturae
1108 403 1292 461 appellari
1317 416 1508 459 ceperunt
1529 417 1576 443 ex
1597 417 1644 442 eo
1664 429 1691 447 ‚-
1709 401 1805 454 quia
1827 401 1848 441 a
1866 403 1981 442 Sum-

496 468 571 511 mis
603 467 865 509 Pontificibus
899 466 1055 506 indulta
1089 463 1163 504 fuit
1190 462 1336 504 eisdem
1373 461 1580 515 utriusque
1607 461 1834 516 Signaturae
1872 473 1981 515 prae-

496 527 704 584 rogativa3
738 525 880 567 divisio
905 536 1080 577 namque
1107 521 1332 576 Signaturae
1359 520 1400 560 in
1427 519 1526 560 illam
1546 519 1698 560 Gratiae
1716 548 1727 565 ‚
1744 530 1781 558 et
1805 518 1979 569 justitiae

498 585 691 628 tribuitur
722 584 954 624 Alexandro
979 582 1054 622 vl.
1089 578 1302 627 Pontifici,
1333 591 1423 620 teste
1444 577 1735 634 Comes-1⁴00),
1764 590 1885 631 quem
1917 589 1980 615 se-

501 643 644 700 quitur
673 643 950 685 Mai-cliesanus
969 669 980 687 ,
1017 638 1116 678 dum
1133 638 1186 679 ait
1206 667 1218 686 ,
1243 637 1356 691 quod
1383 636 1490 693 prius
1506 668 1518 686 ,
1555 651 1679 693 usque
1701 636 1752 676 ad
1771 634 1984 676 Pontifica-

503 716 588 744 tum
618 701 713 742 Sixti
731 700 808 740 IV.
849 697 1113 740 diversimode
1134 696 1425 753 procedebatur
1444 726 1454 736 .

622 759 682 800 Ex
703 759 900 799 hactenus
913 757 1025 798 dictis
1044 754 1339 798 evidentissime
1359 767 1465 810 patet
1483 781 1495 798 ‚
1529 756 1720 811 antiquos
1746 754 1987 795 Referenda-

501 818 580 860 rios
591 833 639 859 eo
658 817 869 860 tanturnin
890 831 1051 858 munere
1064 827 1238 858 versatos
1253 813 1371 854 fuisse
1391 843 1403 861 ‚
1434 812 1652 862 referendi,
1685 829 1822 870 nempe
1837 842 1848 859 ‚
1882 813 1984 869 Sup-

501 877 734 933 plicationes
750 894 766 927 ,ς
803 891 1038 933 responsum
1058 875 1155 916 vero
1176 873 1198 913 a
1216 872 1392 913 Summis
1415 872 1678 915 Pontificibus
1712 873 1985 928 recipiebant,

502 936 616 990 quod
646 938 840 990 probatur
866 936 984 977 etiam
1003 936 1052 976 ab
1072 931 1318 988 expositione
1337 930 1546 971 Innocentii
1562 932 1631 974 IV.
1667 932 1708 971 in
1738 931 1832 984 Cap.
1866 946 1918 971 ex
1943 929 1988 969 li-

502 992 592 1035 teris
609 993 656 1032 de
673 991 712 1033 in
733 993 926 1049 integrum
947 992 1201 1035 Restitutione
1215 1018 1227 1036 ,
1248 990 1286 1045 5.
1306 991 1398 1029 Item
1413 989 1542 1035 ‚hisce
1562 989 1808 1041 potissimum
1827 987 1982 1028 verbis:

500 1062 539 1093 et
556 1051 705 1107 quidem
725 1051 878 1092 libellus
898 1048 1222 1104 Supplicationem
1243 1046 1439 1087 continens
1458 1045 1671 1099 porrigitur
1692 1044 1988 1096 Refhrendarils,

502 1121 541 1152 et
557 1110 721 1151 Causam
738 1106 1063 1149 introducentibus
1083 1134 1095 1152 ‚
1122 1115 1190 1145 aut
1207 1101 1505 1157 deferemkzrffis,
1528 1102 1629 1142 solus
1645 1113 1770 1142 autem
1790 1102 1990 1161 Princeps,

502 1169 562 1210 vel
593 1166 802 1222 Praefectus
833 1164 1029 1223 cognoscit
1044 1166 1088 1205 cle
1107 1162 1392 1219 Supplicatione
1411 1191 1421 1200 .
1458 1160 1698 1202 Procedente
1717 1162 1813 1202 vero
1835 1175 1991 1220 tempo-s

503 1241 545 1269 re
579 1241 684 1270 nova
704 1226 800 1266 huic
817 1224 1177 1267 Tribunaliforina
1201 1222 1292 1263 data
1312 1220 1414 1267 fuit,
1448 1235 1541 1260 narn
1565 1220 1752 1262 Pontifex
1771 1222 1989 1270 continua,

505 1300 550 1327 ac
572 1286 682 1328 varia
701 1282 946 1342 praepeditus
979 1281 1235 1324 muititudine
1254 1280 1506 1335 negotiorum
1526 1308 1538 1325 ,
1570 1294 1664 1334 quae
1682 1281 1733 1321 ad
1762 1283 1991 1324 Romanam

506 1344 681 1386 Curiam
701 1375 713 1392 ‚
743 1355 879 1399 utpote
897 1355 1154 1384 communem
1174 1339 1543 1381 omniumPatriam
1562 1367 1574 1385 ‚
1592 1354 1640 1380 ex
1660 1340 1849 1382 omnibus
1870 1342 1993 1382 Mun-

506 1403 547 1444 di
567 1404 748 1460 partibus
773 1401 973 1443 confluere
1006 1411 1201 1459 ceperunt
1220 1414 1292 1456 pro
1311 1397 1476 1454 justitiae
1501 1399 1817 1454 complemento,
1844 1399 1884 1440 in
1899 1415 1993 1443 cau-

505 1462 555 1504 s-is
574 1462 823 1520 potissimum
857 1462 909 1502 ad
934 1460 1069 1502 forum
1107 1458 1426 1500 Ecclesiasticum
1457 1457 1748 1514 pertinentibus
1765 1459 1837 1515 (2)
1858 1491 1870 1508 ‚
1905 1474 1992 1502 non

504 1521 642 1564 valens
664 1534 831 1564 cunctas
845 1521 1078 1563 examinare
1105 1517 1413 1575 supplicationes
1432 1545 1445 1563 ,
1470 1532 1537 1574 per
1564 1517 1875 1560 Referendarios
1894 1519 1996 1560 rela-

507 1591 567 1622 tas
585 1608 598 1627 ,
628 1580 972 1634 eisquevomnibus
999 1593 1234 1635 responsum
1254 1578 1418 1618 reddere
1432 1608 1444 1625 ,
1473 1575 1494 1617 ἐ
1515 1577 1997 1621 Referendariorumclas·

510 1653 549 1681 se
576 1639 775 1693 quosdam
792 1639 922 1695 selegit
939 1653 1147 1694 ,quorum
1179 1651 1332 1678 munus
1349 1650 1445 1677 esset
1460 1667 1472 1684 ‚
1495 1636 1703 1678 antedictis
1735 1636 1996 1692 supplicatio-

510 1698 632 1740 nibus
654 1698 816 1739 nomine
836 1698 961 1753 ipsius
981 1696 1181 1739 Pontificis
1206 1709 1441 1752 responsum
1459 1696 1552 1737 dare
1567 1710 1581 1745 3
1595 1695 1769 1749 ideoque
1799 1694 1996 1737 Votantes

507 1757 562 1798 ad
596 1754 863 1799 differentiam
891 1756 1132 1813 simplicium
1162 1755 1543 1796 Referendariorum
1559 1753 1743 1810 appellari
1775 1767 1997 1809 ceperunt.

623 1814 736 1857 *Hinc
767 1829 812 1857 ea
831 1815 1002 1857 invaluit
1021 1815 1154 1871 praxis
1170 1845 1182 1861 ,
1206 1814 1321 1868 quod
1336 1813 1538 1867 Rescripta
1559 1813 1790 1866 Signaturae
1807 1811 1998 1863 Justitiae,

507 1886 707 1927 tanquam
728 1875 778 1914 ab
795 1873 961 1927 ipsomet
979 1872 1167 1912 pontifice
1185 1883 1346 1910 exarata
1366 1883 1648 1914 cens-eremum
1677 1882 1715 1907 et
1727 1870 1827 1907 Rota
1848 1868 1997 1922 pluries

508 1932 552 1973 in
571 1931 652 1974 suis
672 1930 955 1972 Deeisionibus
971 1940 1134 1971 testatur
1157 1954 1170 1972 ,
1200 1926 1456 1982 Signaturam
1479 1924 1651 1977 Justitiae
1683 1927 1829 1982 Papam
1858 1941 1997 1984 reprae.

510 2003 666 2032 sentare
683 2022 695 2039 ,
724 2001 760 2031 et
776 1989 861 2046 ejus
877 1988 1050 2029 -nornine
1069 1986 1277 2027 rescribere
1295 1984 1394 2039 (3):,
1422 1996 1459 2025 et
1471 1983 1619 2025 Paulus
1647 1984 1712 2023 111.
1730 1990 1822 2026 t'este
1840 1986 1992 2030 Vestrz'o

512 2048 586 2104 (4)
601 2048 738 2091 statuit
756 2080 768 2098 ‚
800 2047 1001 2103 Rescripta
1033 2045 1265 2100 Signaturae
1286 2042 1465 2094 ejusdem
1491 2043 1649 2086 virtutis
1665 2074 1678 2092 ‚
1710 2057 1748 2086 et
1775 2047 1996 2089 auctorita-

511 2108 560 2149 tis
593 2122 701 2157 esse,
733 2122 778 2149 ac
806 2107 836 2148 si
865 2107 999 2147 fore-nt
1022 2117 1147 2145 manu
1180 2104 1298 2157 Papae
1332 2101 1485 2157 signata
1503 2133 1513 2142 .
1545 2101 1761 2159 Eapropter
1788 2104 1995 2148 Commis-

509 2166 663 2207 sionem
682 2194 694 2212 ,
721 2165 800 2208 sive
836 2161 1347 2219 Rescriptum·Signaturae
1383 2176 1521 2202 omnes
1556 2161 1717 2213 Judices
1749 2164 1959 2207 observare
1978 2197 1992 2215 ,

513 2238 557 2266 ac
591 2224 738 2281 exequi
763 2223 942 2272 debent,
973 2222 1076 2265 itaut
1105 2220 1136 2262 si
1153 2219 1338 2276 vrescripti
1363 2220 1536 2263 formam
1571 2235 1655 2263 non
1688 2236 1872 2270 servent,
1904 2238 1991 2266 acta

1874 2295 1995 2326 esunt

511 2351 1995 2366 ——————-—————u'——-

553 2383 606 2422 (1)
630 2385 665 2414 In
675 2385 819 2425 prooemz'o
840 2384 996 2414 Tractatus
1011 2383 1186 2422 Signaturae
1209 2404 1216 2412 .
1313 2381 1364 2423 (31
1389 2383 1490 2412 Decis.
1524 2390 1598 2411 101.
1636 2392 1720 2413 num.
1753 2391 1783 2421 7.
1806 2404 1817 2419 ,
1844 2390 1874 2414 et
1887 2382 1989 2414 Decis.

553 2432 608 2466 (2)
632 2431 790 2460 Innocent.
827 2430 915 2461 VIII.
945 2431 977 2460 in
999 2428 1220 2460 Constitutione
1267 2427 1343 2465 289.
1358 2436 1390 2457 n.
1411 2428 1507 2468 16.p.
1524 2428 1554 2457 6.
1569 2435 1682 2458 recent.

509 2470 606 2511 Officii
615 2475 713 2506 nostri
726 2494 737 2509 ,
751 2483 831 2505 anno
849 2482 945 2515 ¹49¹·
1309 2474 1364 2511 (4)
1388 2473 1424 2503 In
1435 2472 1535 2514 praxi
1556 2471 1609 2504 lib.
1628 2481 1655 2503 1.
1678 2480 1744 2515 cap.
1761 2481 1791 2514 3.
1806 2482 1838 2503 n.
1858 2479 1890 2501 2·
