1993 3195
654 319 691 362 C
726 320 765 362 A·
798 321 827 360 Ρ
860 318 899 361 U
932 318 970 361 T
1034 319 1064 360 l.
1548 316 1597 364 61

114 384 217 427 tinus
232 380 305 436 (1)
323 408 335 420 .
370 378 496 421 Caret
514 379 634 422 etiam
652 379 837 422 facultate
858 376 1103 420 rescribendi
1123 376 1165 417 in
1195 373 1344 417 Causis
1362 377 1601 437 Congrega-

112 439 233 484 tionis
262 440 470 480 Baronum
499 469 512 487 ‚
538 453 668 493 quum
699 439 795 479 haec
833 437 1023 494 procedat
1052 433 1313 492 appellatione
1352 448 1502 476 remota
1524 466 1535 484 ,
1563 450 1603 480 et

114 496 284 550 quando
318 496 587 555 appellationis
606 498 827 538 remedium
845 495 1142 551 experiundum
1158 506 1214 536 est
1231 524 1244 542 ‚
1277 492 1331 534 ad
1346 492 1602 549 Signaturam

113 554 275 599 Gratiae
303 570 484 598 recursus
499 555 581 596 fieri
600 555 740 606 debet,
768 567 887 612 prout
900 554 1040 596 docuit
1056 554 1151 595 Rom
1183 552 1282 609 (2).

226 613 276 655 Et
309 615 493 670 quamvis
509 613 722 670 Signatura
741 647 754 664 ,
772 627 817 656 ut
832 614 912 671 jam
933 613 1106 655 diximus
1126 643 1139 661 ,
1172 609 1498 658 ‚iurisdictionem
1517 624 1600 651 non

113 673 262 717 habeat
279 672 321 714 in
339 673 488 715 Causis
507 673 789 717 Cameralibus
803 705 815 723 ‚
833 688 880 715 ex
898 688 945 714 eo
969 670 1068 727 quia
1095 669 1208 728 juxta
1224 669 1426 726 vulgarem
1443 683 1604 712 senten-

113 733 210 778 niam
226 731 424 775 forensem
437 731 640 774 Tribunal
655 732 849 775 Camerae
865 733 987 774 habet
1004 732 1261 789 Signaturam
1278 729 1319 769 in
1341 740 1476 771 ventre
1496 758 1507 776 ‚
1526 728 1603 770 hoc

114 804 171 834 est
188 790 350 833 Causae
366 791 694 849 Appellationum
713 823 726 842 ‚
743 803 780 834 et
801 791 1079 846 gravaminum
1093 819 1106 838 ‚
1123 788 1427 831 committuntur
1456 787 1602 830 eisdem

115 849 286 893 clericis
303 850 501 893 Camerae
530 853 582 894 ab
598 852 766 909 ipsomet
783 851 999 893 Tribunali
1029 849 1258 898 Camerae;
1283 847 1397 902 quod
1414 847 1604 889 observa-

115 919 184 952 tur
201 908 243 949 in
277 910 435 952 caeteris
467 909 615 952 Causis
634 910 844 952 definitisa
872 909 1086 952 Cardinali
1116 905 1356 950 Camerario
1374 936 1387 955 ,
1420 904 1604 947 Thesau-

116 967 224 1010 ratio
251 969 457 1024 genarali‚
491 982 533 1011 et
552 969 636 1013 aliis
663 969 878 1016 =ludicibus
897 968 1212 1017 Cameralibus·‚
1241 966 1342 1009 itaut
1366 964 1397 1006 si
1428 963 1519 1020 quis
1553 962 1604 1004 ti-

116 1040 223 1069 meat
237 1027 551 1082 exequutionem
568 1029 791 1071 sententiae
811 1028 858 1068 de
873 1028 934 1070 sui
953 1041 1098 1070 natura
1118 1042 1202 1068 non
1221 1022 1484 1080 appellamus,
1516 1035 1605 1078 Pro-²

118 1084 221 1126 latae
256 1099 325 1140 per
343 1085 422 1139 jam
447 1086 575 1130 dictos
601 1085 780 1134 iudices,
810 1085 906 1128 solet
931 1085 1052 1127 citare
1083 1100 1219 1126 coram
1245 1081 1404 1123 Clerico
1436 1081 1606 1121 Decano

117 1141 351 1182 Tribunalis
373 1142 571 1182 Gamerae
587 1158 661 1196 pro
680 1143 867 1181 habenda
884 1143 1167 1196 supersessoria
1183 1142 1235 1181 ad
1252 1139 1437 1180 effectum
1468 1138 1605 1194 dispu-

117 1197 233 1242 tandi
263 1196 437 1240 dubium
471 1199 513 1240 in
531 1199 647 1257 plena
664 1197 839 1238 Camera
857 1227 871 1246 ,
902 1214 950 1238 an
967 1227 979 1245 ‚
1013 1208 1051 1238 et
1064 1198 1254 1252 quomodo
1268 1196 1318 1235 sit
1340 1195 1605 1240 inhibendum.

117 1273 224 1314 quae
242 1257 273 1299 si
305 1256 547 1314 denegetur,
581 1257 750 1299 habetur
771 1270 956 1298 recursus
983 1256 1034 1298 ad
1054 1257 1107 1297 D.
1126 1254 1370 1296 Auditorem
1388 1251 1605 1294 pontificis..

115 1315 399 1360 Nihilominus
459 1317 707 1375 disputatum
750 1314 970 1369 aliquando
1012 1314 1091 1357 fuit
1130 1312 1343 1356 occasione
1393 1310 1607 1366 cujusdam

119 1375 267 1426 edicti,
300 1376 475 1418 emanati
508 1392 531 1418 a
555 1373 769 1419 cardinali
806 1373 1006 1417 Praefecto
1032 1374 1266 1424 Signaturae
1285 1403 1298 1420 ,
1326 1384 1411 1427 quo
1434 1370 1607 1411 caveba-

118 1447 216 1484 tur,
248 1433 456 1477 citationes
472 1435 577 1477 circa
605 1448 745 1477 causas
760 1433 983 1489 pendentes
1006 1434 1047 1474 in
1064 1431 1278 1474 Tribunali
1296 1433 1344 1472 R.
1364 1428 1419 1468 C.
1438 1427 1607 1484 Aposto-

118 1493 217 1536 licae
234 1524 247 1543 ,
278 1493 404 1537 factas
427 1508 563 1536 coram
578 1493 793 1550 Signatura
818 1522 831 1540 ‚
855 1491 916 1534 vel
947 1491 1034 1544 ejus
1054 1490 1278 1538 Audimre,
1314 1487 1480 1544 impune
1497 1500 1606 1542 sper-2

119 1552 165 1596 ni
193 1567 305 1610 posse
325 1582 338 1601 ‚
366 1554 538 1611 exceptis
554 1550 814 1596 citationibus
843 1549 896 1591 ad
923 1550 1147 1595 videndum
1167 1548 1359 1590 declarari
1393 1545 1602 1595 Causam,

115 1625 158 1655 et
182 1612 365 1655 Causam
394 1626 568 1670 spectare
595 1611 647 1652 ad
665 1610 738 1652 alia
758 1608 997 1651 Tribunalia
1017 1640 1030 1658 ,
1064 1608 1291 1664 remittique
1311 1607 1363 1648 ad
1379 1604 1474 1646 alios
1488 1604 1605 1652 Judi-

117 1685 210 1721 ces,
236 1671 406 1713 excitata
422 1670 501 1715 fuit
532 1670 713 1728 quaestio
730 1701 743 1719 ,
776 1682 828 1709 an
848 1667 889 1709 in
910 1668 1060 1711 Causis
1096 1667 1406 1712 CameralibuS,
1443 1665 1490 1704 de
1517 1662 1605 1718 qui-

116 1729 198 1773 bus
214 1730 427 1772 dubitatur
442 1762 456 1781 ,
484 1746 536 1772 an
559 1741 733 1788 spectent
752 1727 804 1769 ad
823 1724 1046 1770 Camerarii
1062 1726 1292 1773 Tribunal,
1324 1724 1386 1768 vel
1403 1721 1608 1763 Tribuna2

117 1787 171 1831 lia
189 1788 416 1831 Cameralia
440 1820 454 1838 ,
477 1791 520 1832 id
538 1787 828 1831 declarandum
854 1786 903 1829 sit
918 1802 938 1828 a
961 1785 1197 1829 Camerario
1216 1817 1229 1834 ,
1262 1784 1323 1827 vel
1347 1781 1481 1839 potius
1499 1795 1518 1820 a
1544 1779 1606 1820 Si-

119 1858 294 1903 gnatura
312 1847 705 1900 Iustitiae,ejusdem
725 1844 972 1898 quaestionis
1005 1845 1193 1886 resolutio
1211 1841 1416 1883 commissa
1451 1837 1530 1878 fuit
1553 1839 1602 1879 Ρι.

119 1907 164 1946 Ρ.
198 1905 253 1943 D.
283 1903 496 1944 cormelino
528 1915 626 1944 tune
665 1899 864 1940 Auditore
895 1900 1098 1943 Pontificis
1116 1929 1129 1948 ,
1159 1915 1182 1941 a
1207 1913 1292 1955 quo
1318 1897 1429 1939 nulla
1456 1895 1606 1938 decisio

118 1972 304 2002 emanata
325 1958 404 1998 fuit
420 1986 434 2005 ,
460 1973 498 2000 et
515 1974 537 1999 a
562 1957 798 1998 camerario
814 1971 887 2012 pro
903 1958 983 2000 suis
1009 1957 1167 2013 juribus
1184 1956 1344 1999 tuendis
1367 1955 1409 1996 in
1426 1954 1605 1996 medium

119 2016 390 2061 afferebantur
414 2013 546 2072 plures
579 2013 809 2056 pontificiae
844 2014 1201 2065 Constitutiones,
1230 2026 1267 2055 et
1284 2014 1510 2070 praesertim
1540 2012 1604 2054 illa

118 2075 308 2132 Gregorii
345 2073 440 2115 XV.
473 2105 487 2124 ,
512 2074 755 2117 confirmans
781 2074 1056 2116 antecedentes
1092 2088 1231 2116 omnes
1256 2072 1606 2129 praedecessorum

118 2150 289 2180 suorum
308 2165 321 2183 ,
339 2134 381 2175 in
400 2133 551 2189 quibus
566 2145 749 2175 concessa
773 2130 853 2172 fuit
868 2130 1065 2176 Gamerae
1084 2163 1098 2182 ,
1122 2147 1159 2176 et
1178 2130 1415 2174 Camerario
1432 2131 1473 2172 in
1491 2129 1605 2170 Cau-

99 2195 173 2239 .sis
194 2193 479 2236 Cameralibus
510 2191 705 2250 privativa
738 2187 963 2244 jurisdictio
991 2219 1004 2238 ,
1044 2190 1275 2233 declarandi
1307 2189 1427 2232 etiam
1446 2189 1603 2231 illarum

123 2253 404 2311 pertinentiam
420 2283 433 2302 ,
463 2264 501 2293 et
518 2250 591 2293 alia
610 2247 864 2292 Constitutio
883 2248 1116 2291 Clementis
1135 2249 1247 2292 Vlll.
1267 2278 1280 2297 ,
1310 2263 1391 2304 qua
1412 2249 1454 2290 in
1471 2246 1507 2305 §.
1527 2249 1600 2302 38.

125 2311 367 2369 praecipitur
382 2343 396 2361 ,
429 2309 546 2366 quod
568 2309 781 2367 Signatum
807 2305 988 2355 Iustitiae
1008 2323 1086 2350 non
1097 2307 1220 2365 possit
1235 2339 1249 2358 ,
1280 2322 1353 2349 nec
1368 2307 1502 2348 debeat
1518 2337 1530 2354 ,
1549 2307 1604 2347 si·-

121 2384 174 2412 ve
189 2370 429 2425 reformando
449 2402 462 2422 ,
484 2369 563 2412 sive
579 2366 807 2411 declarando
822 2363 968 2422 aliquid
981 2365 1021 2408 in
1054 2366 1219 2411 camera
1251 2379 1382 2408 noszra
1400 2395 1413 2414 ‚
1439 2364 1499 2405 vel
1509 2363 1602 2407 alibi

1556 2438 1599 2466 m

594 2496 750 2511 ——
1531 2494 1587 2508 ρ

128 2499 435 2514 m—Q.

168 2557 229 2600 (ι)
251 2559 331 2591 Loco
344 2557 396 2590 cit.
408 2566 496 2590 num·
510 2564 565 2596 ²7-
749 2554 804 2598 (ι)
827 2554 931 2589 Decis.
950 2562 1030 2598 230.
1042 2565 1075 2588 n.
1090 2563 1119 2587 1.
1131 2560 1163 2587 ct
1175 2562 1276 2597 seq-p.
1293 2562 1345 2595 19.
1356 2558 1460 2588 recent
1474 2572 1483 2583 2
