1993 3195
563 383 1062 461 INDEX
1151 387 1205 461 Ι.

214 513 500 574 Ροηιξῇσίανιιιπ
538 514 861 560 constitutionum
880 545 894 565 ,
930 518 1158 563 Edictorum
1175 553 1189 572 ,
1221 535 1269 565 ac
1299 520 1551 569 Decretorum

302 578 358 619 ad
381 575 636 636 Signaturczm
657 577 832 625 Iustitiae·
860 578 1135 635 pertinentium
1160 612 1175 632 ‚
1201 596 1238 624 et
1262 581 1305 625 in
1332 583 1470 641 Operis

610 635 833 695 Appendice
863 635 1113 682 existentium
1133 671 1144 683 .

126 822 360 916 Privilegia
389 868 469 902 DD.
489 867 736 903 Referendariis
769 870 809 902 U.
825 870 857 902 S.
889 880 905 902 a
938 870 1040 903 Paulo
1058 882 1115 905 211.
1135 883 1288 906 concessa
1309 900 1318 909 .
1341 888 1453 919 paqff.
1475 881 1513 912 ad
1532 891 1587 924 14.

123 918 335 953 Reformatio
358 917 671 953 Referendariorum
691 917 883 961 Signaturae
910 917 1066 957 justitiae
1082 944 1091 958 ‚
1120 929 1155 954 et
1169 915 1394 958 ordinationes
1422 937 1438 957 a
1458 926 1635 966 judicibus

224 968 395 1003 Romanae
423 965 549 1001 Curiae
574 968 736 1000 observati
772 977 802 1000 te
823 990 832 1000 .
853 979 907 1012 14.
928 967 967 1000 ad
1000 970 1053 1001 16.

122 1016 316 1052 Praefinitio
339 1016 469 1052 numeri
489 1039 498 1054 ‚
529 1023 562 1049 et
579 1014 776 1059 qualitatum
803 1016 998 1050 eorumdem
1020 1041 1030 1056 ‚
1053 1026 1084 1051 et
1111 1020 1285 1053 cor-cessio
1314 1020 1570 1068 privilegiorum
1596 1036 1636 1059 ex

222 1067 482 1101 Constitutione
502 1064 586 1099 Sixti
603 1076 636 1097 v.
659 1088 668 1097 .
689 1074 743 1109 ¹7·
770 1066 807 1098 ad
828 1075 883 1098 22.

124 1114 237 1150 Breve
255 1127 356 1159 super
372 1114 484 1149 officio
507 1112 734 1158 Acolytorum
753 1114 872 1157 Apost.
892 1113 1015 1147 collato
1043 1114 1124 1147 DD.
1150 1117 1341 1152 votantibus
1369 1119 1563 1164 signaturae
1582 1123 1640 1163 Ju.

227 1165 336 1199 stitiae
357 1190 368 1200 .
385 1175 440 1198 22.
471 1163 511 1196 ad
531 1174 586 1208 24.

126 1212 339 1248 Constitutio
369 1211 547 1247 Alexandri
580 1211 687 1256 Papae
704 1222 769 1244 vtt.
801 1221 900 1255 super
939 1212 1109 1246 erectione
1140 1211 1291 1257 Collegii
1321 1225 1361 1250 ex
1392 1218 1638 1254 Referendarifs

224 1262 396 1306 utriusque
423 1261 647 1305 Signaturae,
681 1270 712 1293 et
733 1270 834 1303 super
863 1259 1078 1304 qualitatibus
1111 1260 1392 1300 admittendorum
1423 1267 1579 1314 deinceps
1606 1268 1637 1302 in

223 1310 482 1345 Referendarios
507 1333 516 1342 .
533 1322 589 1354 24.
618 1311 656 1343 ad
674 1311 729 1342 26.

126 1358 239 1393 Breve
255 1358 438 1394 Alexandri
455 1369 519 1394 vn·
535 1358 640 1391 Card.
657 1357 778 1392 Chisio
805 1368 907 1401 super
923 1358 1078 1393 fxcultate
1098 1360 1252 1405 signandi
1270 1374 1500 1406 quascnmoue
1522 1366 1637 1400 Com·

224 1407 398 1443 missiones
417 1407 446 1440 in
464 1407 638 1450 Signatura
657 1431 667 1447 ‚
695 1417 865 1441 cansarum
885 1408 1078 1450 praesertim
1098 1408 1129 1442 in
1150 1410 1296 1452 partibus
1314 1407 1481 1448 indiarum
1501 1438 1510 1448 .
1531 1425 1588 1458 27.

124 1457 236 1490 Breve
258 1455 422 1490 Clem.1x.
437 1455 600 1489 facultatis
615 1455 765 1490 Oratorii
783 1455 903 1499 privati
923 1456 1210 1492 DD-Votantibus
1227 1470 1403 1496 concessae
1418 1486 1426 1496 .
1457 1474 1513 1507 27.
1524 1465 1563 1498 ad
1580 1465 1640 1498 28.

126 1502 343 1538 Constitutio
372 1503 557 1538 innocentii
573 1504 677 1548 Papae
692 1516 755 1538 x11.
785 1515 888 1547 super
907 1503 1072 1539 electione
1090 1507 1289 1542 Votantiurn
1306 1533 1317 1548 ‚
1347 1520 1376 1548 ez
1398 1511 1530 1546 indulto
1553 1513 1643 1546 Roc.

222 1552 326 1586 chetti
344 1576 354 1591 ,
376 1560 409 1585 et
423 1553 557 1596 Cappae
587 1554 726 1596 Magnae
740 1575 748 1585 .
767 1563 822 1592 29.
842 1553 879 1584 ad
900 1561 954 1593 32.
1148 1578 1157 1587 ,

125 1600 321 1645 Assignatio
349 1607 524 1633 scutorum
546 1611 622 1634 100.
640 1600 792 1645 quolibet
820 1611 933 1633 mense
945 1599 1106 1646 Collegio
1125 1603 1410 1640 DD-Votantiurn
1426 1630 1435 1640 .
1454 1617 1510 1650 33.
1526 1610 1564 1643 ad
1583 1619 1640 1657 34·

126 1649 403 1694 Chirographum
421 1656 593 1681 scutorum
627 1657 681 1688 50.
713 1659 898 1682 annuorum
929 1658 990 1691 pro
1025 1649 1175 1693 quolibet
1205 1651 1352 1687 Votante
1379 1654 1455 1689 loco
1480 1657 1638 1692 immuni-

225 1698 297 1732 tatis
315 1696 517 1743 gabellarum
548 1720 556 1728 .
576 1707 631 1740 34.
659 1698 698 1729 ad
719 1705 773 1737 35.
928 1730 934 1735 ,

125 1746 225 1781 Ordo
261 1745 431 1780 pontificis
458 1744 647 1779 Innocentii
679 1756 742 1779 ΧΠ,
776 1756 838 1789 pro
867 1743 1066 1789 excipiendo
1096 1750 1126 1781 in
1157 1748 1393 1786 informatione
1421 1754 1636 1790 Advocatum

225 1794 311 1830 Fisci
339 1819 347 1827 .
367 1803 423 1838 35.

125 1844 175 1881 Ex
195 1844 436 1879 constitutione
464 1841 726 1876 Reformationis
752 1843 984 1880 Tribunaliutn
1014 1846 1133 1880 Almae
1161 1847 1260 1882 Urbis
1289 1858 1388 1894 caput
1406 1850 1446 1884 de
1464 1852 1639 1889 Signatum

225 1893 364 1927 Gratiae
381 1917 392 1931 ,
421 1901 452 1926 et
468 1891 625 1932 justitiae
640 1915 649 1924 .
668 1901 724 1935 35.
756 1893 795 1925 ad
817 1903 874 1936 37.
1501 1890 1520 1897 ⁹

128 1942 273 1977 Decreta
288 1941 437 1986 Collegii
454 1941 602 1980 ejusdem
623 1939 818 1985 Signaturae
846 1954 960 1977 annor.
983 1947 1086 1985 1659.
1114 1947 1168 1988 76.
1178 1954 1233 1987 79.
1253 1947 1308 1979 80.
1325 1957 1358 1981 et
1370 1959 1432 1989 90.
1452 1959 1506 1993 37.
1523 1952 1563 1984 ad
1582 1959 1639 1992 39.

127 1991 314 2026 Decretum
342 1988 534 2024 cardinalis
563 1988 616 2022 De
637 1990 725 2023 Luca
753 1990 827 2023 anni
854 1996 957 2037 1677.
985 2004 1047 2037 pro
1079 1994 1288 2029 confectione
1318 1996 1640 2032 Broliardicontra·

224 2040 389 2074 dictarum
407 2063 418 2078 ‚
438 2047 470 2073 et
486 2037 735 2081 conscriptione
751 2041 1028 2082 protestationum
1057 2041 1230 2082 niht‘lfieri
1255 2055 1435 2090 nuncupat.
1453 2071 1462 2080 .
1484 2060 1542 2094 40.

129 2085 309 2123 Resolutio
335 2089 533 2132 Signaturae
559 2088 676 2131 plenae
693 2110 702 2126 ,
729 2099 792 2132 qua
813 2091 1077 2133 praescribitur,
1103 2094 1194 2136 quod
1214 2093 1301 2127 Rota
1319 2095 1504 2139 procedere
1520 2098 1641 2131 debeat

226 2138 364 2172 omnino
392 2139 485 2176 iuxta
514 2135 785 2178 commissionem
814 2162 822 2170 .
843 2150 899 2183 40.
917 2141 954 2173 ad
972 2151 1032 2186 42·

130 2184 259 2221 Votum
281 2185 425 2220 veritatis
449 2183 599 2229 Collegii
635 2184 853 2220 patronorum
881 2189 912 2223 S.
930 2188 1046 2222 Palatii
1075 2201 1175 2234 super
1201 2191 1386 2227 variatione
1405 2194 1582 2229 creditoris
1610 2194 1641 2228 in

228 2235 452 2278 exequutione
488 2232 630 2267 mandati
664 2234 858 2277 exequutivi
875 2259 884 2268 .
903 2248 962 2280 42.

128 2281 280 2317 Facultas
311 2281 526 2316 transferendi
564 2280 741 2324 pensiones
762 2282 1033 2325 Ecclesiasticas‚
1052 2297 1207 2323 concessa
1227 2289 1428 2325 Votantibns
1447 2292 1642 2327 Sirrnaturae

227 2330 381 2373 justitiae
405 2353 415 2363 .
428 2341 488 2377 42.
513 2329 552 2362 ad
568 2341 628 2375 44.
1485 2320 1503 2337 ³

133 2379 293 2415 Extensio
309 2379 475 2415 facultatis
497 2378 714 2413 transferendi
730 2379 906 2424 pensiones
920 2404 930 2420 ,
945 2389 1124 2417 concessae
1141 2384 1341 2420 Votantibus
1362 2385 1463 2424 etiam
1497 2390 1643 2425 dimissis

232 2428 351 2463 officiis
368 2440 442 2473 pag.
457 2437 515 2475 45.
535 2428 574 2461 ad
591 2437 649 2474 47.

135 2476 385 2514 Notificazione
413 2476 498 2511 della
514 2476 697 2521 segnatura
724 2476 758 2512 di
774 2477 941 2514 Giustizia
970 2479 1059 2515 circa
1088 2481 1117 2516 la
1136 2482 1279 2518 maniera
1312 2486 1347 2519 di
1364 2486 1434 2523 fare
1459 2489 1481 2523 il
1503 2501 1646 2525 somma-

238 2526 287 2560 rio
318 2524 404 2560 nelle
419 2538 517 2560 cause
532 2549 541 2559 .
557 2535 619 2570 47.

136 2572 385 2612 Notificazione
405 2573 494 2609 circa
527 2576 556 2609 le
570 2575 726 2610 citazioni
743 2575 784 2610 da
797 2574 940 2622 leggersi
969 2578 1079 2614 avanti
1106 2579 1128 2614 il
1151 2581 1310 2618 Cardinal
1329 2580 1481 2622 prefecto
1496 2590 1574 2634 .48.

1125 2641 1142 2664 a
1167 2642 1185 2664 a
1584 2636 1658 2673 No·
