1952 3167
361 313 413 358 84
745 313 805 347 DE
833 313 944 355 JURE
972 312 1252 349 SIGNATURAE
1278 314 1489 355 JUST1T1AE

367 360 560 396 inhibebant
583 373 601 395 a
625 361 679 396 die
705 361 865 397 Mercurii
901 364 1114 396 hebdomada:
1144 363 1358 407 praecedentis
1389 364 1500 409 Sign'ta
1508 373 1622 403 uram;
1656 364 1842 409 propositio

364 421 447 444 vero
472 411 665 445 earumdem
702 411 991 446 Commissionum
1021 410 1192 445 intimetur
1218 411 1356 446 omnino
1385 411 1480 447 alteri
1518 413 1601 455 parti
1629 412 1682 446 die
1711 413 1843 449 Sabathi

365 458 559 494 immediate
589 460 739 502 sequenti
771 460 1061 494 transmissionem·
1084 460 1373 493 Commissionum
1401 471 1411 498 3
1449 472 1487 493 ne
1518 470 1627 494 autem
1658 462 1703 494 ob
1729 462 1845 497 antici-

364 517 476 553 patam
508 531 519 548 ,
545 515 576 542 et
604 507 780 553 aliquando
810 509 946 542 fortasse
981 509 1020 540 ab
1048 507 1303 541 occurrentibus
1336 506 1438 540 Feriis
1466 515 1498 541 et
1526 507 1751 544 vacationibus
1785 511 1844 545 im-

363 557 508 602 peditam
541 558 731 591 earumdem
759 556 1050 590 Commissionum
1083 555 1366 588 transmissionem
1395 579 1405 592 ‚
1449 564 1549 598 atque
1593 556 1843 595 intimationum

365 605 627 660 exequutionem
644 629 653 644 ‚
684 604 817 649 longius
834 616 930 648 quam
948 614 1007 647 par
1020 602 1087 641 sit,
1105 601 1278 647 Signatum
1310 603 1434 637 differri
1452 604 1598 643 debeat,
1612 605 1724 638 eadem
1741 606 1843 642 Com-

365 654 563 689 missionum
595 652 826 692 transmissio,
853 661 951 696 atque
981 650 1227 686 intimationum
1256 652 1438 697 exequutio
1470 664 1687 698 quocumque
1715 662 1845 700 tempo-

365 713 428 740 re,
467 711 500 736 et
529 713 747 747 quocumque
775 701 830 735 die
856 725 865 740 ,
898 701 1168 754 quibuscumque
1195 700 1284 735 feriis
1314 725 1323 741 ‚
1349 711 1380 735 et
1407 701 1635 736 vacationibus
1653 726 1663 741 ,
1693 714 1758 737 non
1787 707 1847 738 ob-

365 750 530 785 stantibus
556 750 703 795 (diebus
719 761 828 786 tamen
855 748 984 784 festivis
1016 748 1046 782 in
1069 749 1161 788 Dei,
1188 762 1223 783 ac
1248 750 1444 784 Sanctorum
1475 751 1636 785 honorem
1663 752 1842 798 exceptis)

361 798 498 840 valide,
526 798 665 833 etlicite
680 799 751 833 fieri
783 798 934 845 possint.
965 798 1004 831 Et
1030 798 1271 837 nibilominus,
1305 800 1344 832 ne
1383 799 1546 844 litigantes
1575 800 1757 838 maioribus
1788 813 1844 836 ex-

364 848 475 893 pensis
511 857 718 893 graventur,
753 847 943 886 Cursores‚
977 847 1222 881 etMandatarii
1250 859 1310 891 pro
1339 848 1398 882 hac
1427 847 1699 887 transmissione,
1732 860 1768 884 ac
1792 861 1842 884 re-

361 896 511 951 spective
540 896 793 945 exequutione,
824 895 867 929 nil
885 896 972 930 ultra
999 904 1109 937 petere
1134 895 1294 941 possint,
1327 908 1425 940 quam
1459 896 1484 930 si
1513 895 1630 930 diebus
1658 909 1722 931 non
1742 897 1843 933 feria-

360 945 426 981 tis,
454 944 618 987 nullisque
645 942 873 978 vacationibus
901 943 1070 987 impeditis
1096 945 1188 979 sacta:
1204 945 1352 979 fuerint.

411 992 473 1025 IV.
527 990 683 1036 Qilibet.
727 992 984 1026 Referendarius
1028 993 1293 1027 Commissiones
1333 994 1361 1028 in
1403 994 1579 1040 Signatum
1609 994 1842 1040 propositurus

360 1041 624 1086 obtemperando
653 1039 802 1081 Edictis,
831 1040 1063 1076 aliasaCard.
1074 1041 1356 1096 ,Aldobrandinm
1389 1052 1468 1078 tunc
1485 1044 1669 1088 Signaturae
1699 1044 1844 1084 justitia:

359 1090 526 1125 Praefecto
543 1088 789 1134 promulgatis,
816 1097 972 1124 teneatur
988 1089 1128 1124 omnino
1157 1091 1275 1125 abhinc
1304 1090 1335 1125 in
1360 1102 1531 1136 posterum
1563 1091 1605 1126 ita
1621 1092 1845 1127 Commissio-

362 1151 444 1174 num
473 1150 764 1184 quarumcumque
792 1138 1056 1184 propositionem
1096 1151 1194 1174 manu
1231 1139 1365 1185 propria
1406 1140 1616 1176 subscribere
1644 1165 1654 1180 ,
1683 1151 1720 1175 ut
1752 1141 1846 1175 inno-

357 1196 493 1228 rescat,
528 1199 627 1233 quam
662 1200 793 1224 causam
829 1188 938 1233 primo
966 1211 976 1227 ,
1005 1199 1148 1233 quamve
1176 1190 1350 1229 secundo,
1383 1189 1509 1229 tertio,
1537 1189 1590 1223 vel
1619 1199 1739 1234 quarto
1766 1190 1842 1224 loco

360 1237 405 1271 sit
425 1237 686 1282 propositurus,
718 1248 779 1282 per
807 1238 873 1271 haec
894 1237 1050 1271 verba—⁸
1015 1257 1050 1266 -
1078 1241 1259 1283 Proponam
1282 1245 1343 1284 pro
1357 1238 1465 1285 prima
1482 1262 1492 1277 ,
1516 1245 1698 1284 proponam
1721 1246 1782 1284 pro
1798 1250 1844 1272 se-

357 1287 465 1320 cunda
490 1289 563 1322 &c
579 1296 611 1320 et
625 1285 855 1321 Procurator
848 1297 878 1319 in
908 1287 1011 1319 dorso
1028 1308 1039 1323 ,
1065 1294 1102 1319 ut
1119 1286 1267 1325 dicitur,
1295 1286 1576 1320 Informationis
1570 1298 1599 1319 in
1619 1287 1752 1330 scriptis
1767 1287 1846 1320 sub-

361 1335 581 1380 scriptionem
617 1336 780 1380 cujusque
811 1332 1040 1369 Referendarii
1069 1345 1145 1368 cum
1175 1335 1330 1378 praedicta
1354 1334 1567 1369 distinctione
1590 1343 1702 1368 notare
1736 1344 1844 1369 tenea·

359 1391 443 1424 tur,
491 1383 568 1418 alias
610 1384 696 1418 idem
727 1383 932 1418 Procurator
963 1406 973 1422 ,
1005 1382 1061 1426 qui
1102 1383 1326 1427 supradictam
1358 1382 1589 1418 Referendarii
1628 1383 1843 1427 subscriptio-

356 1443 433 1466 nem
461 1433 586 1476 absque
616 1434 730 1466 eadem
759 1431 971 1466 distinctione
1003 1431 1259 1476 impetraverit,
1296 1433 1368 1467 sive
1395 1443 1467 1466 eam
1495 1432 1525 1466 in
1554 1432 1654 1465 dorso
1685 1431 1842 1465 informa-

359 1479 457 1514 tionis
472 1502 482 1517 ,
512 1480 558 1514 sic
576 1488 614 1514 ut
641 1491 741 1524 supra
759 1479 946 1514 distinctam
962 1503 972 1516 ,
1000 1490 1064 1513 non
1087 1481 1276 1520 notaverit,
1301 1482 1341 1515 ab
1356 1481 1470 1515 eadem
1504 1480 1676 1524 Signatura
1706 1480 1745 1513 ad
1762 1492 1841 1514 con-

358 1537 489 1563 suetam
518 1539 682 1573 poenam
693 1535 866 1563 scutorum
911 1535 1057 1572 quatuor
1097 1528 1362 1574 Congregationi
1399 1529 1432 1562 S.
1457 1528 1571 1563 lvonis
1610 1527 1838 1572 applicandam

354 1577 482 1620 absque
512 1576 580 1610 ulla
598 1587 715 1614 mora,
756 1575 911 1620 nullaque
925 1574 1068 1611 admissa
1096 1579 1308 1612 excusatione
1337 1579 1608 1612 condemnetur.

404 1624 448 1658 V.
502 1624 704 1659 Transmissa
730 1635 789 1669 per
810 1618 1022 1660 totaaniem
1053 1625 1193 1659 Veneris
1221 1635 1373 1668 utsupra
1390 1623 1666 1663 Commissione‚
1696 1625 1840 1670 quilibet

353 1674 589 1713 Procurator,
616 1672 672 1718 qui
700 1672 991 1707 commissionem
1009 1672 1244 1712 transmiserit,
1275 1681 1425 1708 teneatur
1450 1685 1509 1718 per
1524 1682 1625 1707 totam
1644 1672 1734 1707 diem
1751 1675 1842 1708 Mer-

356 1722 441 1759 curii
470 1721 661 1757 immediate
687 1723 942 1768 subsequentem
978 1722 1108 1756 deferre
1135 1723 1174 1756 ad
1192 1721 1378 1757 Dominum
1396 1721 1658 1757 Eminentissimi
1687 1722 1840 1757 Praefecti

354 1771 561 1807 Auditorem
590 1771 708 1806 folium
740 1770 903 1816 origin-ale
932 1769 1166 1816 propositionis
1217 1783 1313 1806 manu
1342 1770 1478 1816 propria
1499 1795 1509 1811 ,
1553 1779 1587 1805 et
1613 1782 1690 1805 cum
1722 1770 1841 1816 praedi-

353 1829 408 1856 cta
441 1820 654 1856 distinctione
681 1833 699 1854 a
731 1820 967 1855 Referendario
999 1818 1155 1865 quolibet
1181 1819 1378 1864 subscriptae
1403 1844 1412 1859 ,
1450 1820 1481 1853 in
1512 1831 1579 1865 quo
1609 1825 1840 1854 erunt'notata

354 1869 473 1905 titulus
502 1869 784 1909 Commissionis,
814 1879 946 1903 nomem
973 1867 1202 1903 Referendarii
1228 1880 1246 1903 a
1288 1880 1355 1916 quo
1383 1877 1618 1914 proponetur,
1655 1877 1690 1902 et
1718 1868 1748 1902 in
1777 1867 1842 1903 cal-

353 1931 392 1954 ce
421 1921 570 1960 ejusdem
602 1918 676 1953 folii
716 1930 836 1953 nomen
882 1917 1114 1952 procuratoris
1142 1917 1281 1962 proprio
1322 1917 1471 1957 ejusdem
1499 1919 1694 1953 charactere
1724 1917 1840 1952 inscri-

340 1976 473 2013 ptum,
505 1968 583 2004 alias
611 1967 777 2007 ejusmodi
809 1965 894 2001 folio
909 1966 1045 2001 minime
1072 1965 1182 2001 delato
1211 1966 1440 2007 Procurator,
1467 1967 1523 2012 qui
1551 1965 1583 2000 in
1612 1967 1675 2003 hoc
1704 1966 1836 2002 defece·

351 2017 418 2058 rit,
446 2018 611 2063 plectatur
624 2018 737 2054 eadem
767 2017 864 2062 poena
892 2025 1065 2052 scutorum
1087 2023 1255 2062 quatuor,
1284 2016 1392 2052 eidem
1411 2014 1696 2062 Congregationi-
1708 2015 1740 2048 S.
1758 2013 1837 2046 Ivo-

351 2066 400 2101 nis
429 2066 647 2112 applicanda

400 2116 463 2154 VI,
517 2115 803 2151 Informationes
795 2130 826 2151 in
842 2117 980 2162 scriptis
1010 2117 1256 2152 distribuantur
1280 2116 1419 2151 omnino
1449 2115 1513 2148 sub
1531 2113 1637 2158 poenis
1654 2135 1664 2150 ‚
1697 2108 1832 2144 arbitrio

351 2162 545 2197 Tribunalis
558 2165 735 2198 reservatis
753 2187 763 2203 ,
794 2174 860 2198 tam
881 2165 1036 2198 omnibus
1062 2166 1146 2197 DD.
1165 2163 1394 2198 vorantibus,
1423 2173 1521 2205 quam
1548 2161 1649 2195 etiam
1666 2158 1750 2193 DD.
1770 2158 1835 2193 Re-

348 2209 547 2244 ferendariis
568 2234 578 2249 ,
611 2211 877 2244 Commissiones
898 2209 1123 2253 proposituris
1142 2232 1152 2248 ,
1183 2209 1280 2251 sicuti
1309 2209 1354 2243 D.
1372 2209 1533 2243 Auditori
1571 2204 1833 2242 Eminentissimi

350 2257 541 2292 Cardinalis
555 2257 718 2292 Praefecti
727 2268 789 2302 pet·
807 2266 911 2292 totam
927 2258 1015 2292 diem
1032 2257 1170 2291 Veneris
1180 2269 1336 2302 proxune
1351 2256 1578 2291 antecedentis
1596 2257 1806 2302 Signaturam
1821 2278 1832 2294 ,

349 2305 420 2341 sive
447 2305 756 2351 Congregationem
776 2330 785 2340 .
1102 2326 1107 2331 -

397 2355 476 2388 Vll.
529 2355 698 2389 Dominus
727 2355 880 2388 Auditor
907 2353 1168 2389 Eminentissimi
1198 2354 1351 2391 Praefecti
1367 2363 1442 2399 post
1457 2354 1574 2389 factam
1603 2353 1770 2394 ejusmodi
1787 2351 1833 2386 di-

347 2403 581 2438 stributionem
616 2403 882 2438 Commissiones
897 2403 1089 2446 separabit,
1120 2405 1318 2438 excedentes
1335 2414 1510 2438 numerum
1529 2401 1830 2449 quadragenarium

347 2464 467 2497 easque
484 2452 514 2487 in
536 2451 619 2487 folio
635 2454 806 2487 adnotatas
824 2465 901 2487 cum
920 2454 1138 2497 expressione
1157 2452 1248 2487 tituli
1266 2451 1540 2490 Commissionis‚
1556 2462 1588 2485 et
1604 2451 1747 2485 nominis
1769 2449 1832 2482 Re-

345 2500 526 2535 ferendarii
548 2526 558 2542 ,
597 2502 636 2536 ad
651 2503 748 2540 cuius
766 2502 963 2536 relationem
988 2502 1209 2544 proponenda
1230 2501 1324 2540 erit,
1351 2497 1829 2551 transmittetimmediateuad

347 2548 434 2585 DD.
453 2549 612 2586 Votantes
627 2574 639 2592 ‚
670 2558 707 2585 ac
727 2551 828 2587 etiam
857 2552 896 2585 ad
913 2548 1274 2586 DD.Referendarios
1292 2551 1538 2596 cujuscumque
1558 2547 1830 2629 commissionisci

1790 2606 1807 2628 a
