1993 3195
633 337 671 377 C
704 335 744 377 A
778 339 806 377 Ρ
838 337 877 376 U
905 335 944 377 T
1007 338 1100 381 111³
1517 360 1534 386 1

150 400 245 442 Pars
265 410 348 438 non
366 392 538 451 excipiat
554 424 567 443 ‚
586 392 828 437 Commissio
842 395 943 449 vires
959 410 1051 437 suas
1070 396 1249 445 habebit;
1267 398 1521 456 proindeque
1543 357 1605 447 roes.

149 470 311 510 ceptum
344 456 386 497 in
423 453 556 494 Curia
575 468 659 501 est,
689 469 780 497 teste
814 455 1028 495 Bellamera
1045 455 1148 511 (1),
1176 456 1497 501 Commissiones
1532 462 1607 505 im-

149 515 299 573 perrari
320 529 430 572 posse
458 529 491 566 a·
507 529 589 555 non
613 515 787 556 habente
813 513 1053 556 mandatum
1071 545 1081 554 .
1113 515 1283 556 Nullum
1315 517 1606 578 enimpraeju-

147 574 302 616 dicium
344 575 384 615 in
419 571 657 624 hujusmodi
689 574 920 615 earumdem
951 573 1206 630 expeditione
1239 575 1607 632 animadvertitur,

148 649 243 676 nam
272 646 342 675 aut
371 633 414 674 lis
433 634 563 689 agitur
594 633 636 673 in
657 633 787 676 Curia
805 663 818 682 ,
852 645 889 674 et
909 630 1247 675 commissionem
1278 634 1495 692 impetrans
1524 639 1605 695 agit

147 694 302 747 absque
338 694 532 734 mandato
563 692 872 750 procuratorio,
903 705 940 734 et
958 696 1008 735 ab
1027 692 1271 736 Adversario
1292 723 1305 740 ,
1334 708 1379 737 ut
1399 710 1521 753 supra
1546 697 1602 738 di„

146 751 299 796 ximus,
321 750 555 804 hujusmodi
574 753 753 808 exceptio
782 766 1062 808 proponatur,
1098 752 1341 795 Commissio
1376 755 1483 796 nulla
1516 757 1608 808 erit,

147 827 186 856 et
207 812 311 855 nulla
331 813 479 870 integra
502 825 587 853 acta
605 809 807 863 judicialia
827 842 840 857 ‚
869 812 1004 867 vigore
1024 811 1127 852 illius
1141 811 1244 853 facta
1264 828 1276 862 ;
1303 813 1364 856 vel
1381 828 1490 856 extra
1508 815 1605 858 Cu·-

147 872 246 916 riam
276 873 556 914 transmittitur
580 870 793 926 principali
831 885 926 911 cum
945 870 1060 912 ssrevi
1079 872 1268 926 expedito
1288 903 1300 921 ,
1315 887 1352 915 et
1369 885 1468 916 tunc
1490 874 1606 917 Prin-

147 932 285 990 cipalis
315 932 353 971 in
374 930 560 972 facultate
581 931 654 972 erit
675 930 738 971 illo
761 931 933 977 utendi,
953 930 1014 973 vel
1031 945 1114 971 non
1134 962 1148 979 ,
1181 932 1284 974 itaut
1302 932 1432 974 eidem
1451 948 1607 976 renun-

150 991 254 1033 ciare
293 991 409 1031 libere
445 991 598 1045 possit..

270 1050 367 1089 illud
402 1050 467 1090 hic
502 1047 736 1089 addendum
752 1061 834 1095 est,
868 1049 984 1103 quod
1012 1049 1054 1091 in
1074 1048 1474 1098 commissionibus,
1515 1065 1608 1094 con-

147 1109 392 1155 troversiae„
422 1122 459 1149 et
493 1107 661 1148 actionis
694 1122 798 1149 statu
823 1123 1037 1165 expresso,
1073 1109 1216 1165 passim
1253 1110 1471 1166 adjicitur,
1506 1111 1607 1154 dum

145 1168 294 1221 petitur
311 1194 322 1210 ‚
368 1165 549 1205 Causam
568 1168 758 1206 committi
777 1197 789 1213 ‚
826 1168 1004 1208 clausula
1041 1168 1100 1207 illa
1120 1198 1131 1214 ‚
1164 1170 1308 1221 Quam,
1347 1180 1384 1210 et
1399 1169 1509 1221 Quas
1526 1184 1606 1211 unct

144 1237 232 1265 cum
278 1233 357 1265 toto
387 1223 539 1280 negotio
563 1223 770 1278 principali
789 1239 800 1271 3
841 1225 951 1272 vim,
983 1239 1021 1266 et
1077 1223 1263 1267 effectum
1305 1225 1428 1281 hujus
1474 1227 1606 1268 Clau-

144 1282 254 1323 sulae
292 1296 472 1324 ‘recenset
523 1282 757 1324 Manclosius
789 1282 927 1339 (2);
957 1298 1001 1324 ea
1039 1299 1216 1337 namque
1254 1285 1608 1342 praegnantissima

147 1353 201 1382 est
233 1372 245 1390 ‚
271 1355 308 1382 et
352 1341 391 1382 id
427 1341 637 1396 praecipue
685 1341 834 1389 efficit,
888 1356 931 1383 ut
959 1342 990 1384 si
1024 1345 1115 1398 quis
1148 1344 1195 1384 de
1236 1346 1373 1399 alEquo
1408 1345 1609 1401 gravami-

147 1413 196 1441 ne
217 1428 229 1445 ‚
267 1400 318 1440 ab
343 1400 519 1440 inferiori
557 1399 700 1451 Judice
733 1400 807 1442 sibi
850 1401 957 1442 illato
979 1431 992 1448 ‚
1028 1417 1332 1455 conqueratur,
1360 1416 1398 1445 et
1434 1404 1610 1460 cognitio

147 1459 420 1507 demandata,
452 1473 498 1500 ac
528 1472 735 1498 commissa
770 1459 895 1500 fuerit
929 1460 1037 1500 alteri
1056 1462 1191 1507 Judici
1222 1476 1267 1501 ea
1305 1459 1462 1512 adjecta
1484 1462 1611 1505 Clau-

148 1518 264 1568 sula;
290 1518 446 1560 etiamsi
479 1518 526 1559 de
543 1517 776 1573 gravamine
802 1532 886 1558 non
904 1517 1102 1573 liqueret,
1133 1519 1235 1561 itaut
1263 1520 1394 1567 ,ludex
1427 1535 1613 1578 pronun-

152 1577 270 1619 tiaret
307 1578 402 1619 male
421 1577 690 1635 appellatum,
723 1589 761 1618 et
798 1577 1143 1634 benejudicatum
1175 1579 1326 1629 fuisse,
1358 1594 1431 1638 pro
1461 1581 1608 1623 defini-

147 1635 257 1679 tione
291 1637 436 1695 negotii
469 1636 699 1696 principalis
731 1636 840 1679 adire
862 1637 1041 1694 profecto
1073 1653 1156 1688 non
1176 1638 1318 1682 debeat
1345 1638 1520 1694 priorem
1539 1641 1612 1693 Ju-

146 1695 275 1738 dicem
296 1726 308 1742 ,
340 1697 408 1739 sed
442 1697 578 1739 adhuc
612 1710 790 1738 remanet
818 1711 939 1754 penes
964 1697 1150 1750 Judicem
1170 1726 1183 1745 ,
1216 1698 1284 1739 cui
1323 1695 1609 1752 hujuscemodi

147 1754 392 1798 Commissio
419 1757 567 1799 directa
602 1769 691 1806 est;
727 1770 850 1813 prout
884 1756 1167 1800 animadvertit
1188 1755 1364 1801 Vestrius
1395 1755 1493 1811 (3).

269 1814 414 1856 Evenit
431 1814 677 1868 aliquando,
712 1828 759 1856 ut
774 1817 829 1858 ob
847 1816 925 1857 loci
944 1816 1175 1858 distantiam
1192 1844 1206 1863 ,
1239 1816 1295 1858 ait
1313 1816 1419 1856 idem
1445 1815 1616 1860 Vestrt'us

149 1871 191 1914 in
227 1873 372 1929 praxi,
397 1871 582 1912 omniurn
625 1872 883 1914 citandorum
912 1875 1108 1923 nomina,
1144 1888 1183 1916 et
1217 1873 1462 1930 cognomina
1494 1874 1616 1932 igno-

147 1946 288 1975 rentur
303 1962 315 1980 ,
346 1945 384 1972 et
401 1932 659 1977 Procurator,
674 1929 716 1970 in
738 1928 867 1972 Curia
887 1929 1072 1982 existens,
1091 1944 1185 1973 nota
1207 1932 1312 1975 dicta
1333 1933 1503 1975 nomina
1533 1949 1619 1977 non

148 1990 299 2033 habeat
315 2019 328 2037 ,
360 1989 464 2030 itaut
491 1989 532 2029 in
567 1989 774 2030 Citatione
806 1991 1024 2047 exprimere
1044 2006 1089 2032 ea
1112 2005 1194 2032 non
1216 1991 1367 2048 possit,
1400 1994 1536 2046 praxis
1555 1993 1620 2034 id-

149 2049 257 2092 circo
275 2047 471 2096 inolevit,
505 2062 551 2089 ut
570 2047 795 2090 Clausulae
819 2066 931 2093 :cum
944 2048 1136 2104 fizcultate
1151 2050 1303 2092 citandi
1323 2051 1379 2093 N.
1404 2049 1461 2092 N.
1500 2052 1620 2093 adde-

150 2122 261 2155 retur
274 2139 292 2158 ³
306 2121 511 2162 omnesque
528 2108 630 2148 alios
647 2107 688 2147 iu
705 2110 971 2163 exequutione,
985 2108 1243 2164 praesentium
1262 2109 1397 2169 vigore
1413 2112 1621 2152 decernen-

147 2169 218 2215 da,
233 2167 489 2211 nominandos
508 2196 522 2216 ,
547 2177 585 2208 et
616 2166 972 2223 cognominandus.
1009 2169 1130 2209 Secus
1155 2169 1298 2219 enim,
1319 2185 1450 2226 quum
1482 2170 1619 2227 vigore

155 2227 463 2270 commissionis
488 2256 502 2275 ,
531 2230 685 2278 absque
715 2224 819 2266 dicta
836 2225 1032 2267 Clausula
1051 2226 1260 2283 expeditae
1276 2258 1289 2276 ,
1318 2243 1430 2285 agere
1446 2230 1538 2285 quis
1555 2229 1619 2270 de·

157 2286 295 2334 beret,
328 2300 488 2330 tantum
513 2284 555 2326 in
590 2285 649 2325 illa
670 2284 893 2334 nominati,
919 2299 956 2327 et
990 2299 1074 2327 non
1111 2285 1175 2327 alii
1213 2286 1363 2329 citandi
1387 2302 1537 2337 essent,
1568 2301 1618 2330 ex

158 2359 207 2388 eo
237 2347 332 2403 quia
350 2343 599 2389 Commissio
632 2358 717 2386 non
752 2344 984 2388 extenditur
1018 2345 1071 2387 ad
1094 2359 1313 2402 ‘personam
1356 2361 1440 2388 non
1468 2359 1622 2402 expres-

1115 2403 1146 2442 B
1177 2407 1202 2446 b
1235 2419 1260 2446 2
1523 2418 1626 2455 sam,

164 2485 1624 2500 —mss—————

208 2546 261 2585 (1)
288 2548 390 2579 Dec-is·
404 2556 478 2588 340.
820 2547 872 2586 (3⁸
897 2547 932 2576 In
953 2543 1148 2587 &ancilib-3·
1165 2552 1268 2590 cap-9.
1286 2554 1354 2587 n.3.

208 2589 261 2631 (2)
284 2594 320 2625 In
333 2594 551 2627 commissione
564 2594 679 2628 Causae
701 2598 792 2634 super
806 2587 957 2629 Beneficio
977 2612 986 2621 .
1193 2624 1196 2627 v
