1952 3167
378 305 447 343 ¹32
745 296 808 332 DE
833 297 945 339 JURE
972 295 1257 333 slGNATURAE
1283 297 1497 339 JUSTlTlAE

378 369 404 388 „
429 353 535 386 nuto,
563 343 627 380 alla
645 344 866 382 restituzione
884 349 916 382 di
948 355 1037 382 tutto
1064 345 1085 380 il
1113 355 1287 392 peremto,
1311 349 1350 382 ed
1371 347 1400 382 al
1429 354 1627 392 pagamento
1652 345 1740 381 della
1759 347 1852 383 detta

374 418 401 436 0,
428 395 518 430 Pena
544 394 577 429 di
606 395 702 431 scudi
732 396 911 442 cinquanta
937 408 996 441 per
1011 395 1103 430 volta
1123 396 1152 430 in
1169 395 1331 431 benefizio
1359 395 1446 430 della
1465 395 1671 434 Comunita3
1701 396 1756 429 Ma
1785 408 1851 431 non

375 465 401 485 „
430 444 520 483 mai,
551 444 613 478 che
628 456 725 490 possa
756 457 950 485 assumere,
980 455 1110 489 neppur
1127 447 1158 478 di
1182 456 1344 478 consenso
1368 445 1457 477 delle
1480 444 1595 482 Parti,
1624 442 1663 476 ne
1684 443 1715 477 in
1731 445 1853 488 prima,

374 516 403 534 ‚,
430 505 471 527 ne
488 491 519 526 in
540 491 622 527 altra
654 495 816 530 ulteriore
847 495 995 532 istanza,
1022 492 1050 525 la
1079 491 1277 535 cognizione
1304 492 1337 524 di
1368 490 1485 524 alcuna
1515 490 1628 524 Causa
1652 492 1851 534 particolare

375 565 402 583 0,
429 540 464 576 di
482 542 602 576 Danno
630 543 732 583 dato,
760 542 922 577 ancorche
950 547 1068 584 questa
1084 540 1108 572 si
1132 539 1272 584 agitasse
1302 538 1333 572 in
1358 550 1458 572 nome
1485 537 1571 573 della
1592 539 1804 581 Comunita‚
1829 555 1851 578 0

374 613 400 631 2,
430 602 491 625 suo
508 591 726 630 Affittuario,
756 603 774 624 e
790 588 895 623 molto
912 599 1016 622 meno
1043 587 1262 632 interloquire
1290 598 1388 632 sopra
1417 587 1446 622 la
1472 588 1664 633 pertinenza
1683 587 1741 632 piu
1764 596 1854 626 tosto

372 662 401 680 ,‚
427 639 468 673 ad
484 651 550 674 uno
563 663 574 679 ,
601 642 662 674 che
678 641 719 673 ad
737 637 790 672 un'
807 637 892 672 altro
906 636 1052 671 Giudice
1072 661 1083 672 .
1108 635 1335 671 Dichiarando
1350 636 1420 671 Noi
1439 636 1532 671 nullo
1548 660 1560 676 ‚
1591 638 1631 671 ed
1652 635 1748 670 irrito
1765 645 1854 673 tutto

372 711 400 728 „
428 687 486 722 εἰὸ
500 712 510 728 ,
540 690 603 722 che
631 688 656 722 si
675 687 796 721 facesse
820 685 899 721 dall'
916 697 978 720 una
995 708 1005 724 ,
1032 684 1140 718 edall'
1157 684 1240 719 altra
1262 686 1545 732 Congregazione
1566 694 1686 721 contro
1701 684 1730 720 la
1745 685 1855 722 forma

371 759 398 778 ‚,
425 734 514 770 della
543 745 698 781 presente
723 736 851 770 Nostra
882 732 1145 780 Disposizione‚
1177 744 1237 779 per
1263 745 1370 770 essere
1391 734 1463 771 cosi
1491 735 1629 775 Mente,
1659 747 1678 770 e
1704 735 1855 772 Volonta

371 807 395 826 2,
421 785 548 820 Nostra
577 796 724 830 espressa
740 809 750 819 .

470 857 496 875 ,‚
523 833 716 869 Volendoe
743 834 946 869 decretando
969 840 1035 869 etc.

471 906 496 922 „
523 883 605 916 Non
637 891 768 917 ostante
801 893 867 916 etc.

445 931 571 964 Datum
602 930 718 965 Romae
744 932 831 975 apud
865 931 1018 966 Sanctam
1035 929 1176 965 Mariam
1198 930 1365 970 Maiorem
1392 932 1492 966 Anno
1519 931 1762 966 Incarnationis
1779 931 1852 966 Do·

375 978 510 1014 minicae
529 978 718 1015 MDCCL.
743 989 868 1014 octavo
895 979 974 1014 Kal.
993 978 1192 1019 Februarii,
1220 979 1438 1016 pontificatus
1454 980 1556 1015 nostri
1573 982 1672 1016 Anno
1685 981 1747 1016 XI.

936 1080 1270 1128 N.XXXV111.
1298 1050 1330 1089 ³

503 1177 780 1227 constitutio
801 1179 845 1224 in
860 1176 1000 1226 forma
1017 1181 1168 1227 Brevis
1189 1175 1419 1228 Benedicti
1441 1180 1566 1227 XIV.
1582 1195 1708 1251 supet

693 1247 848 1301 officio
885 1251 1145 1302 Consulatus
1176 1254 1376 1301 Civitatis
1403 1252 1545 1300 AEsii.

909 1376 1192 1418 BENEmcws
1224 1377 1314 1410 XIV.
1814 1378 1833 1396 s

810 1426 872 1459 «Ad
893 1432 1087 1472 perpetuam
1117 1424 1369 1460 reimemoriam
1393 1446 1404 1457 .

396 1517 398 1519 ’
424 1515 512 1553 Nter
542 1517 749 1562 multiplices·
778 1519 992 1555 Sacrosancti
1021 1520 1247 1566 Apostolatus
1286 1519 1404 1556 Officii
1432 1520 1558 1558 nostri,
1588 1521 1850 1567 quibusiugiter

435 1568 628 1610 premimur
640 1578 735 1601 curas
752 1590 763 1605 ,
792 1568 823 1600 in
842 1568 929 1602 illam
947 1569 1109 1613 peculiari
1126 1571 1240 1606 studio
1256 1569 1496 1605 incumbimus,
1513 1577 1550 1601 ut
1565 1576 1758 1603 nostrorum
1775 1593 1786 1610 ‚
1816 1578 1851 1605 et

361 1615 397 1649 S.
417 1614 513 1650 Sedis
546 1615 769 1650 subditorum
801 1617 875 1654 iura
891 1617 1020 1662 ubique
1044 1630 1152 1653 sarcta
1168 1642 1178 1658 ,
1197 1628 1230 1651 et
1244 1626 1332 1651 tecta
1347 1639 1357 1655 ,
1387 1628 1423 1650 ac
1440 1615 1568 1650 illibata
1581 1616 1693 1655 tueri,
1723 1626 1759 1652 et
1771 1629 1851 1653 con-

359 1674 502 1700 servare
530 1675 590 1710 per
611 1663 766 1699 traditam
787 1666 883 1700 nobis
913 1665 1075 1700 divinitus
1105 1674 1305 1711 potestatem
1340 1674 1555 1711 satagamus,
1583 1665 1675 1700 sicut
1691 1666 1851 1702 omnibus

359 1713 520 1753 mature,
552 1725 589 1748 ac
604 1713 717 1748 debite
734 1715 891 1758 pensatis,
918 1715 1076 1756 iustitiae,
1105 1728 1141 1750 ac
1156 1715 1274 1750 rationi
1302 1724 1562 1749 consentaneum
1582 1726 1652 1749 esse
1680 1715 1711 1748 in
1729 1716 1852 1750 Domi-

361 1772 409 1796 no
425 1762 628 1797 arbitramur
641 1786 651 1796 .
687 1762 777 1797 Cum
799 1763 913 1810 itaque
939 1765 1026 1799 sicut
1042 1764 1233 1811 accepimus
1263 1776 1305 1799 ex
1319 1763 1446 1798 Officio
1461 1763 1671 1799 Consulatus
1688 1763 1850 1801 Civitatis

358 1820 482 1847 nostrae
496 1811 617 1846 AEsinae
633 1813 673 1846 ab
697 1813 960 1848 immemorabili
988 1823 1141 1860 tempore
1169 1813 1200 1848 in
1216 1826 1253 1848 ea
1267 1821 1381 1849 erecto
1400 1812 1513 1847 dilecti
1541 1813 1617 1848 Filii
1649 1814 1851 1849 Communi-

360 1868 410 1894 tas
424 1884 435 1899 ,
467 1860 712 1897 Universitates
729 1885 739 1901 ,
766 1872 798 1897 et
815 1863 981 1898 Homines
997 1888 1008 1904 ,
1028 1864 1221 1909 lncolaeque
1235 1862 1396 1898 Civitatis
1413 1862 1555 1907 praefata:
1569 1886 1580 1902 ,
1596 1874 1634 1897 ac
1651 1863 1848 1904 Terrarum,

356 1909 655 1956 oppidorumque
681 1911 783 1946 totius
812 1913 1010 1948 Comitatus
1041 1913 1147 1949 AEsini
1179 1924 1337 1958 magnum
1366 1912 1586 1947 commodum
1606 1936 1618 1953 ,
1645 1912 1848 1948 utilitatem-

357 1969 424 2002 que
446 1959 634 2006 percipiant
649 1969 789 2006 propter
809 1961 1000 1997 facultatem
1020 1964 1058 1998 ad
1074 1962 1269 2002 hujusmodi
1286 1961 1436 1997 officium
1464 1970 1673 2006 spectantem
1687 1961 1847 1997 nimirum

356 2008 538 2044 summarie
565 2011 793 2055 cognoscendi
824 2012 952 2047 Causas
980 2010 1114 2047 Civiles
1143 2023 1252 2057 usque
1280 2014 1319 2046 ad
1340 2022 1506 2047 summam
1539 2010 1663 2057 viginti
1696 2011 1844 2061 quinque

353 2055 564 2093 florenorum
584 2069 728 2094 monetae
758 2059 890 2096 illarum
922 2060 1069 2107 partium
1085 2085 1097 2102 ,
1135 2072 1209 2107 quae
1225 2063 1363 2107 quidem
1379 2061 1520 2096 facultas
1536 2084 1546 2100 ,
1566 2059 1644 2094 alias
1658 2068 1777 2100 nempe
1789 2055 1844 2110 die

353 2114 412 2147 27.
429 2106 523 2146 Junii
543 2117 651 2152 1523.
665 2110 683 2143 a
701 2109 758 2144 b0.
774 2121 875 2145 mem.
893 2111 1087 2145 Alexandro
1115 2111 1195 2145 dum
1231 2109 1317 2146 vixit
1343 2111 1376 2143 S.
1395 2111 1439 2142 R.
1459 2110 1498 2141 E.
1515 2105 1688 2140 Cardinali
1704 2106 1844 2140 Cesari-

355 2151 391 2185 ni
424 2165 619 2198 nuncupato
645 2165 721 2192 tunc
753 2159 915 2202 temporis
948 2160 1100 2196 eiusdem
1133 2158 1296 2191 Civitatis
1325 2164 1465 2189 munere
1491 2153 1740 2188 Gubernatoris
1768 2153 1843 2187 fun-

351 2208 455 2244 gente
485 2203 524 2235 ad
547 2214 713 2237 summam
745 2203 986 2250 quinquaginta
1013 2203 1237 2237 Florenorum
1268 2204 1399 2247 parium
1416 2226 1426 2242 ,
1451 2202 1508 2246 qui
1525 2213 1691 2237 summam
1720 2200 1844 2247 viginti

352 2247 504 2294 quinque
537 2260 713 2286 scutorum
750 2260 890 2286 monetae
919 2261 1065 2284 romana:
1090 2251 1301 2284 constituunt
1320 2259 1454 2285 extensa
1482 2274 1493 2289 ‚
1535 2259 1568 2285 et
1588 2250 1745 2294 ampliata
1774 2249 1842 2285 fuit

353 2297 417 2331 sub
434 2297 558 2333 eisdem
589 2297 735 2343 Legibus
757 2323 767 2338 ,
798 2310 872 2343 quae
901 2299 1070 2332 habentur
1100 2297 1133 2332 in
1159 2297 1328 2343 Capitulis
1356 2298 1508 2338 eiusdem
1539 2299 1654 2334 Officii
1686 2310 1756 2333 tum
1775 2297 1842 2343 pri-

353 2346 418 2380 scis
445 2355 518 2381 tum
539 2347 717 2386 modernis,
745 2347 856 2382 Nobis
879 2371 890 2387 ‚
915 2359 980 2381 una
995 2358 1074 2382 cum
1092 2346 1298 2383 resolutione
1318 2347 1480 2383 ’adilectis
1508 2348 1622 2382 itidem
1637 2347 1731 2382 Filiis
1747 2347 1842 2382 Con-

352 2394 432 2429 silio
475 2395 634 2432 Generali
668 2396 768 2431 dictae
801 2395 1002 2431 Civivitatis
1032 2395 1087 2431 die
1104 2396 1286 2439 15.Martii
1319 2406 1422 2443 1752.
1459 2395 1628 2432 celebrato
1656 2395 1839 2432 exhibitis·

351 2443 443 2478 Hinc
464 2453 515 2480 est
533 2467 545 2484 ,
572 2446 663 2491 quod
678 2457 736 2480 nos
753 2445 812 2491 qui
829 2445 910 2480 nihil
926 2456 1082 2481 curamus
1112 2445 1294 2491 impensius
1312 2471 1323 2486 ,
1347 2458 1446 2492 quam
1461 2455 1499 2480 ut
1513 2445 1545 2480 in
1556 2446 1679 2480 Causis
1704 2445 1839 2490 quibus-

352 2503 504 2537 cumque
542 2494 723 2540 praesertim
754 2494 927 2531 Civilibus
956 2494 1064 2529 tenuis
1093 2506 1234 2531 summae
1262 2503 1424 2541 quantum
1451 2494 1524 2530 fieri
1552 2503 1664 2540 potest
1687 2495 1706 2532 ὲ
1728 2492 1837 2531 medio

346 2539 488 2578 sublatis
507 2542 618 2589 longis
653 2543 769 2582 litibus
794 2568 807 2588 2
850 2540 1204 2595 disceptationumque
1231 2544 1429 2581 forensium
1470 2543 1592 2587 tricis,
1619 2544 1836 2587 Partiumque

1746 2601 1836 2627 sum-
