1993 3195
718 250 755 298 C'
791 258 826 299 Α
862 261 888 299 P
919 259 959 298 U
987 257 1025 298 Τ
1086 259 1138 299 v
1557 276 1638 318 271

199 321 363 363 (occino
400 316 1001 374 (1)‚etc0ramBicl1i0(2);
1037 316 1139 356 itaut
1166 314 1400 368 viejusdem
1438 316 1636 362 clausulae

186 393 304 422 causa
327 375 567 442 appellabilis
589 390 670 417 uon
691 376 911 417 reddatur.
947 377 975 415 [
982 389 1024 423 t,
1042 375 1071 415 si
1096 376 1332 415 mandatum
1348 378 1637 428 exequutivutn

178 438 219 478 in
236 437 362 494 prima
395 436 583 477 instantia
622 435 799 490 aliquam
835 448 1036 492 pateretur
1073 434 1344 475 difficultatem
1368 461 1380 480 ‚
1414 433 1636 478 dummodo

176 510 328 539 constet
349 496 395 537 de
418 495 515 536 bon
506 493 630 546 ojure
669 494 768 536 illius
786 528 800 545 ,
832 495 905 551 qui
925 494 1031 536 illud
1057 494 1266 542 obtinuit,
1299 509 1346 536 ex
1367 493 1504 533 eadem
1524 495 1635 536 clau-

172 556 290 605 sula,
306 556 340 598 si
355 572 432 615 qut
413 556 763 610 ἳίεκειχιιειιιΙιιιη,
783 568 1064 612 praeservatur
1083 553 1146 596 xia
1173 552 1394 608 exequutix
1400 566 1419 592 a
1443 567 1516 609 pro
1537 553 1638 595 rela—

170 616 334 658 xatione
358 630 451 657 novi
471 614 681 655 mandati
703 616 737 654 cl
743 616 955 656 cernenda
984 631 1003 655 a
1024 612 1164 660 ludite
1185 611 1481 670 appellationis,
1499 628 1634 670 proce-

173 676 290 717 dente
317 689 410 716 cum
425 673 488 714 tali
521 656 698 716 clausula
735 674 837 730 (3);
872 673 1279 714 animadvertendum
1316 685 1447 714 tamen
1463 686 1540 721 est,
1565 688 1634 714 no-

171 748 264 800 yam
294 732 473 775 mandati
503 732 787 775 relaxationem
821 734 1038 790 procedere
1062 732 1345 774 tantummodo
1362 746 1439 788 pro
1459 732 1633 783 credito,

170 789 211 832 in
231 792 365 850 priori
384 792 575 834 mandato
595 807 786 834 contento
804 825 816 843 ,
851 807 933 833 non
954 807 1086 834 autem
1105 806 1177 847 pro
1197 791 1269 833 alia
1289 806 1471 841 summa,
1491 791 1628 848 inpri-

169 866 232 893 ma
265 852 455 894 instantia
481 867 563 892 non
586 852 759 894 deducta
796 868 809 904 ς
850 865 972 910 prout
1008 850 1181 895 firmavit
1212 852 1308 894 Rota
1340 850 1381 892 in
1408 851 1491 893 suis
1524 851 1628 893 deci-

169 910 352 953 sionibus
368 911 486 966 (4)..

289 972 338 1011 Et
354 970 550 1037 quamvis
565 971 836 1014 mandatum‘
829 986 868 1012 tn
890 970 1018 1028 prima
1037 957 1225 1011 instantia
1247 967 1466 1009 relaxatum
1485 995 1511 1013 ,
1532 967 1632 1010 dum

170 1028 308 1071 Causa
330 1046 374 1072 cc
383 1029 536 1072 mritis-sa
563 1043 619 1072 est
640 1046 731 1072 cum
748 1033 851 1075 dicta
873 1028 1083 1078 clausula,
1103 1030 1163 1071 vel
1181 1042 1272 1069 cum
1292 1025 1367 1075 illa,
1386 1025 1503 1067 alteri
1520 1059 1531 1076 ‚
1561 1025 1630 1084 qui

166 1090 221 1130 ad
236 1089 482 1144 legitimam,
502 1090 548 1129 de
566 1106 646 1143 qua
672 1090 840 1132 inferius
857 1090 1064 1132 dicemus,
1085 1086 1305 1139 justificari
1313 1087 1428 1127 debet
1446 1085 1496 1126 ab
1514 1089 1634 1128 Acto-

167 1160 208 1188 re
228 1162 276 1188 ex
303 1148 449 1187 eisdem
484 1146 611 1193 actis;
642 1148 743 1187 itaut
779 1163 862 1188 non
884 1148 1057 1187 sufficiat
1078 1146 1177 1186 illud
1211 1144 1420 1197 justificare
1456 1159 1502 1184 ex
1521 1145 1632 1191 luri·

167 1206 244 1247 bus
279 1204 516 1262 productis
508 1220 549 1245 tn
569 1205 717 1247 altera
711 1207 924 1255 1nstantia3
942 1220 961 1245 e
977 1217 1118 1246 contra
1142 1216 1275 1245 tamen
1293 1204 1397 1244 Reus
1426 1203 1630 1260 appellans

167 1277 299 1322 potest
317 1265 569 1307 mandatum
590 1264 861 1321 impugnare,
881 1278 919 1305 et
936 1264 1038 1304 illius
1072 1262 1412 1317 exequutionem,
1429 1276 1547 1302 etiam
1580 1276 1634 1304 ex

168 1324 286 1366 novis
312 1323 474 1367 lusibus
490 1324 766 1380 producendis
795 1339 931 1365 coram
948 1323 1097 1376 judice,
1108 1321 1423 1380 appellationis.
1445 1321 1505 1362 Eo
1525 1336 1632 1363 nam-

166 1398 245 1449 qnue
276 1396 371 1424 casu
391 1411 403 1428 ,
423 1398 507 1437 quo
525 1383 628 1423 Heus
660 1384 859 1438 appellans
898 1383 948 1422 ita
973 1396 1090 1435 agat,
1113 1382 1283 1423 vetitum
1303 1380 1414 1421 haud
1440 1394 1496 1421 est
1515 1381 1634 1421 Acto-

165 1442 198 1483 ri
221 1442 429 1499 appellato
453 1441 503 1482 ad
522 1440 726 1482 elidendas
758 1440 1025 1497 exceptiones
1045 1439 1282 1495 propositas
1293 1442 1334 1477 in
1354 1437 1530 1478 secunda
1567 1438 1632 1479 in-

165 1501 312 1543 stantia
334 1516 436 1544 nova
458 1500 544 1550 iura
566 1492 791 1558 producere
823 1501 923 1557 (5)·
954 1511 990 1540 et
1008 1499 1085 1540 hoc
1103 1498 1209 1539 enim
1228 1511 1335 1539 recte
1348 1498 1388 1537 fit
1408 1497 1472 1537 ad
1479 1513 1631 1552 aequa-

165 1560 313 1602 litatem
342 1561 610 1607 servandam,
626 1577 753 1617 quum
773 1563 893 1603 Reus
904 1574 986 1600 non
1008 1559 1124 1601 debet
1145 1557 1344 1600 meliorem
1376 1558 1521 1599 habere
1537 1572 1649 1599 con·-

164 1619 363 1661 ditionem
385 1649 397 1666 ‚
428 1635 564 1674 quam
578 1622 727 1662 l³xctor·
718 1654 742 1670 .,
759 1620 843 1677 pari
867 1635 982 1684 passu
1005 1619 1194 1674 equidem
1228 1632 1294 1658 eos
1322 1615 1541 1658 ambulare
1559 1616 1644 1657 de·-

164 1679 284 1729 bere,
304 1679 394 1721 Fori
430 1679 627 1722 Doctores
643 1680 914 1723 communiter
936 1676 1094 1731 ajunt,

285 1739 458 1793 Quoties
490 1739 635 1779 deinde
667 1740 893 1796 appellatur
922 1753 941 1778 a
966 1738 1171 1779 mandato
1202 1737 1250 1776 de
1267 1733 1535 1793 exequendo,
1567 1747 1630 1775 re-

163 1793 296 1837 laxato
341 1812 359 1836 a
395 1796 536 1848 Judice
583 1798 783 1836 seeundae
826 1796 1040 1835 instantiae
1075 1823 1088 1840 ,
1138 1796 1204 1835 cui
1231 1794 1369 1834 Causa
1419 1792 1644 1834 commissam

162 1852 242 1895 fuit
268 1870 362 1896 cum
384 1855 583 1904 cltusula,
598 1854 742 1910 siquid
772 1855 1077 1910 exequendum,
1101 1867 1219 1896 ruva
1225 1849 1468 1892 Commissio
1499 1851 1649 1909 appel-1

163 1911 322 1955 lationis
372 1918 561 1969 signatur
593 1913 634 1953 in
671 1911 845 1957 iudiciis.
881 1911 1134 1966 exequutivis
1168 1927 1272 1953 cum
1291 1910 1497 1957 clausula,
1528 1912 1649 1950 alcea

162 1970 197 2013 ri
225 2002 238 2021 ‚
272 1974 339 2030 qui
349 1961 421 2014 ad
435 1973 677 2030 legitimam
669 2005 681 2022 .,
714 1986 870 2015 etutea
905 1986 926 2012 a
960 1972 1176 2027 Signatura
1194 1972 1261 2011 obt
1267 1970 1439 2010 ineatur·
1452 1999 1465 2016 ,
1509 1971 1630 2010 doce-

165 2044 205 2072 re
239 2047 341 2089 opus
369 2045 424 2075 est
454 2064 482 2081 ,
508 2032 726 2082 dubium,
763 2045 932 2090 nempe,
975 2030 1110 2071 adhue
1162 2044 1379 2094 superesse
1399 2027 1445 2067 de
1473 2026 1627 2082 justitia

163 2085 329 2141 iudicati
354 2109 366 2142 ;
403 2091 634 2136 extenditur
655 2091 853 2146 praedicta
873 2087 1051 2131 clausula
1076 2117 1087 2134 ,
1119 2104 1247 2145 prout
1268 2085 1449 2142 sequitur
1473 2116 1484 2132 ,
1515 2085 1648 2127 alteri⁴

157 2149 320 2201 Indici,
342 2151 408 2210 qui
435 2149 657 2209 allegititn
658 2166 728 2191 tm
744 2147 1044 2206 exequutionem
1065 2149 1253 2203 procedat
1273 2176 1282 2192 ‚
1310 2147 1368 2187 sin
1386 2144 1515 2187 minus
1531 2161 1627 2187 cau-

166 2222 252 2249 sam
269 2212 782 2272 appellttioniscogi-,tuscul
814 2224 862 2254 et
883 2207 977 2248 haec
1007 2208 1139 2251 etiam
1153 2206 1374 2267 suspendit
1394 2208 1632 2260 exequutio-

1528 2278 1632 2305 nem

1589 2333 1634 2347 -η

216 2383 268 2421 (ι)
291 2383 393 2413 Det-1¹5.
413 2393 490 2423 404.
967 2383 1013 2419 (4⁷
1047 2388 1170 2420 213*n.
1195 2390 1245 2419 ¹³·
1259 2389 1294 2421 p.
1314 2379 1473 2408 8'recent.
1500 2397 1510 2410 ,
1548 2382 1629 2413 242·

212 2429 267 2463 (2)
292 2428 395 2459 Dacis.
415 2429 476 2467 184
506 2439 535 2460 n.
557 2438 586 2461 2.
918 2435 950 2456 n.
976 2433 1026 2465 ιφ
1054 2433 1088 2462 15
1117 2446 1127 2457 ,
1149 2433 1226 2464 27³-
1245 2435 1275 2453 n.
1298 2425 1377 2455 mo
1414 2431 1464 2458 19.

215 2479 249 2514 (3
293 2474 480 2515 Ctppuccius
499 2474 529 2503 in
542 2474 640 2515 praxi
658 2481 681 2505 t.
698 2481 730 2505 2,
743 2470 782 2503 de
798 2470 888 2510 Jud..
968 2471 1000 2507 (5
1047 2471 1126 2502 Rota
1148 2469 1243 2503 decis.
1258 2468 1334 2500 κ8υ.
1350 2477 1382 2499 n.
1399 2476 1430 2507 4.
1441 2475 1542 2498 coram
1556 2466 1650 2496 Poue—

169 2518 333 2561 Exequ.p.
354 2527 404 2549 12.
421 2528 450 2549 n.
473 2517 563 2557 580„
922 2518 1041 2556 tinget-o
1060 2536 1084 2546 ι,
