1993 3195
626 334 665 375 C
699 335 739 374 Α
770 336 798 375 P
829 334 871 375 U
902 332 939 375 T
1002 337 1030 375 l.
1295 328 1298 332 ”
1514 351 1571 395 43

99 409 153 437 no
182 392 357 449 publico,
384 402 422 433 et
440 387 744 448 c'ollitigantium
763 393 930 435 utilitate
950 421 962 440 ‚
996 392 1149 434 auditis
1169 394 1287 441 etiam
1313 395 1576 449 Votantibus‚

100 452 300 507 designet,
330 462 370 492 et
388 449 538 491 indicat
571 450 730 493 alteram
748 450 1118 508 Congregationem
1154 464 1265 494 extra
1299 452 1480 495 ordinem
1506 457 1579 496 ha-

101 511 275 551 bendam
306 509 488 575 proxima
509 507 600 549 die
590 509 690 566 jovis
708 524 781 567 pro
800 511 916 552 dictis
936 509 1113 561 Causis,
1132 511 1172 552 in
1209 512 1270 553 illa
1290 511 1582 569 Congregatio-

99 583 148 610 ne
174 582 258 608 non
278 568 520 626 propositis.
541 568 654 610 Etita
672 582 875 612 servatum
891 569 996 611 fuit
989 584 1029 609 in
1049 584 1181 612 mense
1199 571 1430 627 septembris
1455 585 1576 628 1753.

98 639 220 685 prout
247 628 417 683 legitur
409 642 450 668 in
470 628 638 684 Regesto
656 640 840 670 actorum
857 628 950 670 dicti
971 628 1225 672 Tribunalis

221 685 380 728 Coacto
401 686 637 743 Signaturae
659 685 924 743 Congressu,
953 687 1269 730 Referendarius
1291 687 1375 736 ille,
1409 684 1481 742 qui
1500 687 1582 743 pri-

101 760 213 787 mum
244 745 427 787 Causam
460 744 658 787 relaturus
693 759 777 795 est,
803 747 1001 788 stantibus
1028 748 1219 790 orn-nibus
1241 779 1252 796 ‚
1289 745 1531 789 Orationem
1557 761 1579 787 a

100 807 147 847 B.
173 804 325 846 Isidoro
353 836 366 854 ,
400 812 449 845 ut
484 804 668 854 dicitur,
694 806 955 862 compositam
982 836 994 854 ,
1030 806 1350 862 intelligibiliter,
1384 818 1421 847 et
1455 805 1579 847 devo-

100 877 136 908 te
155 863 275 920 legit,
312 878 438 920 quem
472 864 581 904 enim
602 877 767 912 actum,
796 864 1033 931 auspicandi
1068 880 1208 936 nempe
1242 864 1477 905 Causarum
1513 862 1577 904 de-

101 923 270 966 cisiones
294 937 316 963 a
347 921 578 979 Religione,
612 923 731 964 etiam
762 923 987 979 antiquitus
1021 939 1063 965 in
1085 939 1162 965 usu
1193 923 1312 965 fuisse
1335 952 1348 971 ,
1382 934 1576 967 testantur

101 981 298 1024 Gomesius
329 981 432 1037 (3),
467 981 756 1024 Marclzesanus
791 981 895 1039 (4),
933 994 969 1023 et
1003 996 1089 1039 post
1121 997 1187 1025 eos
1219 982 1446 1024 Fattinellus
1478 980 1578 1036 (5)·
1570 1012 1582 1030 ‚

102 1039 174 1096 qui
192 1039 233 1080 id
251 1054 489 1096 magnopere
503 1041 781 1096 exoptandum
796 1041 966 1088 suadet,
999 1055 1044 1082 ut
1062 1041 1114 1082 ad
1130 1041 1259 1098 majus
1277 1040 1428 1097 pietatis
1450 1053 1583 1095 augu-

101 1110 283 1140 mentum
313 1126 325 1142 ,
356 1112 401 1138 ac
420 1111 601 1138 securam
640 1097 809 1140 Divinae
831 1099 916 1154 opis
936 1097 1257 1154 implorationem
1288 1098 1309 1139 ὲ
1345 1096 1511 1162 publico
1528 1096 1582 1138 eis

102 1155 220 1195 detur
240 1153 432 1193 Sacerdos
449 1182 461 1199 ‚
498 1154 571 1205 qui
590 1154 899 1193 Sacrosanctum
933 1155 1080 1193 Missae
1108 1155 1358 1194 Sacrificium
1381 1168 1475 1195 ante
1503 1154 1585 1194 ini-

102 1212 206 1254 tium
236 1210 478 1268 Signaturae
513 1208 760 1260 celebraret,
793 1223 839 1252 ut
862 1210 905 1252 in
924 1210 1082 1260 Rome,
1101 1221 1139 1252 et
1168 1209 1364 1252 Camerae
1383 1210 1587 1278 Tribuna-

53 1272 55 1275 ’
104 1270 210 1314 libus
236 1271 501 1313 observatur.

222 1328 401 1378 Oratio,
429 1341 561 1383 quae,
581 1341 627 1370 ut
652 1328 835 1384 superius
851 1329 1025 1373 diximus
1043 1360 1056 1379 ‚
1083 1329 1270 1372 recitatur
1291 1344 1311 1369 a
1344 1327 1586 1370 Referenda-

104 1387 195 1438 rio,
227 1389 325 1429 haec
343 1399 425 1428 est:
458 1387 653 1428 Adsumus
686 1387 854 1430 Domine
885 1390 1028 1431 Sancte
1053 1389 1220 1456 Spiritus
1239 1418 1251 1436 ‚
1290 1389 1474 1429 adsumus
1494 1401 1588 1442 pec-

103 1447 184 1492 cati
198 1446 346 1504 quidem
367 1441 605 1487 immanitate
619 1445 760 1487 detenti
778 1475 789 1492 ‚
820 1447 917 1488 secl
901 1464 941 1488 tn
955 1446 1111 1489 nomine
1125 1459 1190 1489 tuo
1219 1446 1467 1505 congtegati‚
1500 1444 1587 1486 veni

103 1508 158 1549 acl
171 1521 268 1557 nos,
292 1516 329 1546 et
347 1515 425 1547 esto
441 1503 665 1554 nobiscum,
692 1514 730 1547 et
741 1504 904 1563 dignare
921 1506 1026 1549 illabi
1042 1506 1214 1549 cordibus
1228 1506 1396 1556 nostris,
1412 1507 1502 1546 doce
1517 1517 1588 1545 nos

103 1565 195 1623 quid
208 1579 374 1622 agamus
389 1594 402 1614 ‚
428 1579 510 1632 quo.
518 1563 775 1622 gradiamur,
794 1575 832 1606 et
850 1568 1005 1608 ostende
1021 1565 1113 1623 quid
1127 1565 1274 1618 efficere
1290 1565 1520 1611 debeamus,
1547 1572 1590 1604 at

103 1635 141 1667 te
157 1623 372 1668 auxiliante
395 1623 463 1665 tibi
495 1623 535 1665 in
566 1623 740 1666 omnibus
768 1624 919 1682 placere
952 1626 1182 1667 valeamus:
1216 1625 1312 1666 Esto
1331 1625 1433 1665 solus
1448 1636 1593 1679 sugge-

103 1695 217 1732 πον,
249 1693 287 1725 et
309 1684 467 1740 effector
477 1682 719 1738 judiciorum
739 1695 985 1726 nostrorum
975 1718 987 1735 ‚
1019 1683 1089 1742 qui
1116 1682 1216 1726 solus
1242 1698 1326 1725 cum
1348 1683 1434 1723 Deo
1452 1682 1564 1722 Patre
1579 1710 1592 1729 ‚

105 1753 144 1786 et
160 1743 244 1800 ejus
259 1742 355 1784 Filio
382 1756 523 1783 nomen
536 1742 709 1799 possides
736 1740 981 1811 gloriosum,
1004 1760 1080 1786 non
1106 1742 1274 1800 patiaris
1300 1741 1548 1799 perturbatot
1549 1755 1589 1782 es
1646 1792 1649 1793 ⁷

106 1816 185 1845 esse
197 1800 417 1869 ΗΙΠετὶῑίαε,
455 1817 521 1858 qut
537 1815 730 1844 summam
763 1801 898 1860 diligis
931 1803 1160 1861 aequitatem
1178 1833 1190 1851 ,
1225 1817 1301 1844 non
1332 1804 1371 1842 t'rz
1389 1801 1588 1842 sinistrum

108 1873 178 1901 nos
191 1858 418 1917 ignorantia
435 1862 564 1898 trahat
585 1885 598 1902 ,
629 1874 703 1898 non
711 1858 830 1910 favor
843 1860 1049 1911 inflectat,
1068 1876 1144 1900 non
1164 1860 1379 1914 acceptatio
1394 1858 1562 1901 muneris
1579 1890 1593 1909 ,

108 1919 169 1959 vel
190 1929 377 1978 personae
396 1923 623 1969 corrumpat
640 1942 652 1961 ,
685 1914 786 1956 sed
761 1923 890 1971 junge
908 1932 979 1958 nos
1005 1917 1206 1971 efficaciter
1221 1915 1290 1958 tibi
1304 1915 1423 1957 solius
1437 1916 1593 1970 gratiae

110 1976 207 2016 dono
226 2001 240 2019 ,
282 1981 327 2012 ut
343 1984 463 2011 stmus
486 1971 527 2010 in
547 1982 584 2010 te
599 1986 718 2010 unum
739 2000 754 2037 ³:
785 1973 876 2010 etin
892 1975 997 2014 nullo
1025 1974 1217 2014 deviemus
1242 1987 1265 2013 a
1283 1986 1369 2014 vero
1388 2000 1401 2019 ‚
1431 1983 1476 2014 ut
1486 1973 1592 2016 sicu—

110 2033 141 2076 ti
153 2032 192 2074 in
208 2030 362 2073 nomine
377 2038 442 2070 tuo
453 2028 596 2071 collecti
613 2057 625 2076 ,
649 2027 706 2070 sic
738 2028 778 2070 in
796 2029 942 2072 cunctis
973 2041 1173 2073 teneamus
1203 2045 1291 2073 cum
1329 2032 1589 2076 moderamine

107 2085 469 2150 pietatisjustitiam
490 2117 504 2136 ,
535 2099 578 2129 ut
593 2098 630 2128 et
646 2088 708 2130 liic
724 2104 747 2130 a
765 2097 805 2130 te
822 2087 862 2129 in
883 2090 984 2132 nullo
1003 2089 1201 2132 dissentiat
1214 2089 1403 2132 sententia
1438 2101 1568 2134 nostra
1582 2121 1596 2141 ,

114 2161 152 2194 et
168 2151 206 2193 in
216 2148 354 2204 futuro
381 2161 453 2204 pro
475 2148 569 2188 bene
579 2147 701 2205 gestis
724 2146 1000 2204 consequamur
1027 2149 1205 2205 praemia
1236 2149 1496 2205 sempiterna:
1531 2165 1595 2192 re-
1616 2151 1618 2153 ’

115 2209 318 2267 spondent
333 2221 473 2249 omnes
488 2207 640 2248 Amen.
674 2207 785 2249 Haec
805 2221 984 2262 namque
1020 2207 1164 2250 Oratio
1198 2209 1386 2252 recitatur
1406 2208 1526 2252 etiam
1556 2209 1598 2250 in

119 2269 222 2312 Rota
239 2265 408 2325 singulis
425 2265 573 2308 diebus
588 2265 864 2317 Audientiae‚
895 2280 935 2309 et
952 2267 1149 2325 originem
1179 2268 1322 2310 habuit
1357 2282 1379 2309 a
1403 2267 1598 2311 Conciliis

122 2327 370 2384 generalibus
387 2354 401 2374 ‚
433 2339 612 2383 quorum
627 2324 744 2369 initio
763 2326 860 2369 haec
880 2325 1028 2370 Oratio
1058 2327 1229 2369 dicenda
1247 2340 1353 2376 erat;
1383 2339 1430 2368 ut
1445 2326 1596 2368 docent

1071 2386 1100 2427 F
1135 2400 1160 2427 2

437 2468 905 2486 *—

175 2526 231 2566 (1)
254 2530 289 2559 In
314 2528 499 2570 Compendto
526 2530 685 2570 utriusque
706 2528 818 2569 Signa-
911 2527 965 2565 (2)
987 2529 1070 2557 Part.
1089 2536 1117 2556 1.
1133 2534 1238 2567 capa.
1260 2535 1336 2570 pag,
1355 2536 1409 2570 37.

130 2578 209 2604 turae
226 2592 234 2601 .
919 2571 972 2615 (3)
997 2572 1070 2614 Cap.
1085 2571 1116 2602 8.
1134 2580 1221 2604 num.
1240 2581 1270 2611 ς.
