1993 3195
596 323 623 355 Α
664 322 690 355 P
731 322 756 356 P
796 323 819 356 E
858 322 891 357 N
933 324 965 357 D
1006 326 1020 359 I
1061 324 1090 359 X
1518 333 1589 368 107

112 369 305 407 Ministeria
325 374 386 414 pro
411 369 520 402 eaa'em
542 369 678 403 Fabrica
703 378 914 409 exercentes,
942 382 1014 404 cum
1041 373 1165 406 nemini
1193 382 1303 407 eorum
1323 371 1421 406 liceat
1446 370 1592 415 allegare

110 420 186 454 Fori
205 415 454 451 declinatorium
480 417 512 451 in
533 419 659 456 causis,
677 424 706 450 et
733 418 878 463 negociis
905 416 1186 462 indifferentibus,
1209 421 1378 466 ipsamque
1406 419 1589 458 fabricam,

105 478 161 502 seu
184 465 340 512 praedicta
358 465 547 500 Ministeria
561 467 753 512 neutiquam
773 466 1064 507 concernentibus3
1086 468 1205 507 rejecta
1224 475 1358 513 prorsus
1376 490 1387 506 ,
1414 479 1452 501 ac
1477 475 1588 513 repro-

106 515 182 550 bata
201 524 404 561 quacumque
420 514 686 561 interpretatione
701 538 710 554 ,
725 525 794 560 quae
816 515 966 549 hactenus
983 514 1014 550 in
1031 516 1233 549 contrarium
1247 516 1361 557 forsan
1377 515 1542 550 invaluit.

204 568 340 597 Demurn
369 564 478 609 quoad
498 562 650 609 praefatos
678 574 786 597 omnes
813 564 1054 609 Privilegiatos
1071 588 1080 603 ,
1114 575 1168 598 seu
1196 567 1393 599 ‘Patentatos
1415 588 1425 603 ‚
1452 572 1486 598 ut
1500 564 1595 606 frau-

109 610 202 646 dibus
221 611 398 650 obvietur,
416 619 527 657 utque
553 619 711 658 praetextu
736 612 997 658 privilegiorum
1022 613 1155 653 iustitia
1184 624 1300 647 cursus
1330 614 1494 647 retardari
1531 622 1594 647 non

104 660 236 707 possit,
265 667 362 706 atque
391 659 571 695 inlraerendo
600 661 699 694 etiam
719 665 854 694 Decreto
883 660 967 694 alias
999 672 1018 694 a
1047 662 1311 708 congregatione
1330 661 1529 703 Reformatio
1542 661 1595 694 nis

107 708 336 743 Tribunalium
353 706 448 741 vrbis
474 709 525 742 die
553 710 603 749 iij.
620 709 710 743 Iunii
732 709 1100 745 AnniMDcLXXIX.
1128 711 1215 744 edito
1234 733 1244 751 ,
1262 719 1294 744 et
1324 711 1459 745 subinde
1474 708 1596 751 confir-

106 766 195 791 mato
216 765 278 804 per
304 763 517 791 memoratam
545 757 677 792 Bullarn
705 769 775 793 san.
809 769 905 792 mem.
935 759 1123 792 innocentii
1153 763 1211 792 XI.
1249 760 1298 794 iv.
1315 759 1478 794 Kalendas
1505 758 1596 794 Junii

105 808 203 840 Anni
233 805 519 840 MDCLXXXIX.
538 829 548 845 ,
578 807 690 840 eadem
721 806 939 852 congregatio
976 806 1185 846 declaravit,
1221 813 1265 843 co·
1283 809 1431 847 censuit,
1462 816 1531 842 tam
1563 807 1596 840 in

106 854 218 889 causis
232 866 342 889 eorum
360 855 549 889 Ministeria
566 867 625 889 non
651 854 917 889 concernentibus
934 879 944 894 ‚
972 856 1004 888 in
1021 855 1142 901 quibus
1173 856 1236 902 ipsi
1261 866 1471 895 consensum,
1493 862 1532 888 ut
1545 864 1598 887 su·

102 910 189 949 pra,
218 914 325 937 coram
348 903 414 937 alio
432 904 544 937 Judice
573 903 745 938 Ordinario
765 927 774 942 ,
805 915 858 937 seu
887 903 970 937 alia's
990 905 1187 950 competenti
1210 905 1442 950 prastiterint,
1468 902 1597 939 nullam

106 952 230 997 requiri
268 953 434 987 licentiam
474 953 610 987 alterius
626 953 777 991 Iudicis,
803 954 844 986 ad
875 951 1022 996 effectum
1055 953 1240 999 exequendi
1270 954 1436 987 Mandata
1478 959 1596 985 contra

107 1001 231 1034 eosdem
247 1001 488 1046 ‘Privilegiatos
502 1012 566 1036 ser.
593 1012 655 1035 ser.
672 1000 824 1035 relaxata
839 1026 848 1041 ,
877 1000 1069 1048 nullumque
1084 1002 1279 1046 Exequatur
1302 1002 1397 1049 peti,
1425 1012 1463 1035 ac
1480 1007 1592 1047 respe-

106 1050 194 1084 ctive
215 1050 346 1083 concedi
370 1058 461 1096 posse
479 1073 488 1083 .

204 1102 246 1132 Et
264 1100 295 1132 in
314 1098 460 1133 omnibus
475 1121 484 1137 ‚
510 1110 548 1132 ac
567 1098 710 1143 singulis
736 1097 861 1132 casibus
877 1098 1074 1145 supradictis
1092 1123 1102 1138 ,
1135 1098 1316 1132 citationes
1331 1121 1341 1137 ‚
1370 1104 1404 1132 ¹et
1421 1096 1598 1132 Inhibitio-

107 1157 162 1180 nes
172 1146 269 1187 factae
283 1158 392 1181 coram
410 1157 615 1193 quocumque
642 1147 754 1181 Iudice
768 1171 778 1186 ‚
803 1147 861 1181 vel
879 1148 1057 1192 signatura
1071 1171 1082 1187 ,
1108 1146 1165 1181 vel
1195 1147 1296 1181 etiam
1328 1147 1503 1180 Auditore
1520 1149 1598 1179 San-

105 1195 241 1229 ctissimi
262 1205 375 1229 contra
385 1194 529 1236 formam
547 1196 662 1229 horum
679 1200 891 1230 Decretorum
905 1195 1031 1230 nullius
1045 1197 1111 1229 sint
1123 1196 1305 1235 momenti,
1333 1202 1435 1242 atque
1462 1191 1596 1242 impune

104 1244 212 1291 sperni
239 1245 365 1289 possint
380 1243 503 1290 absque
531 1244 615 1278 vitio
631 1251 872 1278 attentaturum
887 1268 897 1277 .

203 1293 280 1326 Alia
313 1293 441 1336 pariter
470 1294 645 1332 Decreta,
670 1291 768 1327 simul
799 1305 873 1327 cum
901 1293 1080 1337 praemissis
1103 1292 1214 1334 edita,
1242 1304 1343 1339 super
1368 1304 1404 1326 ea
1434 1290 1595 1326 facultate

106 1340 233 1385 primos
253 1352 404 1386 quosque
431 1341 567 1381 judices
595 1341 744 1380 ejurandi
775 1350 943 1387 tamquam
974 1351 1173 1386 suspectos,
1205 1355 1270 1388 qua
1297 1342 1481 1386 plerosque
1500 1339 1594 1375 abuti

105 1390 303 1428 constabat,
332 1390 373 1422 ad
390 1392 565 1424 nectendas
589 1390 620 1424 in
653 1389 768 1424 limine
788 1391 913 1430 judicii
945 1390 1083 1425 inutiles
1103 1401 1229 1431 moras,
1263 1391 1527 1429 confirmamus,
1556 1395 1593 1422 et

104 1436 305 1471 innovamus
326 1459 335 1474 ‚
350 1448 423 1480 quae
448 1447 524 1471 sunt
556 1438 679 1472 tenoris
708 1438 875 1483 sequentis
890 1463 899 1473 .

200 1485 430 1526 Recusationes
443 1486 594 1519 Indicum
609 1497 672 1519 non
702 1487 921 1520 admittantur
947 1487 980 1519 in
997 1486 1109 1519 causis
1126 1486 1313 1521 executivis
1331 1485 1416 1519 certi
1440 1484 1591 1531 generis,

103 1533 258 1568 videlicet
269 1532 417 1578 Depositi
431 1556 441 1571 ‚
470 1541 500 1568 et
523 1531 716 1575 futurorum
734 1534 987 1568 alimentorum
1001 1558 1011 1573 ,
1039 1534 1184 1580 aliisque
1194 1535 1375 1579 designatis
1388 1541 1449 1579 per
1471 1540 1593 1567 Decre-

104 1589 140 1615 ta
154 1580 236 1615 alia's
252 1587 398 1626 tempore
413 1592 483 1613 san.
501 1592 596 1615 mem.
615 1583 788 1617 Clementis
806 1587 882 1617 XII.
900 1584 987 1616 edita
1006 1594 1025 1615 a
1046 1583 1307 1627 congregatione
1335 1580 1591 1622 Reformationis

105 1629 334 1664 Tribunalium
350 1628 445 1662 vrbis
459 1629 510 1663 die
525 1630 573 1663 iv.
590 1631 724 1674 Aprilis
742 1632 840 1664 Anni
855 1634 1106 1665 MDCCXXXI.
1121 1654 1132 1669 ‚
1159 1641 1263 1677 neque
1283 1631 1314 1664 in
1328 1630 1590 1676 quibuscumque

105 1679 182 1713 aliis
202 1679 313 1712 Causis
348 1689 410 1712 non
443 1677 674 1712 excedentibus
700 1679 849 1713 valorem
868 1688 1037 1713 scutorum
1053 1679 1330 1726 vigintiquinque
1345 1702 1355 1717 ,
1379 1679 1477 1718 iuxta
1495 1677 1593 1712 aliud
1632 1702 1636 1709 .

104 1732 279 1761 Decretum
315 1727 367 1760 die
394 1738 454 1762 xv.
479 1725 688 1771 ‘Novembris
712 1728 810 1761 Anni
849 1731 1122 1762 MDchXXIl.
1141 1750 1152 1767 ,
1185 1738 1260 1775 -quae
1290 1728 1420 1762 servari
1447 1727 1581 1762 ‘omnino

107 1775 268 1810 debeant.

201 1829 239 1858 In
267 1824 389 1858 caeteris
405 1825 516 1858 causis
529 1825 688 1872 praedicta
702 1825 922 1860 recusationes
938 1849 949 1866 ,
978 1835 1048 1872 quae
1069 1825 1267 1872 plerumque
1297 1825 1340 1859 ad
1357 1824 1596 1860 retardandum

104 1875 241 1911 Justitiae
268 1884 435 1907 recursum
461 1881 686 1920 usurpantur,
715 1874 912 1915 reformari,
937 1882 968 1908 et
982 1874 1148 1908 moderari
1177 1873 1317 1908 debeant
1347 1875 1380 1909 in
1397 1881 1565 1921 posterum
1581 1896 1593 1913 ,

103 1926 191 1959 itaut
205 1923 236 1956 in
254 1923 364 1956 causis
380 1923 613 1970 cujuscumque
628 1923 760 1968 generis
776 1946 786 1962 ,
812 1923 880 1957 ta‘m
910 1923 1115 1963 executivis,
1140 1923 1243 1970 'qua'm
1272 1923 1447 1970 ordinariis
1466 1946 1477 1962 ,
1504 1930 1537 1956 et
1559 1923 1593 1956 in

103 1982 311 2020 quacumque
331 1971 487 2005 instantia
507 1972 648 2018 exceptis
665 1972 840 2006 dumtaxat
860 1973 971 2005 causis
986 1972 1258 2014 commissariis)
1290 1983 1371 2006 unus
1388 1978 1595 2006 tantummo-

105 2022 143 2055 do
155 2021 260 2056 Iudex
274 2020 361 2053 intra
382 2028 446 2054 tres
460 2021 526 2054 dies
541 2021 755 2055 numerandos
775 2032 794 2054 a
820 2022 871 2054 die
897 2021 1159 2067 reproductionis
1175 2020 1355 2055 Monitorii
1371 2044 1381 2059 ,
1404 2031 1460 2055 seu
1488 2017 1596 2055 zibel-

107 2070 156 2109 li,
182 2067 240 2104 vel
256 2069 426 2103 citationis
457 2070 498 2103 ad
525 2070 694 2103 dicendum
721 2077 832 2104 contra
857 2071 934 2110 jura
953 2093 963 2110 ,
991 2068 1033 2102 ab
1060 2079 1261 2116 unaquaque
1293 2079 1334 2104 ex
1360 2067 1520 2104 ‘Partibus
1545 2078 1595 2104 re-

107 2118 215 2152 cusari
235 2117 340 2163 possit
356 2124 529 2162 tamquam
549 2125 741 2164 suspectus,
770 2117 892 2164 absque
924 2118 1128 2162 allegatione
1161 2121 1269 2152 causae
1288 2118 1482 2166 suspicionis
1493 2128 1507 2157 ';
1537 2126 1600 2151 ca-

106 2174 181 2201 terae
210 2173 320 2200 autem
347 2167 565 2199 recusationes
591 2164 737 2211 amplius
767 2176 830 2198 non
853 2167 1102 2205 admittantur,
1129 2167 1192 2199 nisi
1222 2174 1357 2200 servata
1386 2165 1597 2212 dispositione

105 2214 191 2257 juris
206 2213 385 2248 communis
399 2225 408 2252 ;
436 2226 474 2247 ac
489 2215 626 2259 proinde
641 2213 822 2248 citationes
835 2214 945 2260 quoad
960 2214 1136 2248 ulteriores
1150 2214 1371 2248 recusationes
1386 2237 1396 2254 ,
1424 2213 1539 2261 nempe
1556 2212 1599 2247 ad

108 2263 283 2298 videndum
299 2262 450 2309 deputari
463 2261 568 2295 alium
583 2284 593 2299 ,
621 2268 690 2294 tum
712 2272 821 2296 coram
841 2263 953 2307 Capite
970 2261 1159 2296 Tribunalis
1176 2285 1187 2301 ,
1213 2269 1282 2296 tum
1314 2274 1425 2298 coram
1452 2262 1528 2298 aliis
1543 2265 1601 2295 Su-

106 2309 293 2360 perioribus
309 2335 318 2350 ‚
350 2309 481 2357 impune
507 2309 616 2357 sperni
629 2307 768 2343 valeant
783 2332 793 2348 ,
824 2310 891 2342 nisi
906 2310 939 2343 in
968 2310 1109 2349 ejusdem
1130 2308 1350 2344 citationibus
1366 2319 1454 2346 certa
1469 2333 1480 2349 ,
1499 2317 1616 2356 atque·

107 2364 197 2401 justa
216 2369 312 2392 causa
325 2359 515 2406 suspicionis
535 2358 743 2405 exprimatur
759 2380 770 2391 .

209 2407 261 2442 Ad
289 2407 356 2442 haec
381 2408 605 2444 necessarium
635 2405 791 2441 ducimus
826 2404 987 2446 judicum
1021 2416 1183 2451 quoque,
1211 2417 1249 2441 ac
1275 2406 1512 2443 Ministrorum
1544 2416 1602 2441 au-

112 2457 304 2494 ctoritatem
333 2456 520 2500 praefinire,
549 2464 743 2501 certamque
776 2454 894 2500 agendi
923 2465 1074 2489 normam
1108 2455 1349 2499 praescribere,
1379 2456 1492 2502 quoad
1519 2455 1601 2491 alte-

112 2518 188 2542 rum
216 2516 326 2539 rerum
357 2516 459 2550 genus
481 2529 490 2544 ,
519 2518 559 2540 ex
587 2517 656 2551 quo
682 2504 964 2539 commerciorum
987 2503 1169 2544 securitas,
1199 2512 1234 2538 et
1259 2504 1469 2551 singulorum
1494 2505 1602 2539 Patri.

113 2554 227 2591 monia
254 2552 400 2589 maxime
425 2555 598 2600 pendent.
630 2554 674 2589 Ut
704 2553 835 2589 scilicet
860 2552 1056 2593 fraudibus,
1083 2563 1156 2599 quae
1183 2552 1302 2600 passim
1330 2554 1402 2593 fieri
1429 2552 1603 2589 solentsu-

989 2614 1009 2636 ο
1038 2612 1056 2636 2
1541 2614 1603 2650 per
