2075 3167
441 334 498 392 78
688 295 693 302 ⁸
746 329 823 372 DE
845 327 979 380 JURE
1001 322 1351 369 SIGNATURAE
1374 320 1628 373 JUSTlTIAE

587 411 591 417 Ι
966 447 1005 490 C
1039 445 1077 488 A
1112 447 1139 487 P
1170 445 1211 486 U
1239 443 1278 485 T
1340 443 1406 485 11.

573 542 635 584 De
656 538 753 583 actis
771 535 1020 596 praeambulis
1034 537 1084 578 ad
1103 534 1278 592 effictum
1295 530 1466 575 adeundi
1478 531 1632 589 plenam
1653 530 1804 590 Signa·

663 611 788 642 turam
809 627 822 647 ,
852 608 888 639 et
904 597 949 637 de
962 595 1190 637 auctoritate
1209 591 1411 634 Auditoris
1429 592 1664 651 Signaturae
1687 621 1698 632 .

564 688 766 732 Raemissa
800 687 881 744 jam
909 683 1049 725 notitia
1075 682 1364 739 Jurisdictionis
1385 681 1652 737 Signaturae,
1678 695 1698 721 e
1719 693 1801 742 qua
1818 677 1922 719 faci-

452 692 535 799 P
577 750 602 790 li
621 747 780 806 negotio
793 744 947 805 percipi
964 754 1091 800 potest
1108 773 1121 792 ,
1146 757 1229 799 qua
1246 742 1292 784 de
1314 755 1434 783 causa
1453 739 1627 796 quisque
1673 739 1796 797 possit
1831 751 1922 779 earn

461 809 570 850 adire
589 841 601 859 ‚
630 808 862 865 proximum
879 818 935 847 est
953 833 966 852 ‚
983 816 1028 844 ut
1045 802 1255 844 videamus
1271 832 1284 851 ,
1319 800 1421 857 quid
1445 799 1555 857 prius
1587 799 1792 855 agendum
1821 796 1872 838 sit
1901 826 1916 845 ,

458 881 503 911 ut
519 867 690 925 legitima
721 878 911 921 sequatur
933 862 1152 919 propositio
1188 861 1349 903 Causae
1367 859 1409 899 in
1428 857 1568 899 eadem
1588 859 1703 914 plena
1721 857 1917 914 Signatu-

459 941 536 976 τεν,
567 937 774 983 eapropter
794 924 841 964 de
860 921 958 964 actis
970 919 1231 977 praeambulis
1262 931 1487 960 sermonem
1514 916 1578 958 hic
1596 917 1742 961 habere
1774 916 1914 958 decre-

458 985 615 1032 vimus;
649 995 687 1024 et
705 995 749 1023 ut
768 981 911 1022 rectius
929 981 971 1020 id
988 979 1246 1034 expleamjis,
1284 991 1375 1019 ante
1409 976 1544 1016 omnia
1565 975 1760 1015 duximus
1780 986 1920 1014 recen-
1967 976 1974 983 ’

456 1041 650 1088 sendum,
684 1039 1002 1079 Commissiones
1019 1035 1080 1077 vel
1096 1049 1175 1077 esse
1191 1036 1238 1075 de
1261 1035 1380 1075 rebus
1407 1032 1555 1088 signari
1572 1031 1693 1074 solitis
1707 1064 1720 1082 ,
1738 1030 1807 1075 vel
1822 1045 1932 1072 con--

457 1099 676 1147 tentiosa83
703 1096 846 1153 quoad
863 1095 944 1137 illas
963 1094 1102 1150 plenae
1139 1092 1381 1150 Signaturae
1399 1091 1590 1146 rescripto
1623 1106 1726 1147 opus
1746 1105 1832 1132 non
1850 1101 1922 1139 est,

458 1172 573 1200 secus
601 1171 696 1200 vero
720 1155 873 1209 ⁴quoad
899 1154 1036 1194 alteras
1072 1167 1084 1200 3
1129 1164 1167 1195 et
1198 1150 1367 1207 proinde
1413 1148 1600 1189 ordinem
1629 1149 1925 1205 signandarum

458 1216 808 1260 commissionum,
839 1227 970 1269 quum
1005 1209 1127 1254 obvia
1144 1240 1158 1259 ,
1185 1222 1223 1252 et
1238 1206 1558 1264 frequentissima
1572 1208 1738 1249 materia
1759 1209 1835 1254 sit,
1851 1221 1924 1249 ex-

458 1275 653 1332 ponendo
674 1302 686 1320 ,
719 1273 771 1313 ne
789 1272 837 1312 de
868 1270 1064 1317 ,omnibus
1107 1269 1358 1311 diversorum
1392 1266 1650 1323 negotiorum
1684 1265 1924 1308 commissio-

459 1333 584 1375 nibus
612 1332 736 1374 verba
774 1329 963 1371 faciendo
981 1361 994 1379 ‚
1041 1328 1145 1370 ultra
1173 1341 1350 1376 morem,
1384 1340 1430 1367 ac
1458 1326 1710 1383 propositum
1740 1338 1924 1376 nostrum

459 1391 697 1448 prolixiores
733 1390 856 1431 simus
879 1418 891 1436 ‚
923 1386 1102 1444 exemplo
1134 1386 1388 1444 potissimum
1421 1384 1573 1427 utimur
1592 1384 1887 1442 Appellationis
1909 1412 1919 1424 .

464 1449 619 1493 Causae
636 1448 759 1507 igitur
783 1447 908 1491 velde
926 1447 988 1487 sui
1015 1443 1160 1486 natura
1178 1443 1427 1500 appellabiles
1444 1454 1569 1491 sunt,
1601 1444 1707 1485 itaut
1734 1442 1922 1485 nullain-

463 1521 522 1552 ter
554 1521 684 1567 partes
716 1508 766 1549 sit
780 1504 1074 1552 controversia,
1102 1518 1173 1545 nec
1191 1503 1365 1545 dubium
1406 1501 1571 1557 aliquod
1601 1501 1848 1551 intercedam
1884 1514 1922 1545 et

461 1581 559 1625 tunc
579 1566 823 1610 Commissio
850 1580 924 1622 pro
946 1563 1205 1621 appellatione
1235 1561 1456 1604 obtinenda
1498 1561 1540 1601 in
1557 1561 1678 1620 plena
1703 1561 1924 1618 Signatura

461 1641 547 1667 non
564 1627 809 1684 proponitur
827 1624 848 1676 ,’
873 1636 910 1666 et
935 1637 981 1664 ea
1005 1623 1086 1679 jam
1117 1620 1323 1668 efformata
1351 1637 1373 1662 a
1405 1620 1567 1662 Causae
1592 1622 1773 1664 Patrono
1799 1651 1813 1670 ,
1843 1619 1923 1664 sive

463 1686 726 1728 Procuratore
760 1716 774 1734 ‚
818 1697 856 1726 et
889 1696 1037 1739 atergo
1067 1681 1269 1739 ipsiusmet
1306 1680 1595 1723 commissionis
1626 1680 1731 1723 illius
1760 1678 1926 1722 nomine
1976 1697 1978 1700 ’

467 1744 660 1787 adnotato
683 1775 697 1794 ‚
734 1743 860 1787 ‚alicui
892 1757 939 1784 ex
972 1741 1264 1782 Referendariis
1296 1741 1539 1790 exhibetur,
1572 1752 1620 1781 ut
1653 1754 1741 1781 earn
1775 1738 1878 1794 legat
1910 1769 1924 1789 ,

465 1817 512 1844 ac
531 1814 747 1859 cognoscat
764 1831 777 1850 ,
800 1817 906 1847 'num
922 1800 971 1843 sit
987 1801 1034 1841 de
1050 1801 1169 1844 rebus
1186 1799 1334 1856 signari
1353 1799 1475 1839 solitis
1493 1826 1507 1844 ‚
1541 1811 1578 1839 et
1596 1798 1741 1839 deinde
1759 1812 1835 1838 suo
1856 1810 1928 1838 no-

466 1862 572 1903 mine
594 1862 635 1902 in
663 1861 859 1918 superiori
876 1871 985 1917 parte
1012 1858 1064 1897 ad
1079 1858 1233 1899 laevam
1249 1855 1457 1912 obsignet‚
1487 1855 1601 1911 quod
1619 1855 1660 1896 in
1681 1855 1816 1897 Curia
1834 1854 1933 1907 dici--

465 1933 531 1962 tur
551 1919 898 1972 Referendatiare3
937 1918 979 1958 in
1007 1915 1109 1957 calce
1130 1918 1224 1957 verb
1239 1914 1368 1971 ,ipsius
1386 1911 1502 1954 addit
1517 1916 1687 1954 verbum
1705 1914 1862 1961 Placet,
1892 1913 1924 1955 si

465 1979 591 2020 Rotae
608 2008 621 2027 ,
640 1990 708 2019 aut
724 1977 842 2018 alicui
858 1980 1063 2022 ,Romanae
1084 1974 1238 2016 Curiae
1257 1971 1438 2012 Praelato
1459 1969 1701 2010 Commissio
1718 1969 1928 2027 dirigenda

469 2036 545 2086 sit,
578 2037 610 2078 si
639 2049 773 2079 tamen
808 2035 852 2076 in
881 2036 1063 2093 partibus
1094 2064 1107 2082 ‚
1137 2031 1271 2075 scribit
1308 2030 1559 2078 Concessum,
1593 2028 1780 2071 indicans
1809 2030 1927 2072 talem

471 2096 559 2137 fore
578 2095 859 2153 Signaturam3
884 2095 994 2140 hisce
1029 2091 1219 2133 omnibus
1234 2087 1429 2133 ⁴absolutis
1457 2087 1698 2129 Commissio
1727 2089 1926 2144 signanda

470 2152 688 2212 porrigitur
706 2152 1031 2196 Eminentissimo
1068 2148 1271 2190 Praefecto
1300 2177 1313 2196 ,
1355 2146 1427 2202 qui
1472 2160 1682 2205 propterea
1715 2147 1928 2202 cujusdam

470 2213 588 2270 opera
619 2213 776 2262 utitur,
809 2209 1006 2254 Revisoris
1020 2207 1364 2250 commissionum
1386 2207 1595 2263 appellati,
1624 2221 1671 2250 ut
1686 2220 1926 2265 cognoscat,

473 2271 592 2324 cujus
621 2285 788 2314 naturae
827 2268 1237 2312 sintCommissiones
1268 2267 1521 2322 signandae3
1552 2279 1591 2309 et
1619 2280 1825 2324 eapropter
1859 2266 1925 2308 hic

476 2344 541 2371 eas
559 2345 698 2371 omnes
715 2330 954 2386 perlustrat,
991 2327 1103 2368 addit
1119 2358 1133 2375 ,
1164 2341 1208 2367 ac
1229 2327 1359 2372 delet,
1382 2326 1413 2366 si
1449 2340 1551 2382 opus
1576 2325 1625 2367 sit
1642 2354 1654 2371 ,
1680 2340 1718 2367 et
1741 2327 1845 2368 inter
1863 2339 1926 2365 re-

472 2387 592 2445 jectas
619 2388 817 2436 collocat,
838 2384 1398 2428 Commissionumdefectum
1421 2412 1434 2431 ,
1466 2382 1546 2427 sive
1567 2399 1737 2425 errorem
1755 2385 1797 2425 in
1822 2384 1926 2426 calce

475 2447 708 2488 earumdem
724 2445 962 2488 adnotando
972 2461 990 2495 ,ς
1004 2445 1116 2486 omni
1136 2445 1296 2485 demum
1315 2442 1545 2485 difficultate
1573 2445 1773 2493 submota,
1797 2442 1926 2484 eidem

475 2506 579 2546 Effio
614 2505 814 2547 Praefecto
847 2506 1083 2562 Signaturae
1110 2502 1271 2543 nornine
1298 2504 1424 2558 Papae
1460 2501 1699 2557 signandam
1738 2500 1926 2551 exhibet;

480 2578 582 2617 quae
603 2564 767 2620 quidem
782 2562 1006 2607 commissio
1021 2562 1074 2604 ita
1093 2561 1247 2619 signata
1265 2560 1386 2617 vulgo
1411 2561 1627 2618 appellatur
1658 2572 1756 2604 sotto
1772 2561 1895 2602 banca
1918 2589 1930 2602 .

1882 2617 1927 2660 Si
