1993 3195
620 347 658 387 C
692 346 728 386 A
762 348 790 386 P
823 346 863 385 U
892 344 932 386 T
995 345 1076 388 111.
1473 359 1553 388 201

102 409 338 456 recensitum
355 435 369 455 ‚
400 405 446 447 fit
462 404 575 461 copia
601 403 910 446 Commission'is
940 418 987 445 ex
1012 405 1182 446 adverso
1219 411 1394 446 extortae
1422 431 1435 451 ‚
1468 419 1562 445 cum

99 483 176 513 suo
189 466 379 521 rescripto
397 464 438 504 in
455 463 582 505 forma
600 463 788 522 signandi
804 480 816 514 ς
835 476 871 505 et
888 477 977 520 post
995 477 1083 505 eam
1097 477 1202 520 opus
1219 475 1275 505 est
1292 462 1437 504 addere
1457 462 1562 504 hanc

100 524 441 570 commissionem
470 523 788 566 reformatoriam
818 553 831 571 ‚
860 536 899 564 et
920 538 1013 566 cum
1033 524 1280 581 praeinserta
1310 521 1350 562 in
1370 521 1498 563 forma
1514 521 1562 563 si·

99 584 256 643 gnandi
273 616 286 634 ‚
309 583 551 640 consignare
571 582 859 624 Referendario
880 614 893 632 ‚
927 583 999 639 qui
1020 583 1123 624 illam
1144 593 1348 639 proponet
1381 581 1423 621 in
1446 581 1563 637 plena

99 645 314 701 signatura
332 674 345 692 ‚
379 656 552 698 utraque
579 655 687 700 parte
707 639 949 685 informante
978 673 990 691 ‚
1020 643 1080 685 vel
1098 655 1210 699 parte
1231 640 1349 683 citata
1370 669 1379 679 .
1416 641 1569 697 Quunt

100 706 198 746 vero
229 717 318 761 pars
335 702 534 744 obtineret
563 701 605 741 in
627 701 743 759 plena
777 701 991 758 Signatura
1012 701 1351 743 commissionem
1375 700 1565 742 reforma«

101 764 160 813 ri,
195 777 232 805 et
249 775 342 805 cum
361 761 465 802 <licta
495 761 672 802 clausula
707 760 788 803 sine
800 761 1039 818 praejudicio
1057 761 1241 809 rescribi,
1275 773 1312 804 et
1331 758 1450 801 altera
1469 760 1563 802 Pars

99 836 198 865 esset
228 835 390 879 gravata
409 852 422 870 ‚
440 819 632 876 velletque
655 820 800 863 iterum
836 821 970 862 audiri
1006 821 1047 862 in
1065 821 1186 878 plena
1214 819 1433 877 Signatura
1453 848 1466 866 ‚
1491 820 1562 860 ob-

100 881 225 924 tinere
252 881 371 921 debet
387 879 586 922 licentiam
614 881 664 922 ab
681 880 786 922 Effio
802 881 1004 922 Praefecto
1021 910 1034 929 2
1064 880 1195 921 eidem
1215 880 1460 936 exponendo
1496 893 1562 920 ra-

99 940 231 986 tiones
252 939 494 996 gravaminis
516 967 528 985 ,
546 937 620 980 sibi
641 954 661 980 a
681 940 896 998 Signatura
931 938 1025 980 illati
1043 971 1054 988 ,
1081 945 1135 981 ob
1154 954 1256 994 quas
1287 938 1395 995 petat
1412 938 1561 979 iterum

103 1001 239 1043 audiri
257 1014 270 1048 ε,
289 997 360 1052 qui
380 998 544 1052 quidem
563 998 689 1039 Esnus
709 999 958 1046 Praefectus,
989 998 1098 1039 facto
1139 1012 1209 1054 per
1237 998 1393 1037 Partem
1408 1025 1420 1043 ‚
1455 1011 1563 1050 quae

102 1060 190 1104 vult
208 1059 356 1100 iterum
386 1057 543 1105 audiri,
577 1057 759 1112 deposito
808 1071 1018 1099 scutorum
1051 1068 1233 1111 quatuor
1271 1069 1349 1111 pro
1377 1055 1566 1112 expensis

103 1116 328 1161 reficiendis
361 1114 403 1154 in
423 1130 518 1157 casu
540 1117 871 1159 succumbentiae
888 1148 901 1166 ,
934 1115 1047 1171 juxta
1065 1115 1240 1156 formam
1260 1113 1352 1155 alibi
1375 1114 1523 1156 dictam
1548 1143 1563 1164 ,

103 1175 289 1219 concedit
322 1174 524 1214 licentiam
545 1201 557 1219 ‚
595 1187 641 1214 ut
672 1175 813 1215 Causa
849 1176 901 1216 ab
934 1174 1076 1214 eodem
1119 1173 1409 1215 Referendario
1441 1202 1454 1220 ,
1490 1172 1563 1227 qui

102 1235 196 1278 alias
214 1247 299 1274 eam
317 1232 530 1288 proposuit
544 1262 555 1278 ‚
586 1244 882 1287 reproponatur
900 1247 912 1281 ;
948 1243 1071 1286 prout
1088 1231 1259 1273 advertit
1276 1230 1382 1271 hisce
1403 1231 1564 1286 praeci-

103 1293 196 1352 puis
227 1292 358 1335 verbis
377 1290 626 1347 Ridolpln‘nus
640 1289 713 1346 (1)
731 1320 740 1330 .
773 1291 834 1332 Eo
854 1290 1002 1332 etenim
1020 1303 1117 1332 casu
1141 1289 1184 1331 fit
1200 1288 1313 1346 copia
1347 1290 1563 1330 ambarum

104 1350 452 1394 commissionum
471 1349 749 1406 expeditarum
782 1350 1031 1406 aSignatura
1057 1362 1150 1389 cum
1173 1348 1253 1389 suis
1272 1346 1493 1405 rescriptis,
1524 1360 1565 1390 et

105 1409 251 1452 eisdem
270 1409 457 1449 addenda
482 1422 539 1450 est
555 1409 596 1449 in
614 1409 741 1449 forma
760 1408 947 1464 signandi
977 1406 1220 1451 commissio
1239 1406 1533 1448 Reformatoria
1547 1433 1565 1453 ,

106 1481 153 1512 ut
169 1481 351 1520 sequitur
367 1496 378 1508 .

167 1526 351 1569 Formula
379 1525 686 1570 Commissionis
703 1560 715 1578 ,
741 1528 913 1584 quando
934 1529 1026 1570 Pars
1048 1525 1188 1570 denuo
1208 1526 1326 1571 vellet
1346 1524 1509 1584 plenam

613 1588 872 1647 Signaturam
905 1587 1015 1629 adire
1042 1620 1053 1633 .

736 1650 912 1691 Romana
934 1680 944 1690 .

617 1709 870 1753 Beatissimae
903 1709 1018 1750 Pater
1040 1737 1055 1750 .

228 1770 275 1813 Si
285 1772 342 1812 N.
360 1771 416 1812 N.
437 1769 476 1811 in
493 1770 662 1812 secundo
692 1771 773 1812 loco
784 1767 1026 1825 praeinserta
1056 1781 1128 1824 pro
1147 1766 1312 1810 Oratore
1344 1765 1567 1808 nomina-tus

109 1828 156 1870 S.
172 1828 225 1871 V.
241 1828 478 1885 exposuisset
491 1858 503 1872 ‚
518 1839 635 1883 prout
652 1843 730 1868 non
747 1829 830 1868 sine
841 1828 932 1868 dolo
953 1827 1076 1868 tacuit
1094 1858 1107 1875 ‚
1140 1828 1246 1883 quod
1260 1836 1400 1867 asserta
1416 1825 1572 1883 obliga-

110 1887 167 1929 tio
187 1886 398 1928 Cameralis
415 1917 428 1935 ,
443 1886 556 1941 cajus
571 1884 702 1942 vigore
718 1897 850 1942 egerat
865 1899 990 1925 coram
1008 1886 1113 1925 Ac.
1131 1887 1188 1924 N.
1198 1882 1335 1937 fuerat
1349 1883 1572 1925 antea-vul-

112 1957 248 1987 nerata
271 1962 342 2000 per
365 1945 588 1986 sententiam
619 1941 894 1984 absolutorium
919 1971 931 1990 ,
966 1957 1004 1983 et
1022 1942 1068 1984 ob
1094 1942 1137 1983 id
1146 1957 1351 2000 perperam
1386 1942 1470 2001 egit
1486 1973 1499 1992 ‚
1534 1951 1573 1983 et

110 2005 405 2046 mandatumab
423 2003 524 2044 Ac.
545 2004 599 2043 N.
622 2002 804 2050 decerni,
825 2013 861 2042 et
876 2001 1050 2043 relaxari
1066 2002 1229 2044 extorsit
1244 2002 1305 2042 via
1326 2000 1573 2058 emqumivn,

113 2077 211 2121 quae
223 2063 327 2103 nullo
359 2063 470 2103 modo
484 2062 520 2104 ei
531 2061 765 2121 competebat
778 2092 790 2109 ,
817 2075 934 2117 eoque
948 2060 1078 2120 magis
1099 2089 1111 2108 ‚
1144 2059 1234 2118 qaia
1247 2061 1444 2117 pendebat
1466 2059 1573 2101 Cau-

118 2137 158 2164 sa
174 2120 443 2178 appellationis
459 2149 471 2168 ‚
503 2121 551 2162 ab
568 2136 610 2161 eo
626 2137 649 2161 a
661 2119 804 2176 prima.
819 2121 1006 2160 sententia
1041 2119 1291 2175 interpositae
1306 2151 1320 2170 ,
1351 2134 1427 2176 qua
1445 2127 1575 2161 stante

119 2180 214 2223 nihil
225 2191 307 2222 erat
323 2180 587 2222 innovandam
611 2208 622 2226 ‚
652 2177 786 2233 utique
811 2178 980 2218 secundo
1010 2179 1292 2233 praeinsertam
1328 2193 1406 2220 non
1437 2191 1575 2220 extor-

123 2239 229 2282 sisset
247 2255 259 2289 ;
289 2255 419 2282 verum
438 2239 525 2297 quia
542 2239 655 2279 Pater
670 2238 813 2278 Sancte
831 2251 999 2291 aequum
1017 2252 1093 2278 non
1111 2246 1184 2286 est,
1200 2249 1243 2278 ut
1253 2238 1384 2291 falsus
1396 2247 1575 2294 precator

124 2300 295 2357 gaudeat
311 2299 526 2357 impetratis
545 2312 558 2347 ;
591 2296 784 2353 supplicat
815 2295 956 2337 idcirco
979 2296 1174 2347 humiliter
1198 2297 1241 2338 S.
1265 2297 1314 2339 V.
1332 2295 1475 2338 Orator
1499 2310 1575 2337 aa·

128 2357 313 2408 redimus,
346 2371 390 2401 ut
403 2358 585 2415 dig-netur
608 2356 724 2397 eidem
746 2356 801 2395 N.
830 2355 885 2395 N.
902 2383 915 2400 ,
945 2356 1010 2397 cui
1021 2356 1151 2413 primo
1171 2356 1414 2412 praeinserta
1442 2363 1501 2395 est
1517 2353 1574 2394 di-

129 2427 231 2460 recta
249 2447 262 2466 ,
284 2418 380 2459 utin
399 2411 522 2460 Causa
542 2447 555 2466 ,
586 2426 625 2457 et
641 2413 777 2456 causis
802 2411 1021 2468 hujusmodi
1036 2446 1049 2464 ,
1064 2431 1111 2456 ac
1130 2414 1164 2456 si
1180 2417 1347 2456 secundo
1357 2411 1576 2470 praeinser-

1073 2473 1112 2514 C
1145 2487 1167 2514 c
1532 2480 1577 2512 ta

154 2547 309 2561 —
1264 2541 1577 2556 —ffl

470 2545 784 2560 —h-——u-u-

180 2609 233 2647 (τ)
263 2609 299 2638 In
324 2608 426 2651 praxi
451 2614 518 2649 cap.
541 2615 591 2649 ¹3·
617 2615 653 2649 p.
674 2614 704 2637 1.
730 2616 762 2639 n·
784 2613 839 2645 55.
