1952 3167
307 314 396 358 nit-o
593 298 668 341 DE
695 298 828 347 JURE
858 295 1002 340 SIGN
1003 296 1203 340 -xTURAE
1234 294 1485 344 JUSTITIAE

275 398 281 405 x
310 359 593 416 unusquisque
621 373 680 402 sat
698 358 879 415 intelligit
898 387 911 405 ,
948 359 988 400 id
1018 358 1122 399 nihil
1143 358 1321 400 utilitatis
1334 355 1511 399 Causis
1503 356 1593 414 ipsis
1612 355 1778 400 afferre
1762 387 1776 408 ,

311 421 434 462 immo
454 433 600 476 parum
620 420 812 460 honestos
828 419 1050 461 censendos
1069 432 1147 459 esse
1168 419 1251 458 illos
1268 448 1281 466 ,
1317 418 1388 470 qui
1409 419 1556 459 talibus
1575 430 1774 466 utuntur;
1807 462 1810 465 ⁴

311 480 407 522 hinc
433 479 491 520 ille
510 507 522 526 ,
560 479 629 535 qui
650 509 662 527 ,
695 490 740 519 ut
757 492 828 543 par
844 489 930 525 est,
963 477 1120 517 muneri
1137 491 1213 516 suo
1229 474 1451 518 satisfacere
1483 477 1524 515 in
1558 476 1773 520 scribendo

311 539 431 588 velit,
457 553 652 595 suamque
672 536 1006 579 existimationem
1026 534 1156 583 tueri,
1187 536 1238 576 ab
1260 533 1347 583 his,
1380 545 1418 574 et
1438 533 1530 575 sim
1520 534 1639 577 libus
1651 537 1776 577 rebus

315 599 512 642 abstinere
531 613 568 640 se
595 596 764 639 omnino
783 596 927 643 debet,
946 607 1177 650 semperque
1196 592 1441 646 obsequium
1472 608 1590 635 omne
1615 594 1775 638 Adver-

314 658 420 700 sario
441 657 615 712 profiteri
637 685 650 704 ,
685 668 733 696 ex
761 652 1047 710 quojuribus‚
1070 667 1162 693 non
1173 651 1313 710 jurgiis
1330 681 1343 699 ,
1344 652 1547 709 legibus,
1563 668 1645 694 non
1669 652 1776 695 libel-

318 718 363 760 lis
403 715 591 766 famosis,
627 716 774 757 debent
808 711 968 755 Causas
995 712 1206 754 defendere
1240 712 1479 762 Advocati,
1508 727 1546 756 et
1578 714 1784 756 Procura-

317 790 450 821 tores·
441 809 453 827 ,
486 789 598 818 secus
627 773 816 816 infamiae
853 784 989 814 notam
1016 788 1082 815 eos
1123 772 1327 815 incurrere
1349 785 1501 814 certum
1518 786 1590 816 est
1595 788 1652 816 ex
1681 775 1776 828 Leg

319 835 504 892 Quisquis
524 833 618 876 Cocl.
636 836 686 875 de
696 832 942 891 postulando
961 863 974 882 ‚
1010 847 1134 886 quam
1162 830 1279 874 refert
1295 833 1475 889 Perezzus
1506 833 1552 888 (ι
1538 833 1609 887 ι),
1639 832 1783 889 etpost

316 911 411 937 eum
429 897 667 936 Xammarus
682 894 777 949 (2).
795 895 1001 949 Propterea
1013 893 1216 934 Summus¹
1211 890 1402 934 Pontifex
1421 891 1661 935 Benedictus
1677 903 1776 933 x111.

320 954 365 994 isi
394 967 466 994 sua
488 951 793 993 Constitutione
823 951 897 1005 (3)
923 965 1100 1007 expresse
1119 952 1287 998 statuit,
1311 965 1374 992 ne
1405 951 1508 992 uitta
1527 950 1642 1006 quod
1661 949 1784 991 Cau-

322 1025 386 1054 sae
416 1009 593 1065 exposcit
629 1008 869 1056 utilititas‚
861 1008 1120 1050 inlicentiam
1140 1009 1431 1058 conviciandi,
1457 1021 1496 1051 et
1515 1007 1786 1051 maledicendi

311 1069 582 1112 temeritatem
612 1064 786 1123 quisque
819 1080 1095 1125 prorumpat·
1085 1101 1099 1119 ‚
1126 1080 1164 1110 et
1196 1067 1269 1110 alia
1306 1069 1353 1110 de
1380 1083 1503 1111 causa
1535 1069 1654 1110 etiam
1670 1081 1788 1110 com-

321 1130 468 1188 probat
504 1129 775 1176 Xammarus,
799 1127 1036 1170 Advocatos
1054 1156 1066 1175 ,
1098 1141 1136 1170 et
1159 1129 1443 1170 Procuratores
1470 1143 1550 1170 esse
1578 1128 1786 1170 abstinen-

325 1189 396 1230 dos
421 1204 441 1229 a
476 1187 581 1229 dicta
615 1187 768 1228 ratione
795 1186 1026 1233 scribendi,
1058 1202 1177 1228 nam·
1189 1187 1220 1228 si
1247 1187 1468 1244 petulantia
1488 1216 1500 1234 ,
1537 1186 1707 1253 jurgiis,
1738 1195 1786 1228 ac

323 1246 573 1289 contumeliis
606 1245 768 1287 Causas
798 1244 1020 1288 defendant
1056 1276 1068 1293 ‚
1110 1245 1171 1286 rti
1205 1260 1391 1301 procaces
1417 1274 1431 1292 ,
1466 1246 1665 1286 temerarii
1689 1273 1702 1292 ‚
1740 1258 1787 1286 ae

324 1305 581 1362 impudentes
609 1304 650 1343 in
686 1305 919 1357 loquendo,
951 1317 989 1345 et
1009 1304 1252 1351 scribendo,
1284 1304 1461 1345 audlunt
1479 1318 1695 1360 persaepe,
1729 1301 1789 1345 ait

323 1364 383 1406 ille
404 1396 416 1414 ,
432 1362 546 1419 quod
574 1376 658 1403 non
677 1363 822 1405 volunt
844 1377 855 1410 ;
875 1376 958 1416 qua
984 1363 1024 1403 in
1061 1377 1099 1404 re
1121 1377 1193 1404 nec
1212 1364 1439 1419 spernenda
1458 1376 1513 1404 est
1532 1363 1791 1406 animadver-

326 1424 386 1466 sio
421 1423 482 1463 illa
518 1422 682 1476 Ursajcze
702 1423 776 1476 (4)
795 1451 808 1469 ,
838 1423 1106 1474 sequentibus
1140 1422 1271 1463 verbis
1296 1435 1479 1477 expressa
1502 1435 1514 1461 τ
1541 1424 1654 1477 quod
1668 1437 1794 1478 quan-

323 1481 377 1524 do
404 1480 545 1522 minuti
563 1479 739 1520 Cui-iales
769 1480 829 1520 vel
843 1482 1040 1521 excedunt
1058 1480 1268 1520 modestiae
1281 1479 1415 1536 fines,
1428 1491 1510 1521 tam
1540 1479 1579 1520 in
1601 1480 1792 1533 infor-ma

326 1540 492 1584 tionibus
523 1541 565 1580 itz
582 1552 707 1588 voce,
738 1553 852 1594 quam
883 1539 922 1579 in
946 1538 1128 1595 scriptis,
1163 1539 1224 1580 vel
1237 1537 1394 1591 factum
1411 1540 1574 1581 subdole
1600 1541 1792 1591 alternat,

329 1614 457 1642 severe
489 1611 624 1640 contio
653 1597 755 1663 ipsos
771 1629 784 1647 ‚
810 1611 857 1638 et
873 1598 1040 1645 merito,
1061 1598 1291 1656 proceditur
1318 1599 1357 1640 in
1378 1598 1551 1641 omnibus
1572 1599 1686 1642 Urbis
1705 1602 1796 1643 Tri-

333 1656 568 1703 hunalilms,
608 1672 631 1697 a
655 1656 806 1714 quibus
837 1657 1052 1714 aliquando
1081 1661 1373 1701 demandantur
1398 1659 1553 1701 illorum
1586 1674 1798 1727 capturae,

331 1733 414 1762 una
443 1731 529 1758 cum
557 1730 806 1772 suspensione
822 1718 872 1758 ab
891 1718 1072 1760 exercitio
1088 1718 1303 1768 scribendi,
1320 1718 1673 1776 utpracticavitS.
1695 1721 1797 1762 Rota

287 1809 289 1811 -
331 1778 457 1831 dieg.
475 1775 688 1817 decembris
714 1776 839 1831 1696.
860 1808 872 1825 ,
899 1777 1171 1826 rescribendo,
1187 1779 1230 1818 N
1263 1778 1318 1818 N.
1341 1781 1606 1833 suspendatur
1621 1781 1669 1822 ab
1684 1794 1801 1822 exer-

334 1836 423 1879 citio
449 1834 670 1884 scribendi,
693 1846 731 1876 et
755 1846 892 1877 contra
930 1838 984 1877 N.
1005 1838 1058 1876 N
1090 1809 1286 1879 relcixetur
1305 1839 1536 1879 mandatum
1565 1840 1615 1880 de
1645 1838 1804 1897 capien-

333 1897 412 1945 d03
443 1894 651 1950 aliquando
684 1909 772 1936 vero
797 1895 1017 1951 puniuntur
1052 1897 1134 1937 sola
1163 1898 1418 1963 suspensione
1447 1897 1636 1941 scribendi
1667 1901 1722 1941 ad
1739 1901 1800 1942 be-

270 1959 272 1961 ’
336 1954 572 2021 neplacitum
610 1954 864 2004 Tribunalis,
897 1966 941 1997 ut
955 1955 1187 2013 praetia-avit
1204 1957 1613 2015 Signaturalustitiae
1644 1958 1703 1998 die
1729 1959 1796 1999 18

334 2012 561 2073 septembris
601 2027 727 2070 1704
753 1986 989 2057 rescribendo
1009 2045 1020 2063 ‚
1060 2016 1204 2073 siquid
1233 2019 1529 2084 exequendum,
1560 2030 1596 2059 et
1612 2015 1796 2080 amplius,

339 2087 525 2130 suspenso
558 2074 614 2116 N.
629 2075 685 2114 N.
713 2089 737 2114 α
755 2074 956 2118 scribendo
981 2077 1034 2116 ad
1051 2075 1332 2130 beneplacitum
1358 2075 1604 2122 Tribunum-3
1620 2072 1803 2130 aliquan-

339 2132 388 2172 do
421 2134 581 2174 demum
608 2133 761 2175 moneri
788 2134 912 2174 solent
945 2133 1006 2171 vel
1020 2132 1272 2186 simpliciter,
1304 2135 1365 2174 vel
1395 2131 1534 2175 acriter
1551 2163 1564 2183 ,
1585 2133 1711 2188 juxta
1733 2134 1800 2189 fa-

341 2188 392 2232 eti
415 2192 649 2244 qualitates,

411 2248 616 2290 Summam
629 2246 835 2290 inutilium
853 2261 986 2291 rerum
1004 2279 1016 2298 ,
1033 2247 1180 2304 quibus
1195 2250 1372 2293 omnino
1392 2251 1432 2292 in
1453 2252 1666 2296 scribendo
1688 2268 1807 2299 cave·
1834 2263 1840 2270 ‘

1765 2328 1805 2356 re

507 2379 706 2394 -—
1650 2385 1806 2398 —

392 2422 444 2462 (ι)
468 2423 523 2455 Ad
539 2424 748 2456 ordinationes
777 2425 877 2464 Regni
894 2407 1044 2455 castellae
1137 2432 1143 2462 ι
1153 2436 1170 2467 3
1216 2424 1247 2466 §.
1266 2436 1294 2457 1.
1327 2427 1445 2460 Bullar.
1462 2439 1538 2461 nov.
1572 2438 1646 2462 tom
1668 2437 1696 2459 1·
1725 2427 1806 2460 etin

353 2475 428 2499 tm
443 2477 469 2500 1.
496 2468 551 2500 lib.
568 2478 599 2501 2.
627 2471 678 2501 tit
702 2478 755 2508 19.
777 2467 837 2510 lcg.
855 2476 884 2498 2
1100 2471 1233 2512 append.
1259 2480 1294 2512 p.
1312 2478 1365 2512 69.

398 2512 454 2551 (2)
479 2516 511 2545 P
526 2523 557 2545 2.
588 2526 641 2557 qu.
665 2523 691 2546 t
718 2523 805 2548 num.
825 2522 876 2554 19.
894 2512 933 2546 de
949 2512 1052 2554 Officio
1164 2525 1200 2555 4»
1228 2517 1298 2549 Lib.
1323 2527 1354 2549 2.
1386 2520 1439 2550 tit.
1463 2528 1515 2551 ιο.
1549 2529 1582 2551 n.
1604 2527 1678 2561 113.
1703 2517 1807 2551 Instit

351 2558 382 2589 A
390 2557 434 2587 elz
439 2566 621 2591 ocatorum.
1104 2560 1237 2593 crimin
