1952 3167
358 294 426 340 146
722 297 784 332 DE
811 298 924 339 JURE
960 297 1239 335 SIGNATURAE
1265 300 1478 341 JUSTI'I'IAE

352 341 587 378 Costituzione
614 342 700 380 della
715 345 886 383 fel-mem.
917 348 951 383 di
981 350 1167 384 Benedetto
1186 350 1278 384 XIV.
1304 351 1433 385 Nostro
1464 350 1706 386 predecessore
1731 362 1831 396 sopra
1883 385 1887 395 ,

356 390 386 425 la
406 391 559 428 Riforma
582 393 634 428 de'
653 392 830 431 Tribunali
858 397 892 432 di
917 407 1037 444 questa
1065 410 1176 434 nostra
1202 399 1297 434 Citt&
1313 399 1346 434 di
1362 400 1470 434 Roma
1489 409 1635 434 emanata
1647 399 1722 434 nell'
1742 403 1838 435 Anno

361 450 467 486 1742.
502 451 595 477 sotto
612 444 633 478 li
652 455 710 488 27.
729 446 868 484 Febrajo
883 470 893 485 ,
919 448 960 481 ed
979 447 1060 482 altre
1089 447 1316 481 Costituzioni
1341 447 1392 481 de'
1409 448 1533 481 Sommi
1554 448 1713 481 Pontefici
1741 461 1840 494 sopra

354 488 387 524 le
405 489 530 525 facolta
561 492 594 526 di
618 493 820 538 qualsisieno
837 496 975 529 Giudici
992 519 1001 534 ,
1029 508 1045 529 e
1065 494 1237 528 Tribunali
1257 518 1267 532 ,
1294 495 1322 528 la
1347 494 1444 528 Bolia
1459 497 1491 528 di
1509 495 1567 528 Pio
1585 495 1646 529 IV.
1663 495 1842 532 similmen-

356 544 388 572 te
423 537 555 574 Nostro
578 541 823 577 predecessore
842 546 883 576 de
898 543 1137 588 registi-andis,
1171 543 1198 575 la
1225 542 1353 587 Regola
1380 542 1465 577 della
1492 543 1614 577 Nostra
1632 544 1843 581 cancellaria

354 586 397 620 de
419 588 495 626 jure
525 591 664 634 quaesito
683 601 748 624 non
773 590 920 624 tollendo
943 614 952 629 ‚
983 603 1000 624 e
1021 589 1222 635 qualsisieno
1254 591 1335 625 altre
1363 591 1620 632 Costituzioni,
1645 602 1677 627 et
1698 592 1844 628 Ordina-

352 635 441 669 zioni
458 638 704 681 Appostoliche
721 647 830 673 nostre
847 663 856 679 ‚
889 639 942 673 de'
957 639 1074 674 Nostri
1095 640 1328 674 predecessori
1346 664 1355 677 ,
1385 641 1490 687 Leggi
1509 665 1519 681 ‚
1551 642 1671 677 Statuti
1692 665 1702 681 ,
1731 641 1844 676 Rifor-

353 694 407 717 me
424 708 434 723 ‚
463 686 545 725 Usi,
573 685 672 725 stili,
703 687 954 723 Consuetudini
971 712 980 727 ,
1007 701 1024 723 e
1041 689 1233 734 qualunque
1264 688 1345 723 altra
1361 700 1436 724 cosa
1452 714 1462 729 ‚
1493 692 1554 724 che
1570 691 1695 725 facesse
1709 715 1719 730 ,
1752 703 1772 724 o
1787 702 1844 734 po-

353 740 439 766 tesse
465 734 533 768 fare
563 734 594 767 in
615 735 787 769 contrario
805 761 814 776 ‚
845 737 908 772 alle
932 738 1022 784 quali
1046 748 1133 773 tutte
1151 762 1160 777 ,
1189 750 1206 772 e
1229 737 1384 784 singole,
1411 740 1586 774 avendone
1612 739 1632 774 il
1656 750 1772 774 tenore
1785 740 1845 784 qul

346 792 412 826 per
449 793 597 827 espresso
617 807 626 822 ,
656 785 721 818 edi
745 785 859 829 parola
875 786 906 821 in
935 786 1048 831 parola
1066 787 1190 822 inserto
1204 812 1213 826 ‚
1243 799 1260 820 e
1278 787 1475 832 registrat0‚
1503 801 1520 822 e
1536 788 1724 834 supplendo
1754 787 1843 823 colla

350 831 427 875 pien
439 843 516 865 ezza
544 831 629 866 della
647 833 772 867 Nostra
792 835 927 870 Potest&
942 836 1120 871 Pontificia
1144 838 1182 870 ad
1201 839 1278 883 ogni
1295 836 1385 871 vizio
1399 861 1410 877 ‚
1440 848 1457 870 e
1473 837 1591 872 difetto
1609 861 1619 877 ,
1648 846 1842 883 quantunqe

348 879 553 914 sostanziale
569 904 579 919 ,
609 892 626 914 e
642 881 784 916 formale
797 906 807 921 ,
840 885 902 917 che
917 885 950 918 vi
967 894 1099 929 potesse
1116 885 1315 920 intervenire
1332 910 1342 925 ‚
1370 897 1430 929 per
1444 895 1562 932 questa
1585 886 1655 920 sola
1671 886 1767 920 volta
1787 910 1795 924 ‚
1821 897 1841 920 e

350 938 411 971 per
433 927 463 961 la
480 928 600 970 piena,
626 940 644 961 e
678 929 780 964 totale
806 933 1007 967 esecuzione
1034 934 1067 967 di
1084 944 1209 979 quanto
1238 935 1264 969 si
1285 934 1439 970 contient
1469 937 1520 969 nel
1539 942 1694 981 presente
1709 934 1839 969 Nostro

347 974 557 1018 chirografo
571 1000 581 1015 ,
611 976 839 1020 ampiamente
853 1004 863 1021 ,
889 983 929 1016 ed
947 992 1205 1026 espressamente
1242 985 1462 1029 deroghiamo
1479 1008 1488 1018 .

445 1023 536 1058 Dato
557 1026 608 1059 dal
630 1035 745 1061 nostro
766 1028 904 1064 Palazzo
920 1031 1122 1074 Apostolico
1141 1033 1173 1068 di
1192 1034 1308 1068 Monte
1326 1032 1469 1067 Cavallo
1494 1040 1614 1079 questo
1639 1033 1674 1068 dl
1697 1033 1754 1067 26.
1769 1030 1836 1066 Ot-

349 1073 444 1108 tobre
465 1076 569 1119 1766.
599 1091 634 1111 Ξ
650 1075 905 1114 CLEMENTE
927 1080 996 1116 PF.
1010 1075 1105 1115 XIII.
1124 1096 1158 1117 :-

982 1181 1044 1229 N.
1063 1183 1197 1230 XLII.

370 1271 644 1320 Constitutio
662 1275 911 1325 Clementis
944 1280 1005 1324 Xl
1015 1281 1066 1326 V.
1115 1296 1196 1347 qua
1208 1278 1435 1349 privilegia
1451 1280 1800 1329 Communitatis

520 1358 565 1394 et
584 1349 839 1398 HomInum
861 1352 1067 1402 Civitatis
1102 1354 1283 1423 Ripanae
1310 1351 1654 1402 confirmantur.

429 1464 577 1504 Atefflas
608 1479 706 1510 quam
737 1471 778 1504 de
798 1472 954 1507 omnibus
987 1473 1118 1507 Christi
1149 1474 1301 1508 fidelibus
1331 1499 1341 1514 ,
1382 1474 1500 1516 eisque
1539 1470 1748 1516 praesertlm‚
1773 1469 1831 1516 qul

439 1511 536 1547 etiam
556 1536 566 1551 ,
595 1517 706 1557 quoad
720 1520 918 1562 temporalia
946 1521 1091 1559 Nostri,
1131 1529 1163 1554 et
1196 1522 1402 1564 Apostolicae
1432 1520 1524 1554 Sedis
1555 1519 1680 1553 subditi
1710 1527 1788 1552 sunt
1820 1543 1832 1558 ,

336 1559 478 1593 authore
509 1561 660 1596 Domino
678 1586 687 1600 ‚
716 1567 888 1608 gerimus,
918 1578 1022 1607 cura,
1053 1570 1302 1614 quammaxime
1341 1577 1463 1612 urget,
1492 1575 1528 1600 ut
1558 1567 1654 1605 juxta
1680 1566 1830 1611 ipsorum

339 1607 498 1642 sinceram
516 1633 526 1648 ,
554 1621 590 1643 ac
608 1611 767 1649 majorem
798 1613 829 1647 in
849 1613 921 1648 Nos
939 1639 950 1654 ,
982 1625 1013 1651 et
1031 1618 1151 1651 Sedem
1183 1617 1375 1660 praedictam
1407 1615 1623 1650 devotionem
1640 1639 1649 1654 ‚
1680 1625 1713 1649 et
1731 1615 1832 1650 fidem

337 1655 586 1693 liberalioribus
619 1659 800 1705 gratiarum
817 1664 1012 1698 muneribus
1029 1676 1086 1698 eos
1111 1675 1382 1710 prosequamur.
1409 1664 1537 1707 Exponi
1565 1663 1734 1709 siquidem
1753 1663 1829 1698 No-

335 1705 386 1739 bis
401 1717 507 1751 nuper
536 1707 689 1743 fecerunt
721 1710 852 1745 Dilecti
881 1711 939 1747 filii
957 1713 1196 1748 Communitas
1216 1738 1226 1753 ,
1270 1722 1304 1747 et
1319 1713 1487 1748 Homines
1519 1712 1682 1747 Civitatis
1710 1720 1832 1748 nostrae

336 1753 500 1799 Ripanae‚
529 1758 620 1801 quod
639 1758 702 1802 ipsi
730 1768 849 1803 praeter
862 1760 925 1795 alia
953 1761 1157 1809 privilegia,
1189 1762 1337 1808 gratias,
1366 1770 1401 1797 et
1425 1761 1552 1796 indulta
1578 1761 1641 1797 sibi
1665 1762 1830 1797 aRoma-

337 1802 386 1838 nis
411 1804 633 1841 Pontificibus
651 1807 960 1845 Praedecessoribus
977 1811 1096 1846 nostris
1112 1835 1122 1852 ‚
1153 1820 1185 1846 et
1198 1812 1280 1847 Sede
1294 1812 1449 1857 praedicta
1465 1835 1476 1850 ,
1505 1822 1692 1857 eorumque
1723 1812 1831 1856 Lega-

337 1851 402 1892 tis,
444 1853 648 1901 vicelegatis
679 1882 689 1896 ,
720 1867 754 1892 et
771 1858 972 1894 Praesidibus
999 1872 1154 1896 concessa
1173 1885 1184 1900 ,
1211 1860 1418 1896 cumulativa
1446 1872 1583 1906 quoque
1600 1861 1760 1895 fruuntur
1777 1859 1830 1898 J’u-
1853 1877 1864 1879 -

336 1899 534 1937 risdictione
553 1928 562 1943 ‚
592 1918 657 1950 qua
673 1906 827 1951 publicus
857 1908 1098 1954 Magistratus,
1124 1918 1158 1945 et
1172 1910 1410 1945 Commissarii
1432 1920 1495 1955 pro
1510 1919 1665 1954 tempore
1683 1909 1829 1944 existen-

337 1959 384 1984 tes
413 1950 508 2000 dictae
524 1953 684 1989 Civitatis
717 1956 747 1989 in
763 1957 871 1992 causis
899 1966 1029 1994 tantum
1058 1959 1241 1999 fraudum,
1270 1971 1344 2005 quae
1360 1969 1476 1995 contra
1502 1967 1651 1994 tenorem
1668 1983 1678 1998 ,
1707 1970 1744 1993 ac
1760 1956 1828 1992 dis-

333 1999 552 2042 positionem,
571 2003 835 2049 Capitulorum,
853 2006 1004 2051 publicos
1023 2017 1208 2053 proventus
1223 2009 1514 2048 concernentium,
1533 2007 1798 2044 committuntur
1812 2027 1824 2043 2

336 2058 398 2082 una
431 2049 531 2085 simul
579 2054 768 2098 procedunt
796 2078 806 2088 .
857 2056 954 2091 Hanc
996 2057 1085 2093 enim
1124 2056 1366 2094 cumulativam
1407 2057 1678 2098 jurisdictionem
1724 2057 1822 2087 Anno

334 2095 566 2135 MDCXCII.
606 2102 701 2138 bonae
730 2104 902 2139 memoria:
934 2106 1149 2142 Marcellinus
1176 2107 1372 2151 Albergotti
1400 2115 1480 2141 tunc
1509 2105 1667 2148 temporis
1697 2102 1822 2135 I’raeses

332 2143 495 2181 Civitatis
526 2149 653 2184 Montis
682 2151 782 2192 Alti,
813 2154 905 2196 prius
931 2156 1103 2198 perpensis
1119 2154 1252 2192 iuribus
1283 2154 1361 2186 hinc
1387 2153 1464 2186 inde
1495 2151 1673 2189 deductis,
1702 2159 1821 2204 aPPrQ'

325 2191 444 2232 bavit,
471 2202 504 2227 et
523 2198 762 2235 confirmavit,
781 2200 918 2242 suisque
935 2200 1058 2234 Literis
1073 2202 1112 2234 ad
1133 2199 1376 2244 Magistratum
1406 2200 1604 2244 praedictum
1621 2206 1819 2241 conscriptis

325 2239 495 2281 injunxit,
523 2251 559 2277 ut
576 2241 785 2288 inposterum
812 2244 1016 2280 cumulative
1043 2259 1179 2291 quoque
1231 2247 1264 2279 in
1283 2247 1401 2281 iisdem
1432 2247 1554 2282 Causis
1580 2248 1738 2282 adversus
1765 2249 1822 2279 de-

326 2286 515 2333 linquentes
559 2292 806 2332 procedendum
843 2303 950 2333 esset,
979 2293 1030 2328 his
1050 2294 1192 2334 adjectis
1228 2293 1506 2336 conditionibus,
1539 2307 1684 2340 nempe,
1726 2294 1818 2339 quod

330 2337 400 2371 sive
430 2338 690 2374 Commissarius
717 2341 813 2376 dictae
845 2341 1007 2377 Civitatis
1036 2343 1202 2389 Ripanae,
1235 2342 1306 2378 sive
1320 2342 1421 2379 iidem
1440 2344 1656 2390 Magistratus
1674 2343 1704 2376 in
1722 2342 1817 2377 frau-

328 2385 425 2421 dibus
449 2387 655 2424 inveniendis
685 2388 825 2425 alterurn
859 2391 1048 2433 respective
1081 2391 1295 2437 praevenisset
1312 2417 1323 2434 ‚
1351 2402 1430 2428 tunc
1445 2405 1621 2436 processus
1638 2391 1818 2428 conficien-

331 2435 390 2469 dus
418 2437 553 2481 quidem
583 2450 671 2474 esset
696 2451 713 2473 a
730 2440 869 2485 proprio
886 2439 1100 2476 Cancellario
1117 2441 1206 2477 illius
1223 2465 1233 2481 ,
1264 2441 1321 2487 qui
1338 2443 1433 2487 prior
1448 2441 1480 2476 in
1495 2440 1724 2487 preveniendo
1735 2441 1819 2475 fuis-

328 2493 403 2522 set,
431 2486 487 2519 sed
507 2486 532 2520 is
550 2488 590 2522 ad
608 2487 877 2529 absolutionem,
915 2501 973 2524 seu
990 2491 1306 2526 condemnationem
1340 2492 1491 2526 Reorum
1526 2491 1665 2526 minime
1697 2500 1816 2534 proce·

326 2533 407 2567 dere
422 2532 547 2569 valeret
575 2537 699 2583 absque
712 2538 884 2584 praesentia
899 2562 910 2578 ,
940 2546 973 2574 et
987 2546 1069 2585 voto
1096 2539 1232 2577 alterius
1249 2563 1259 2579 ,
1283 2539 1341 2585 qui
1357 2549 1485 2586 quartae
1511 2541 1619 2588 partis
1644 2549 1813 2592 paenarurn

1742 2596 1814 2623 exi-
