1993 3195
602 335 637 377 C
672 335 710 377 ,Α
741 334 771 375 Ρ
804 337 845 377 U
877 335 915 377 Τ
977 337 1030 376 H.
1463 353 1545 397 123

78 398 284 446 Audientia
301 394 376 438 erit
392 395 527 437 diebus
558 396 690 437 Lunae
708 426 722 444 ‚
749 395 903 443 etlovis
921 426 934 444 ,
966 397 1056 437 hom
1086 391 1199 434 solita
1226 420 1241 442 ,
1271 402 1311 437 et
1325 408 1503 442 consueta
1533 429 1549 449 ,

494 466 531 497 et
549 456 677 513 legent
691 452 925 513 infrascripti
940 452 1100 496 Notarii
1119 483 1129 493 .

78 518 248 574 Scriptor
264 513 438 558 Archivii
458 546 468 556 .
790 515 947 556 Notarii
968 512 1277 555 Eminentissimi
1298 514 1445 557 Vicarit'
1463 545 1475 558 .

74 575 232 619 Notarii
263 576 467 617 Autlitoris
502 574 691 616 Camerae
714 604 725 615 .
793 573 951 616 Notarii
968 573 1245 615 Gubernatoris
1274 574 1390 616 Urbis
1408 604 1419 616 .

76 634 233 678 Notat-ii
252 636 372 678 Rotae
411 664 421 674 .
792 634 948 675 Notarii
979 633 1119 675 Curiae
1135 631 1263 690 Burgi
1286 662 1298 672 .

432 693 508 736 Die
525 704 655 735 autem
695 692 780 736 Ven
787 693 861 735 eris
875 694 966 734 hora
978 689 1177 750 praedicta
1194 691 1331 750 legent
1350 724 1361 735 .

192 753 373 811 Scriptor
402 754 580 795 Arclzivii
594 753 634 793 in
653 751 930 794 Criminnlibus
946 781 957 792 .

193 813 352 856 Notarii
381 814 434 855 A.
458 812 502 853 C.
522 813 565 853 in
587 810 860 854 Criminalibus
878 841 888 851 .

193 870 355 915 Notarii
385 871 695 915 Eminentissimi
715 869 865 915 Vicarii
881 870 923 911 in
941 868 1214 915 criminalibus
1232 901 1245 914 .

193 932 352 974 Notat-ii
384 931 522 975 Curiae
541 930 669 988 Burgi
683 931 724 972 in
750 927 1024 972 Criminolibus
1044 960 1053 970 .

192 992 352 1034 Notat-ii
386 990 695 1032 Eminentia-simi
709 988 924 1031 camerarii
942 1018 954 1030 .

192 1051 353 1092 Notarii
384 1051 416 1091 C
417 1049 526 1089 uriae
545 1048 784 1105 Capitolinae
805 1075 815 1085 .

193 1110 249 1149 Et
277 1124 412 1149 omnes
427 1107 583 1149 Notarii
597 1107 760 1148 allorum
788 1102 1052 1146 Tribunalz'um
1077 1134 1087 1145 .

75 1165 183 1204 Inter
215 1167 287 1203 hos
307 1180 445 1204 omnes
478 1180 527 1204 ne
547 1165 820 1206 controversia
852 1164 1118 1210 suboriatur,
1150 1164 1223 1218 qui
1260 1162 1390 1220 primo
1427 1164 1548 1219 loco,

42 1268 45 1269 ⁷
70 1222 132 1265 vel
150 1221 331 1262 secundo
349 1235 442 1262 suas
460 1219 670 1262 citationes
685 1220 809 1276 legere
837 1220 1007 1268 debeat³
1041 1218 1193 1261 ibidem
1221 1223 1414 1265 statuitur
1430 1253 1444 1272 ,
1469 1237 1546 1276 ut,

71 1294 238 1336 excepto
256 1279 451 1335 Scriptore
484 1279 668 1322 Archivii
685 1310 698 1328 ,
733 1280 864 1336 primo
879 1279 1084 1322 venientes
1105 1279 1236 1337 legant
1255 1311 1266 1321 .

195 1340 239 1379 In
259 1338 421 1381 caeteris
437 1338 582 1379 diebus
605 1338 777 1380 habetur
805 1339 925 1381 etiarn
945 1341 996 1380 ab
1013 1339 1211 1381 Auditore
1243 1339 1317 1381 alia
1353 1339 1543 1383 Audien-

73 1399 126 1443 tia
150 1429 163 1445 ‚
196 1413 300 1453 quae
318 1397 638 1438 extraordinaria
661 1397 847 1453 appellari
878 1411 1006 1451 potest
1021 1428 1036 1446 ,
1070 1400 1241 1453 quando
1257 1430 1270 1448 ‚
1299 1413 1440 1455 nempe
1459 1400 1502 1442 fit
1519 1415 1542 1443 a

73 1457 321 1515 litigantibus
351 1456 488 1497 citatio
520 1456 656 1507 aliqua
683 1487 696 1504 ‚
731 1471 836 1510 quae
873 1456 1021 1497 dicitur
1051 1487 1064 1504 ‚
1098 1471 1172 1511 pro
1198 1459 1297 1498 hora
1326 1470 1430 1498 certa
1453 1487 1464 1498 .
1491 1460 1543 1502 Et

72 1520 208 1561 evenit
222 1515 477 1573 potissimum
495 1529 589 1556 cum
609 1514 740 1571 agitur
761 1515 808 1555 de
828 1513 1153 1572 provisionibus,
1167 1516 1372 1572 capiendis
1389 1531 1462 1573 pro
1477 1517 1543 1559 de-

73 1575 360 1634 scriptionibus
394 1575 589 1616 mercium
606 1604 618 1621 ,
653 1589 728 1630 pro
751 1573 1024 1615 recollectione
1047 1574 1259 1616 fructuum
1276 1606 1289 1624 ,
1315 1575 1363 1616 de
1401 1575 1543 1629 aliquo

74 1637 98 1678 ὲ
114 1635 336 1677 carceribus
354 1634 567 1676 educendo
583 1665 596 1683 ,
621 1647 660 1674 et
674 1633 840 1675 caeteris
856 1631 1091 1683 hujusmodi
1111 1662 1124 1680 ,
1158 1650 1262 1690 quae
1282 1649 1422 1690 nempe
1442 1636 1544 1677 dila-

74 1695 226 1738 tionem
247 1710 329 1735 non
351 1695 565 1751 patiuntur
581 1725 595 1743 ,
629 1707 674 1734 ac
693 1693 857 1734 celerem
875 1692 1044 1749 exigunt
1064 1694 1360 1749 expeditionem
1374 1721 1383 1731 .
1418 1693 1542 1736 Tunc

74 1755 214 1802 enim,
249 1755 302 1795 ne
333 1757 467 1796 Partes
498 1766 695 1811 cogantur
727 1766 934 1810 expectare
969 1751 1104 1793 solitas
1138 1751 1384 1793 Audientiae
1423 1751 1506 1793 dies
1527 1782 1542 1800 ,

75 1814 221 1855 citatur
242 1829 314 1868 pro
334 1815 395 1851 dic
415 1829 518 1852 certa
537 1842 549 1858 ‚
577 1827 614 1851 et
633 1811 685 1850 ne
712 1813 803 1852 Pars
822 1812 986 1854 adver-sa
1009 1811 1049 1850 in
1090 1811 1241 1852 incerto
1256 1812 1333 1858 sit,
1360 1825 1545 1864 quanam

74 1872 176 1914 hora
197 1871 300 1910 illius
319 1867 396 1907 diei
414 1869 528 1919 apud
550 1868 792 1906 Auditorem
811 1883 848 1907 se
868 1870 999 1908 sistere
1017 1869 1274 1915 debeat‚hora
1292 1882 1393 1909 certa
1413 1870 1546 1925 proin-

77 1929 190 1970 dein
226 1927 415 1968 citatione
434 1925 668 1980 designatur
687 1952 696 1962 .
730 1924 844 1980 Quia
879 1925 974 1967 vero
1005 1925 1204 1966 Notarius
1234 1925 1397 1968 Causae
1434 1941 1547 1971 extra

72 1985 231 2028 solitam
265 1983 531 2024 Audientiam
576 1983 699 2037 legere
731 1985 848 2024 debet
879 1983 1113 2039 hujusmodi
1157 1985 1371 2026 citationes
1404 1999 1543 2029 coram

72 2044 276 2088 Auditore
293 2074 306 2091 ‚
340 2054 377 2082 et
395 2039 573 2094 ejusdem
602 2040 820 2082 Decretum
837 2043 876 2082 in
911 2041 1231 2083 contradictorio
1250 2043 1376 2085 latum
1393 2044 1435 2084 in
1455 2059 1543 2087 acta

71 2104 214 2146 referre
234 2132 247 2148 ,
281 2102 372 2143 ideo
389 2098 568 2140 viaticum
595 2098 717 2152 exigit
737 2102 757 2140 a
794 2101 906 2141 Parte
940 2101 1087 2142 citante
1108 2133 1120 2150 ‚
1153 2101 1275 2158 julios
1294 2117 1434 2160 nempe
1467 2116 1546 2147 tres

74 2162 263 2206 mercedis
280 2162 369 2204 loco
388 2190 400 2208 ,
436 2157 689 2213 quaeeidem
708 2158 878 2199 debetur
899 2173 973 2214 pro
1010 2159 1244 2214 hujusmodi
1277 2176 1439 2203 accessu
1470 2176 1544 2205 ex-

73 2220 345 2266 traordinario
361 2250 373 2268 ,
389 2217 530 2260 viatico
548 2218 589 2258 in
610 2216 746 2258 Curia
766 2217 965 2274 appellato
983 2246 992 2256 .
1013 2217 1053 2256 Si
1071 2221 1165 2261 vero
1180 2220 1297 2276 plena
1316 2221 1535 2273 Signatura

79 2281 140 2323 die
158 2281 264 2328 lovis
299 2295 381 2321 non
413 2279 638 2325 habeatur,
675 2290 773 2318 tunc
804 2277 983 2318 Auditor
1001 2308 1013 2326 ‚
1041 2291 1090 2318 ex
1122 2293 1171 2319 eo
1200 2279 1298 2335 quia
1327 2280 1540 2322 occasione

83 2339 262 2382 adeundi
287 2341 547 2397 Signaturam
568 2352 652 2377 non
672 2336 875 2378 detinetur
893 2368 905 2385 ,
939 2337 1191 2379 audientiam
1205 2370 1219 2388 ‚
1251 2339 1298 2379 de
1314 2355 1397 2394 qua
1418 2352 1541 2393 supra

82 2400 203 2445 verba
227 2399 420 2450 fecimus,
456 2398 598 2440 habere
615 2396 711 2437 solet
729 2395 770 2436 in
789 2395 894 2437 dicta
916 2396 978 2436 die
999 2396 1046 2436 de
1067 2412 1182 2437 mane
1199 2428 1212 2445 ‚
1241 2411 1334 2437 nam
1362 2396 1454 2435 alias
1476 2425 1488 2443 ‚
1505 2395 1539 2437 si

79 2470 178 2503 tunc
201 2458 412 2515 Signatura
427 2457 548 2517 plena
570 2458 792 2506 habeatur,
823 2455 979 2497 solitam
996 2455 1246 2497 audientiam
1261 2467 1430 2512 praestat
1449 2464 1540 2510 post

80 2518 289 2562 meridiem
312 2549 322 2560 .

200 2578 251 2620 Et
273 2579 456 2634 quamvis
485 2590 561 2633 pro
583 2575 671 2633 jure
705 2585 810 2617 certo
839 2573 1038 2616 habeatur
1069 2572 1112 2615 in
1138 2573 1258 2623 foro,
1292 2572 1540 2616 Auditorem

972 2632 1013 2688 Q
1046 2646 1074 2675 2
1428 2646 1545 2675 men-
