1993 3195
627 314 1119 352 APPENDIX
1572 328 1636 361 12¹5

167 365 249 400 tium
276 367 307 394 et
333 359 548 395 vexationum
577 361 818 401 incommoda,
860 364 980 406 quibus
1011 375 1077 399 tam
1107 364 1240 409 publica
1259 364 1549 401 Communimtum
1578 368 1639 402 Di-

164 410 262 447 tionis
294 410 429 444 Nostrae
458 408 571 444 aeraria
593 432 602 448 ‚
633 421 820 454 eorumque
854 412 1040 445 Curatores
1071 436 1080 450 ‚
1106 422 1138 445 et
1170 413 1466 447 Administratorcs
1498 437 1508 453 ‚
1539 428 1637 459 quam

163 459 247 505 ipsas
280 458 425 502 privatas
444 457 661 492 Subditorum
694 469 846 502 personas
865 484 875 499 ‚
906 468 1046 504 propter
1074 460 1201 498 judicia
1231 462 1270 493 de
1289 462 1423 495 Damno
1439 464 1542 502 dato,
1575 466 1638 497 fre-

159 516 302 553 quenter
331 506 781 551 subjacerec01nperimus3
808 511 887 542 dum
926 507 979 542 vel
1006 509 1196 548 hujusmodi
1227 509 1416 544 Causarum
1440 511 1637 555 pertinentia.

161 558 369 601 disceptatur
394 556 480 590 inter
495 567 551 590 eos
569 556 725 596 Iudices,
754 558 875 601 quibus
907 566 1150 602 autpoenarum
1180 567 1347 598 exactio,⁴
1373 568 1428 594 aut
1455 559 1637 599 localisju-

162 606 314 640 risdictio
330 629 340 644 ,
368 613 424 638 aut
441 616 656 648 personarum
674 629 683 645 ‚
717 606 918 650 praediorum
937 630 946 645 ‚
972 606 1026 641 vel
1043 607 1211 650 pecudum
1240 607 1388 652 legitima
1415 611 1563 653 quaedam
1582 612 1639 645 de-

160 653 288 694 fensio,
312 665 348 687 ac
368 653 535 698 privativa
555 663 700 698 potestas
725 664 773 689 est
789 655 971 695 attributa,
1004 656 1144 701 indeque
1171 655 1331 691 levissimi
1361 658 1447 702 saepe
1475 658 1635 693 momenti

159 704 301 749 quaestio
331 714 486 747 magnum
502 702 626 737 excitat
652 703 813 748 fovetque
837 706 1027 750 jurgiorum
1048 713 1080 739 et
1096 704 1398 740 controversiarum
1430 705 1633 747 incendium

159 751 215 787 vel
233 753 331 786 etiam
349 776 358 791 ,
383 749 635 796 personalibus,
662 761 762 797 atque
788 753 932 788 realibus
961 753 1066 798 poenis
1091 777 1101 792 ‚
1127 754 1294 799 simulque
1324 755 1524 798 pecuniariis
1554 755 1636 790 mul-

158 801 221 835 ctis
239 825 248 839 ,
275 800 416 845 aliisque
450 799 746 844 pensitationibus,
775 802 861 836 ultra
891 803 1027 836 modum
1059 802 1164 836 auctis
1185 811 1218 836 et
1233 805 1439 843 cumulatis,
1474 804 1635 849 nulloque

159 850 306 884 termino
327 849 517 889 hujusmodi
548 850 735 885 actionibus
750 859 849 895 atque
866 850 1179 895 Iudiciiswimposito
1193 875 1203 890 ‚
1232 861 1442 895 privatorum
1475 853 1635 897 gravami-

157 910 197 933 na
218 923 228 939 ‚
258 898 326 933 sine
351 897 493 944 publicae
519 898 674 934 utilitatis
702 910 906 945 augumento
924 924 933 940 ‚
964 899 995 934 in
1021 900 1218 934 immensum
1253 910 1400 934 crescere
1430 900 1635 944 dignoscun-

157 956 213 982 tur
226 972 235 982 .
255 948 316 983 His
332 948 486 982 omnibus
500 949 540 983 de
556 948 668 983 medio
688 948 844 982 tollendis
858 973 868 989 ‚
899 961 936 984 ac
953 949 1139 992 respective
1169 949 1254 983 intra
1269 949 1436 993 aequitatis
1452 958 1482 982 et
1499 950 1635 988 justitiae

158 996 281 1031 limites
311 997 503 1032 coercendis
522 1022 531 1037 ,
561 998 709 1033 animum
731 997 872 1032 libenter
896 998 1100 1037 adjecimus:
1141 997 1331 1043 auditisque
1362 998 1518 1032 Virorum
1549 998 1632 1036 juris

155 1045 278 1091 peritia
306 1055 337 1081 et
351 1057 462 1081 rerum
479 1058 539 1081 usu
555 1046 778 1090 praestantium
794 1048 967 1081 sententiis
983 1071 993 1086 ‚
1020 1048 1114 1090 plura
1134 1047 1165 1080 in
1183 1058 1252 1080 rem
1283 1056 1472 1092 opportuna
1487 1046 1634 1081 remedia

155 1096 453 1139 comparavimus,
479 1107 552 1140 qux
576 1095 640 1130 late
657 1098 807 1141 exposita
835 1106 910 1130 sunt
940 1095 971 1129 in
999 1097 1140 1140 quadarn
1174 1095 1340 1130 Schedula
1360 1096 1484 1130 Nostra
1519 1096 1633 1130 Motus

156 1144 315 1189 proprii,
335 1143 570 1187 superioribus
587 1144 702 1179 diebus
720 1144 958 1191 Chirographo
978 1144 1106 1179 Nostro
1123 1145 1311 1186 subscripta
1326 1168 1336 1181 ,
1364 1146 1460 1183 cuius
1481 1155 1633 1179 tenorem

155 1193 212 1227 hic
229 1203 290 1236 per
305 1202 478 1227 extensum
501 1192 695 1232 subjicimus
711 1217 720 1232 ‚
736 1192 898 1229 videlicet
911 1219 919 1228 .
936 1218 959 1233 ‚‚
989 1193 1186 1228 Benedictus
1200 1193 1288 1237 Papa
1303 1194 1396 1229 XIV.
1408 1217 1431 1233 ‚‚
1450 1199 1544 1228 Motu
1558 1201 1633 1239 pro-

154 1264 180 1282 „
203 1242 278 1288 prio
298 1250 359 1275 etc.
373 1265 395 1281 ,‚
425 1241 520 1276 Altre
537 1242 630 1276 volte
648 1243 736 1280 Sisto
754 1243 841 1287 Papa
856 1242 898 1276 V.
918 1244 1046 1277 Nostro
1076 1243 1312 1277 predecessore
1327 1267 1337 1282 ‚
1375 1243 1632 1282 considerando,

207 1293 268 1325 che
286 1290 314 1324 le
331 1291 518 1325 Comunxtit
546 1292 642 1325 dello¹
664 1291 756 1325 Stato
779 1290 1012 1326 Ecclesiastico
1031 1317 1041 1331 ‚
1076 1304 1093 1325 e
1121 1291 1196 1326 loro
1224 1291 1364 1326 Uffiziali
1381 1315 1391 1331 ‚
1422 1303 1480 1336 per
1506 1290 1631 1326 diversi

152 1362 178 1379 ,,
207 1338 318 1373 umani
348 1340 497 1384 riguardi
514 1349 748 1375 trascuravano
779 1340 812 1374 di
828 1342 956 1386 esigere
982 1341 1011 1375 le
1030 1341 1117 1374 Pene
1153 1341 1217 1375 dei
1242 1341 1350 1375 Dauni
1381 1340 1471 1380 dati,
1502 1341 1631 1374 benene

151 1411 177 1427 „
205 1388 460 1430 providamente
490 1389 635 1433 imposte
659 1389 739 1423 dalli
756 1390 876 1424 Statuti
893 1415 902 1429 ,
932 1402 949 1423 e
965 1389 1069 1435 Leggi
1090 1388 1310 1431 municipali,
1339 1400 1468 1434 oppure
1483 1390 1632 1423 stabilite

150 1457 176 1475 ‚,
205 1445 264 1478 per
291 1434 389 1480 lunga
408 1459 419 1473 ,
447 1448 464 1470 e
491 1437 647 1472 lodevole
677 1438 932 1472 cousuetudine
950 1453 966 1471 ι
987 1438 1194 1472 dismembro
1226 1441 1267 1471 da
1292 1450 1361 1472 esse
1391 1437 1579 1471 Comunita
1600 1437 1632 1471 le

207 1483 296 1517 Pene
312 1483 469 1518 suddette
483 1507 493 1522 ‚
526 1486 566 1517 ed
582 1485 661 1530 ogni
678 1485 805 1519 Diritto
825 1486 855 1518 di
871 1485 1012 1527 esigerle
1027 1509 1042 1523 ‚
1066 1487 1106 1519 ed
1126 1484 1288 1520 avendole
1306 1485 1469 1530 applicate
1489 1484 1550 1519 alla
1565 1486 1631 1519 Ca-

205 1542 294 1565 mera
314 1531 511 1572 Apostolica
527 1556 537 1570 ‚
567 1544 674 1567 eresse
687 1534 718 1566 di
738 1545 850 1567 nuovo
884 1532 937 1567 un’
956 1533 1075 1568 Uffizio
1094 1534 1126 1568 di
1143 1533 1390 1568 commissario
1406 1534 1572 1568 Generale
1589 1536 1631 1568 de

203 1579 211 1612 i
246 1578 354 1612 Danni
372 1579 438 1613 dati
456 1601 466 1617 ‚
491 1582 707 1615 concedendo
724 1582 751 1616 al
771 1580 954 1616 medesimo
968 1593 1031 1615 non
1046 1583 1119 1614 solo
1135 1581 1157 1614 il
1178 1582 1310 1614 Diritto
1325 1605 1334 1620 ‚
1361 1593 1378 1615 e
1401 1581 1430 1614 la
1445 1582 1578 1616 Facolta
1593 1581 1629 1616 di

149 1653 176 1671 ,,
202 1627 334 1672 esigere
361 1626 391 1661 le
419 1626 509 1661 dette
526 1627 613 1662 Pene
643 1632 790 1663 secondo
820 1629 849 1663 la
878 1630 987 1663 forma
1014 1628 1089 1663 delli
1108 1630 1227 1663 Statuti
1245 1652 1254 1667 ,
1279 1641 1297 1663 e
1314 1629 1565 1665 Consuetudini
1593 1630 1629 1666 di

148 1702 174 1719 ‚‚
201 1676 401 1712 ciaschedun
418 1676 536 1721 Luogo
551 1699 561 1715 ‚
593 1685 711 1710 contro
727 1677 919 1721 qualunque
934 1678 1079 1712 Persona
1107 1677 1141 1711 di
1170 1676 1394 1724 qualsivoglia
1421 1688 1507 1712 stato
1523 1704 1534 1720 ‚
1555 1690 1630 1724 gra-

146 1750 172 1768 „
199 1727 241 1760 do
256 1750 266 1765 ,
298 1737 318 1758 o
334 1724 533 1760 condizione
548 1748 559 1765 ‚
590 1734 683 1760 tanto
699 1723 850 1760 Secolare
867 1749 877 1764 ‚
906 1735 1030 1771 quanto
1052 1725 1304 1767 Ecclesiastica;
1331 1729 1508 1762 eccettuati
1536 1728 1627 1763 sola-

145 1799 173 1817 „
198 1783 307 1810 mente
326 1775 333 1808 i
351 1773 522 1808 Cardinali
551 1773 637 1809 della
665 1775 759 1809 Santa
788 1774 939 1809 Romana
970 1774 1092 1810 Chiesa
1118 1799 1128 1814 ‚
1151 1776 1195 1821 gli
1225 1775 1358 1810 Affidati
1403 1775 1485 1810 nella
1515 1778 1629 1823 Doga-

200 1836 239 1858 na
265 1823 317 1857 del
336 1822 542 1857 patrimonio
568 1848 579 1863 ,
606 1825 646 1857 ed
678 1822 751 1857 altri
780 1823 881 1867 pochi
912 1823 1118 1869 privilegiati
1144 1827 1292 1859 secondo
1325 1823 1355 1859 la
1381 1825 1484 1859 forma
1510 1825 1562 1860 de'
1579 1826 1627 1860 lo-

201 1884 238 1906 ro
261 1871 435 1916 respettivi
455 1871 641 1918 privile-353
672 1873 725 1907 Ma
740 1883 860 1907 ancora
880 1872 907 1907 la
923 1872 1135 1919 Cognizione
1154 1897 1164 1913 ‚
1193 1886 1209 1907 e
1227 1872 1479 1909 Giurisdizione
1507 1876 1541 1909 di
1557 1883 1627 1909 tut-

143 1946 171 1962 „
199 1930 231 1955 te
248 1920 277 1955 le
294 1922 405 1955 Cause
420 1921 571 1956 attinenti
597 1923 636 1955 ad
651 1921 713 1955 essi
729 1920 864 1960 Dani-i,
893 1933 989 1957 come
1016 1923 1186 1967 apparisce
1214 1923 1278 1966 pius
1305 1923 1509 1968 largainente
1538 1923 1626 1958 dalla

142 1993 168 2010 2,
195 1970 229 2003 di
246 1969 291 2004 lui
310 1970 551 2005 Costituzione
563 1969 754 2015 pubblicata
782 1970 803 2003 li
829 1983 864 2013 9.
883 1971 1002 2017 Aprile
1024 1973 1127 2011 1588.
1144 1996 1154 2011 ,
1178 1973 1238 2007 che
1260 1972 1485 2007 incomincia:
1510 1977 1624 2015 Roma-

142 2041 171 2059 „
198 2021 233 2052 ni
257 2018 429 2061 Pontificis
447 2043 457 2059 ,
490 2032 508 2054 e
536 2018 620 2054 dalle
654 2019 931 2061 Dichiarazioni,
959 2022 998 2055 ed
1016 2020 1143 2055 Ordini
1173 2021 1204 2055 in
1222 2033 1292 2056 essa
1317 2020 1444 2055 inseriti
1464 2046 1474 2057 .

243 2091 268 2107 ‚‚
296 2069 344 2102 Lo
363 2069 593 2112 sperimento,
625 2070 687 2103 che
706 2069 731 2103 si
748 2069 819 2102 fece
850 2070 936 2116 negli
966 2070 1043 2105 anni
1067 2070 1285 2115 susseguenti-
1311 2070 1343 2104 di
1370 2078 1489 2115 questo
1507 2082 1623 2106 nuovo

145 2126 170 2158 3,
197 2117 461 2163 provedimento
479 2141 489 2155 ‚
515 2117 680 2151 dimostro
695 2141 706 2154 ,
735 2118 796 2159 che
814 2117 834 2150 il
853 2119 1036 2153 medesimo
1053 2119 1198 2153 riusciva
1215 2118 1264 2154 alli
1286 2119 1404 2164 Popoli
1424 2130 1483 2164 per
1497 2119 1622 2155 diversi

145 2187 171 2206 ,‚
196 2165 316 2201 motivi
343 2165 375 2199 di
392 2165 535 2199 notabile
557 2165 740 2209 aggravio:
767 2165 929 2199 Perloche
968 2167 1147 2201 Clemente
1167 2168 1262 2201 VHI.
1288 2167 1374 2202 altro
1394 2170 1524 2202 Nostro
1541 2169 1622 2202 Pre-

145 2236 174 2253 ‚‚
199 2215 393 2249 decessores
407 2221 496 2246 sotto
513 2212 534 2246 il
553 2213 671 2257 giorno
691 2224 744 2247 10.
762 2212 900 2258 Maggio
920 2223 1026 2255 1592.
1054 2226 1227 2259 §oppresse
1260 2215 1313 2249 del
1330 2225 1419 2250 tutto
1449 2214 1469 2250 il
1488 2216 1622 2251 riferito

146 2284 172 2302 ,‚
198 2261 318 2298 Uffizio
347 2261 378 2295 di
398 2260 644 2294 commissario
661 2260 852 2297 Genu-ale,
884 2273 902 2294 e
927 2273 989 2304 per
1015 2261 1113 2296 titolo
1131 2273 1322 2298 veramente
1351 2276 1518 2304 oneroso,
1546 2265 1621 2299 cioe

147 2332 172 2350 2,
198 2321 257 2354 per
284 2309 304 2344 l'
321 2322 427 2345 annua
456 2309 598 2353 risposta
616 2307 648 2341 di
665 2307 758 2340 scudi
778 2307 1004 2342 ventiseimila
1033 2319 1164 2343 moneta
1178 2334 1192 2348 ‚
1222 2323 1239 2343 e
1257 2312 1291 2343 di
1309 2312 1382 2345 altri
1409 2313 1503 2346 scudi
1521 2321 1619 2355 quat.-

145 2381 170 2400 „
197 2359 477 2394 troeent'ottanta
509 2356 619 2392 d'oro
649 2355 830 2401 approprio
862 2367 1086 2391 nuovamente
1113 2356 1176 2391 alle
1204 2358 1390 2394 Comunita
1420 2359 1508 2394 dello
1527 2362 1618 2398 Stato

148 2429 172 2448 2,
205 2416 290 2442 tutte
319 2406 348 2442 le
364 2408 451 2442 Pene
478 2407 519 2441 de
553 2406 560 2440 i
591 2405 698 2440 Danni
720 2403 784 2438 dati
800 2428 809 2442 ‚
837 2404 976 2439 insieme
993 2417 1054 2440 con
1072 2406 1116 2451 gli
1133 2406 1355 2443 Emolumenti
1387 2408 1476 2451 degli
1494 2410 1618 2446 Archi-

147 2477 172 2496 „
199 2456 262 2495 vj,
289 2456 496 2501 surrogando
532 2467 601 2490 esse
619 2453 806 2488 Comunita
834 2453 866 2487 in
888 2453 990 2499 luogo
1020 2454 1104 2489 della
1125 2456 1272 2491 Camera
1303 2457 1524 2502 Apostolica‚
1552 2472 1615 2497 con

145 2527 172 2545 2,
198 2505 274 2539 tutti
304 2505 312 2538 i
345 2504 500 2549 Privilegi
531 2503 709 2539 conceduti
738 2503 778 2536 da
796 2502 884 2536 Sisto
910 2502 938 2537 al
968 2504 1125 2538 suddetto
1149 2505 1394 2541 Commissario
1422 2508 1615 2551 Generalc‚

145 2575 172 2593 „
196 2565 293 2588 come
323 2552 437 2587 risulta
462 2555 504 2589 da
537 2557 636 2590 detta.
656 2564 714 2590 sua
743 2551 984 2589 Costituzionei
1003 2577 1014 2597 ,
1054 2555 1115 2589 che
1152 2553 1376 2592 incomincia:
1405 2557 1467 2593 Ad
1494 2561 1616 2596 summi

142 2601 362 2652 ‘apostolatus
378 2625 388 2636 .
1521 2630 1543 2649 „
1559 2607 1621 2646 Ma.

153 1313 178 1330 3,

149 1507 176 1524 2>

149 1554 175 1572 2²

149 1603 174 1622 5³

144 1847 171 1865 29

145 1896 171 1914 2²
