2075 3167
456 299 516 353 48
753 292 827 334 DE
850 291 988 346 JURE
1013 291 1356 335 SIGNATURAE
1385 290 1592 340 JUSTiTI
1597 290 1646 332 Ε

456 367 668 405 notemusr,
700 365 738 395 et
769 352 944 409 primum
977 352 1139 410 ipsamet
1157 353 1392 410 subscriptio
1409 354 1621 409 Signatura
1643 351 1760 394 etiam
1788 348 1923 407 appel·

458 417 563 459 latur
581 445 594 463 ,
628 413 684 455 ita
701 426 737 454 et
755 413 963 454 inminuta
985 413 1202 454 litterarum
1222 411 1546 469 Apostolicarum
1559 410 1794 467 subscriptio
1815 411 1938 449 Pon-⁴

459 475 596 539 tificis,
606 472 817 528 Signatum
837 469 1079 514 Sanctissimi
1102 472 1421 520 denominatur,
1441 484 1561 527 prout
1593 472 1808 511 advertunt
1826 481 1922 524 prae

458 532 619 575 caeteris
643 532 877 587 Van-Espen
901 531 1003 586 (1),
1022 545 1057 572 et
1072 532 1248 588 Salgado
1265 531 1370 587 (2);
1401 530 1520 585 Quae
1550 542 1727 580 namque
1755 525 1922 569 subscri·

455 592 554 649 ptio,
579 589 792 646 Signatura
813 589 1018 646 appellata,
1033 590 1239 645 dupliciter
1255 591 1296 631 fit
1327 591 1368 630 in
1399 591 1475 630 hoc
1489 587 1701 629 Tribunali
1720 614 1733 633 ,
1751 586 1848 626 itaut
1880 584 1924 624 in

457 649 806 693 commissionibus
825 649 1080 697 Causarum,
1097 664 1199 704 quae
1219 650 1259 689 in
1280 649 1388 691 Urbe
1405 647 1665 704 delegantur,
1679 641 1918 700 subscriptio

457 710 555 751 haec
575 721 659 751 est·
694 709 823 750 Placet
840 707 1089 748 Sanctissimo
1107 709 1162 748 D.
1183 710 1238 749 N.
1261 707 1368 749 ΡΡ..
1461 705 1562 747 ..N
1601 704 1814 746 cardinalis
1831 701 1920 743 Cor-

454 768 558 817 sini3
591 769 632 808 in
651 767 696 808 iis
721 768 831 814 vero,
853 781 956 832 qu-ae
978 780 1088 808 extra
1107 767 1258 810 Urbem
1284 768 1514 814 mittuntur,
1533 765 1592 806 his
1611 764 1739 807 verbis
1759 779 1796 805 se
1818 763 1917 804 sub-

455 827 620 869 scribit:
657 826 938 868 Concessumin
952 826 1175 881 praesentia
1209 827 1262 867 D.
1276 826 1333 867 N.
1354 827 1432 866 PP.
1466 823 1529 866 Ν.
1546 823 1767 865 cardinalis
1786 821 1918 863 Corsi-

453 885 524 925 m‘.
560 884 609 925 E’
642 898 724 938 qua
757 882 979 926 differentia
1007 885 1415 941 subscriptionisnon
1450 885 1535 926 leve
1565 882 1747 939 jurgium
1783 882 1824 921 in
1844 879 1921 920 Hi-

453 944 593 997 spania
626 957 809 985 exortum
841 942 953 990 fuit,
984 944 1031 983 de
1059 959 1143 998 quo
1172 944 1367 1000 Salgaclus
1398 943 1500 999 (3);
1534 943 1574 982 in
1597 955 1782 996 supremo
1814 939 1923 979 enirn

452 1000 577 1056 Regio
591 1001 808 1053 Hispaniae
830 1000 1016 1041 Consilio
1035 1031 1047 1047 ,
1073 1001 1152 1041 ubi
1171 1001 1466 1056 vigilantissime
1499 999 1725 1041 custoditur
1740 999 1778 1036 S
1802 997 1924 1037 Con-

452 1058 587 1099 cilium
603 1056 928 1105 'itidentinum,
960 1057 1222 1105 nullatenus,
1255 1058 1315 1098 ille
1352 1070 1544 1105 testatur,
1564 1053 1920 1097 admittisubscri-

449 1116 605 1173 ptiones
629 1129 703 1171 per
720 1130 939 1157 concessum
963 1145 975 1162 ‚
1008 1131 1056 1155 ex
1083 1130 1131 1155 eo
1150 1115 1249 1168 quia
1278 1115 1367 1154 licet
1384 1117 1641 1160 Praefectus,
1673 1112 1736 1154 vel
1758 1114 1919 1155 Praela-

449 1189 514 1217 tus
530 1190 551 1216 a
570 1173 765 1215 Pontifice
787 1171 1207 1228 deputatus,dicat1n
1211 1171 1509 1228 subscriptione
1529 1203 1542 1221 ,
1577 1142 1807 1212 Concessum
1827 1202 1842 1222 ‚
1872 1183 1920 1214 ut

442 1233 590 1291 petitur
610 1233 649 1273 in
676 1231 895 1287 praesentia
933 1231 988 1271 D.
1000 1231 1054 1272 N.
1075 1231 1232 1287 Papae,
1265 1245 1354 1271 non
1389 1244 1521 1272 tamen
1558 1230 1768 1286 sequitur,
1801 1231 1916 1285 quod

447 1293 492 1332 in
512 1290 714 1333 pontificis
730 1289 952 1345 praesentia
974 1289 1015 1329 id
1030 1288 1131 1339 fiat,
1162 1289 1257 1345 quia
1290 1304 1427 1331 revera
1450 1290 1495 1331 in
1517 1291 1637 1331 domo
1656 1304 1728 1331 sua
1749 1319 1762 1338 ‚
1792 1289 1883 1332 vel
1873 1304 1918 1331 m

445 1350 599 1392 Palatio
638 1361 747 1391 extra
771 1347 1035 1405 praesentiam
1054 1348 1186 1405 Papae
1219 1363 1371 1405 semper
1390 1349 1630 1397 subscribit,
1662 1361 1708 1390 ut
1740 1347 1914 1392 advertit

445 1408 619 1451 Parisios
645 1410 690 1448 cle
709 1407 982 1465 Resignatiorze
1000 1407 1103 1463 (4);
1135 1421 1173 1450 et
1204 1407 1226 1450 ὲ
1255 1421 1392 1450 contra
1413 1409 1526 1464 quod
1544 1407 1670 1448 forma
1683 1407 1914 1449 Tridentini

447 1467 624 1509 Concilii
654 1466 724 1524 (5)
745 1465 1051 1523 personalissz'ma
1088 1465 1135 1507 siz
1161 1499 1174 1516 ,
1220 1466 1445 1524 requirendo
1471 1467 1780 1524 subscriptionem
1813 1481 1912 1523 pro-

437 1527 550 1584 pr't'ae
566 1542 705 1569 manus
733 1526 884 1567 Sancti
875 1526 974 1567 sinn
995 1555 1006 1573 ‚
1037 1526 1137 1567 itaut
1165 1541 1242 1568 non
1271 1528 1382 1570 modo
1400 1526 1572 1569 excludit
1595 1541 1746 1568 omnem
1772 1525 1914 1581 fictio-

439 1599 559 1636 nem,
590 1588 654 1628 sed
685 1585 800 1627 etiam
833 1600 983 1627 omnen
1008 1585 1202 1628 veritatem
1221 1586 1608 1643 reptaesentsttz'vam·
1599 1618 1612 1635 ‚
1646 1586 1910 1651 Quapropter

440 1644 628 1687 firmum‘
621 1660 661 1685 in
682 1645 866 1686 Consilio
880 1645 1099 1709 Hispanico
1121 1658 1206 1695 est,
1239 1661 1322 1687 non
1339 1646 1522 1687 sufficere
1558 1659 1599 1685 1n
1618 1642 1915 1687 commissioni-

441 1703 520 1744 bus
539 1703 790 1747 Avocatoriis
809 1703 1040 1745 Causarum
1069 1718 1112 1744 ln
1144 1707 1273 1761 prima
1304 1705 1494 1747 instantia
1526 1705 1576 1745 ab
1613 1703 1835 1745 Ordinario
1849 1701 1913 1742 Si-

440 1774 629 1818 gnaturas
663 1763 744 1804 illas
758 1777 827 1818 per
861 1778 1122 1805 concessum·
1112 1796 1124 1812 ,
1158 1777 1195 1806 et
1227 1779 1354 1812 sane,
1395 1763 1564 1819 quando
1604 1777 1718 1804 casus
1753 1760 1924 1809 evenit,-

440 1820 678 1877 hujusmodi
712 1820 1013 1863 commissiones
1046 1822 1320 1878 expediuntur
1352 1836 1421 1876 per
1443 1819 1685 1869 Datariatn,
1714 1833 1753 1863 et
1785 1832 1915 1861 manu

440 1879 647 1922 Pontificis
663 1879 878 1935 signantur
897 1910 907 1919 .

550 1936 610 1976 Ut
626 1946 762 1976 autem
778 1938 946 1983 liberum
963 1940 1011 1978 sit
1035 1939 1269 1980 Causarum
1299 1951 1484 1982 examen,
1503 1947 1543 1976 et
1554 1936 1743 1991 suffragia
1760 1936 1910 1992 absque

438 1993 516 2035 ulla
533 1993 798 2036 haesitatione
814 1993 945 2059 ferant
963 1996 1158 2037 vorantes
1173 2026 1187 2045 ,
1219 1995 1270 2035 ab
1296 1994 1436 2035 iisdem
1454 2005 1650 2035 secretum
1665 1995 1911 2037 servandum

438 2067 517 2095 esse
538 2052 746 2095 Pontifices
767 2052 1086 2102 constituerunt,
1118 2054 1219 2095 itaut
1238 2068 1310 2095 nec
1325 2053 1488 2109 propria
1507 2080 1520 2098 ‚
1539 2065 1614 2094 nec
1630 2052 1802 2094 aliorum
1822 2054 1910 2096 suf-

436 2111 560 2167 fragia
577 2111 695 2153 aiicui
714 2111 926 2170 pandant3
953 2124 991 2152 et
1007 2111 1180 2166 primum
1196 2124 1290 2153 teste
1306 2110 1483 2153 Gomesio
1502 2110 1574 2166 (6)
1588 2111 1818 2153 Alexander
1848 2126 1910 2157 v1.

434 2184 501 2210 eos
516 2168 680 2226 perjurii
697 2185 836 2234 poena
846 2201 860 2218 ,
893 2172 938 2210 ac
961 2169 1235 2224 suspensionis
1254 2171 1304 2211 ab
1333 2170 1466 2212 officio
1500 2184 1569 2226 per
1588 2184 1762 2213 mensem
1799 2186 1913 2214 coer-

434 2227 587 2270 cendos
620 2243 698 2270 esse
719 2227 882 2277 statuit3
912 2243 932 2270 e
964 2229 1223 2270 Marchesano
1250 2228 1323 2284 (7)
1357 2230 1454 2271 vero
1484 2229 1712 2278 habemus,
1749 2230 1908 2288 Grego-

1805 2290 1911 2332 sium

477 2397 530 2437 (ι)
553 2400 636 2435 Inris
658 2398 867 2431 Ecclesiastici
890 2408 929 2441 p.
945 2408 976 2430 2.
1221 2401 1274 2442 (ς)
1299 2405 1334 2432 In
1349 2403 1418 2444 Cap.
1422 2403 1483 2434 Cau
1474 2413 1527 2435 5ae
1542 2412 1644 2435 omnes
1656 2404 1694 2434 de
1707 2402 1833 2443 Reflses
1838 2413 1881 2444 24

476 2445 530 2481 (2)
553 2446 600 2474 De
611 2443 775 2485 supplic.et
789 2443 1127 2486 reten-p.2.c.30.§.5.
1219 2448 1273 2486 (6)
1296 2450 1332 2478 In
1358 2447 1389 2478 d
1407 2448 1573 2490 Compend.
1599 2458 1668 2480 ver.
1690 2450 1807 2481 Rursus
1831 2459 1870 2481 ne
1894 2469 1902 2476 ·

468 2489 526 2526 (3)
549 2490 628 2518 Loco
640 2490 695 2520 cit.
715 2487 747 2528 §.
767 2491 819 2530 36.
843 2499 899 2531 37.
914 2496 945 2520 et
959 2499 1011 2531 39.
1175 2497 1313 2522 secreta.

472 2531 526 2570 (4)
553 2532 637 2563 Tom.
651 2541 682 2563 2.
707 2532 760 2564 lib.
778 2534 811 2563 8.
823 2544 852 2575 q.
868 2543 899 2573 7.
914 2543 947 2565 n.
962 2534 1014 2565 80.
1029 2541 1062 2564 et
1079 2534 1131 2564 81.
1226 2535 1281 2575 (7)
1307 2537 1420 2580 capa
1428 2548 1539 2570 .num.
1554 2538 1608 2579 38.
