1993 3195
586 314 616 348 A
660 315 685 347 Ρ
729 315 754 347 Ρ
794 315 817 348 E
857 315 892 349 N
934 317 967 349 Ι)
1004 316 1018 350 Ι
1062 316 1094 350 K
1532 325 1596 358 105

101 364 148 400 cis
165 361 327 408 praefatis,
352 360 558 395 declaramus
575 361 685 395 eidem
707 372 901 405 competere
930 362 962 394 in
989 364 1160 399 Civilibus
1176 359 1457 398 iurisdictionem
1484 375 1600 398 cumu-

104 412 204 447 lative
219 421 297 444 cum
317 408 389 443 solo
403 409 506 449 A.C.,
525 418 560 443 et
575 419 820 454 consequenter
835 410 920 443 inter
933 421 988 444 eos
1005 409 1116 444 locum
1135 423 1206 445 esse
1226 409 1445 455 praeventioni
1467 434 1476 443 .
1494 411 1601 446 Dum-

102 461 202 496 modo
234 468 341 493 tamen
367 456 518 497 Clerici,
552 466 585 492 et
604 458 692 492 Loca
709 458 765 492 Pia
791 458 856 493 sint
874 458 934 492 Rei
965 458 1148 496 conventi,
1190 470 1253 492 non
1290 458 1389 493 etiam
1411 459 1438 493 si
1466 469 1525 503 per
1539 469 1597 493 eos

101 507 343 543 conveniantur
372 506 523 542 Personae
550 507 640 541 mere
672 506 802 541 laicales
831 531 840 540 .
878 507 974 541 Tunc
1005 507 1091 541 enim
1123 506 1261 541 Vicario
1285 530 1295 547 ‚
1328 507 1398 541 sine
1429 518 1594 542 consensu

100 567 262 601 expresso
289 554 435 590 Pax-tium
452 579 462 594 ‚
491 564 526 589 ut
547 567 671 597 supra,
716 555 805 590 nulla
834 564 1007 600 competet
1034 555 1238 597 jurisdictio
1259 581 1271 591 .

198 605 280 639 Item
297 604 507 639 decernimus
538 603 658 638 nullam
691 603 720 638 in
745 604 853 648 prima
881 605 1039 639 instantia
1061 603 1197 639 Vicario
1227 613 1426 649 competere
1457 605 1602 647 jurisdi‹

103 652 250 688 ctionem
282 654 313 686 in
343 651 584 691 Dioecesibus‚
617 661 649 686 et
681 652 874 687 Territoriis
898 652 1043 688 aliorum
1077 653 1332 699 Episcoporum
1364 653 1434 689 sive
1458 654 1603 689 Ordina·

104 704 230 737 riorum
259 701 290 735 in
322 701 483 745 praedicto
512 701 684 736 Districtu
714 702 811 736 Urbis
836 702 1058 736 existentibus
1079 726 1090 742 ‚
1115 702 1278 737 nimirum
1309 703 1395 737 intra
1414 704 1602 749 quadrage-

104 751 226 785 simum
257 749 398 794 lapidem
417 773 427 788 ‚
453 751 509 783 sed
523 749 631 784 solum
665 750 694 783 iu
712 750 811 784 dictis
841 750 1054 784 Dioecesibus
1071 775 1081 791 ‚
1113 760 1144 784 et
1167 751 1364 786 Territot‘iis
1389 764 1452 797 pro
1474 752 1601 786 Causis

103 800 143 833 ad
161 811 236 833 eum
265 799 490 843 spectantibus
508 798 636 837 citare,
666 806 705 832 et
733 799 913 839 procedere
942 810 1038 844 posse
1067 807 1184 833 contra
1203 799 1365 834 Clericos
1397 801 1598 840 Romanos,

104 858 140 882 ut
157 858 257 889 supra
275 871 284 886 ,
324 847 451 881 ratione
474 847 647 893 Originis,
683 846 735 880 vel
761 846 948 887 Beneficii,
981 847 1039 893 qui
1072 847 1116 881 ibi
1147 857 1429 887 commorantur3
1459 860 1518 882 nec
1535 858 1603 881 nou

102 895 222 940 exequi
240 907 335 940 posse
368 896 523 931 Mandata
539 906 603 930 tam
635 894 784 935 realiter,
814 908 911 941 quam
943 895 1176 938 personaliter,
1195 907 1256 941 per
1270 909 1346 931 eum
1368 907 1486 931 contra
1507 897 1599 940 ipsos

104 946 285 989 expedita.
316 944 356 978 Et
376 946 439 980 hoc
457 946 565 989 ipsum
597 946 722 979 servari
750 944 908 979 volumus
945 945 978 979 in
1013 943 1230 979 Dioecesibus
1258 956 1318 980 sex
1346 944 1597 989 Episcoporum

104 994 138 1027 S.
159 994 201 1027 R.
222 994 257 1027 E.
273 993 508 1029 Cardinalium
523 1018 533 1033 ‚
562 993 619 1038 qui
637 993 793 1038 Episcopi
819 993 1051 1028 Suburbicarii
1080 994 1268 1037 nuncupari
1285 992 1420 1028 solent:
1450 994 1539 1028 Nam
1556 992 1603 1027 si-

106 1052 148 1076 ve
179 1042 399 1087 Episcopatus
429 1043 482 1077 isti
511 1043 694 1077 habeantur
723 1053 783 1086 pro
810 1042 976 1077 distinctis
1003 1050 1036 1076 et
1063 1042 1206 1076 diversis
1237 1043 1276 1076 ab
1308 1041 1513 1086 Episcopatu
1536 1043 1603 1077 Ro-

106 1103 204 1126 mano
220 1115 230 1130 ‚
259 1091 332 1125 sive
348 1091 428 1125 dicti
462 1090 659 1125 Cardinales
680 1100 874 1125 censeantur
901 1093 932 1125 in
959 1090 1051 1125 hisce
1069 1090 1284 1125 Dioecesibus
1323 1100 1492 1135 tamquam
1512 1090 1605 1124 Coa-

104 1140 257 1174 diutores
276 1138 420 1174 Romani
455 1139 635 1183 Episcopi,
663 1148 782 1173 neutro
808 1152 885 1174 casu
913 1141 1010 1173 decet
1043 1139 1264 1173 Cardinalem
1303 1139 1403 1173 Urbis
1423 1137 1603 1173 Vicarium

105 1186 351 1222 cumulativam
370 1199 444 1221 cuni
473 1188 551 1231 ipsis
569 1187 844 1222 iurisdictionem
878 1188 910 1221 in
939 1187 1048 1232 prima
1063 1187 1222 1221 Instantia
1251 1187 1375 1221 habere
1394 1211 1403 1220 .

202 1237 286 1270 Item
303 1235 671 1275 statuimus,Cardinali
690 1235 837 1275 Vicario,
852 1236 1019 1282 privative
1035 1238 1074 1270 ad
1091 1235 1180 1270 A.C.
1197 1245 1231 1270 et
1246 1247 1482 1281 quoscumque
1499 1239 1601 1274 alios,

107 1293 302 1329 competere
330 1284 523 1319 facultatem
544 1285 777 1329 interponendi
794 1286 942 1320 Decreta
964 1285 995 1318 in
1018 1284 1328 1319 renunciationibus
1343 1309 1354 1324 ,
1384 1294 1417 1319 et
1431 1284 1504 1319 aliis
1526 1282 1601 1328 qui-

108 1335 320 1377 buscumque
351 1333 580 1368 contractibus
599 1333 821 1379 Regularium
840 1334 1012 1378 utriusque
1025 1346 1123 1368 sexus
1140 1357 1149 1373 ,
1182 1333 1217 1367 in
1236 1333 1413 1368 Coenobiis
1430 1357 1440 1373 ,
1473 1342 1506 1367 et
1523 1333 1598 1367 Mo-

107 1382 257 1416 nasteriis
275 1381 371 1415 Urbis
390 1406 399 1420 ,
432 1390 470 1416 ut
507 1383 718 1427 praefatorum
735 1383 902 1417 Locorum
931 1392 1085 1426 tempore
1101 1381 1517 1427 probationisvdegentium
1537 1405 1548 1414 .

206 1429 435 1463 Gubernatori
462 1441 572 1464 autem
590 1431 713 1469 Urbis,
743 1440 775 1465 et
804 1433 874 1470 ejus
890 1429 1201 1464 Tribunalinullam
1234 1431 1265 1464 in
1298 1430 1474 1464 Civilibus
1504 1440 1596 1464 com-

105 1487 180 1525 pete
190 1489 225 1511 re
244 1477 454 1512 declaramus
483 1477 755 1513 Iurisdictionem
772 1488 889 1513 contra
912 1477 1090 1516 Clericos,
1118 1477 1282 1511 Ecclesias
1299 1501 1308 1516 ‚
1344 1487 1401 1512 aut
1416 1478 1506 1512 Loca
1523 1477 1595 1517 Pia,

104 1527 175 1562 sine
194 1525 333 1570 speciali
349 1526 588 1561 commissione
605 1536 740 1567 nostra,
770 1528 821 1562 vel
850 1535 1042 1561 nostrorum
1070 1536 1130 1570 pro
1159 1533 1311 1571 tempore
1329 1526 1594 1561 successorum-

196 1575 353 1608 Attamen
378 1598 388 1613 ‚
417 1582 454 1607 ut
479 1576 598 1608 Causae
618 1576 786 1610 Mercedis
815 1575 942 1610 diuruae
957 1596 970 1614 ,
1000 1573 1054 1608 vel
1069 1583 1246 1608 men’struae
1266 1582 1370 1617 prout
1386 1576 1484 1608 etiam
1504 1574 1598 1607 Cau-

106 1631 150 1655 sae
178 1621 263 1656 infra
287 1634 450 1656 summam
478 1631 652 1656 scutorum
677 1623 798 1666 viginti
820 1624 969 1668 quinque
985 1646 994 1661 ‚
1027 1634 1125 1667 quam
1157 1621 1319 1657 citissime
1345 1621 1567 1666 expediantur
1583 1644 1595 1661 ‚

107 1671 171 1704 hoc
189 1670 327 1716 speciali
345 1669 529 1716 Privilegio
545 1682 599 1704 eas
615 1670 776 1704 donamus
794 1694 804 1708 ‚
834 1681 871 1705 ut
885 1683 1007 1715 nempe
1031 1670 1120 1705 Laici
1142 1670 1241 1704 etiam
1272 1669 1302 1704 in
1319 1669 1490 1705 Tribunali
1508 1670 1598 1705 Cat·-

107 1719 223 1754 dinalis
241 1718 370 1754 Vicarii
384 1743 394 1758 ‚
425 1729 457 1753 et
471 1718 660 1763 respective
675 1717 801 1752 Clerici
819 1741 831 1757 ‚
860 1728 892 1753 et
908 1720 995 1753 Loca
1013 1718 1070 1752 Pia
1086 1719 1184 1753 etiam
1205 1729 1319 1753 coram
1342 1719 1441 1752 Urbis
1459 1719 1591 1754 Guber-

107 1777 222 1804 natore
248 1794 258 1810 ,
290 1767 428 1803 arbitrio
456 1766 619 1807 Actoris,
647 1766 755 1802 valide
781 1791 792 1806 ‚
822 1776 855 1801 et
881 1767 971 1802 licite
999 1767 1174 1802 conveniri
1205 1767 1358 1812 possint,
1389 1767 1500 1807 itaut,
1531 1778 1593 1802 nec

107 1817 208 1852 etiam
238 1825 403 1864 praetextu
428 1815 644 1863 obligationis
659 1815 847 1853 Cameralis
877 1841 888 1857 ,
931 1817 1131 1851 eorumdem
1158 1814 1353 1862 Iurisdictio
1383 1815 1495 1852 valeat
1529 1816 1596 1850 de-

109 1865 227 1901 clinari
246 1891 255 1900 .

203 1916 320 1952 Curiae
344 1917 428 1952 vero
456 1917 655 1963 Capitolinae
678 1917 944 1956 iurisdictionem
973 1917 1108 1954 extendi
1143 1916 1354 1953 decernimus
1382 1917 1480 1951 etiam
1497 1923 1593 1951 extra

104 1963 230 1998 Urbem
248 1989 258 2003 ‚
280 1975 312 1999 et
328 1977 390 2010 per
403 1966 516 2001 omnia
530 1975 563 2001 et
576 1966 708 2013 singula
724 1966 797 2002 loca
812 1967 994 2001 Districtus
1016 1968 1099 2001 intra
1114 1965 1407 2012 quadragesimum
1430 1964 1592 2010 lapidem3

106 2012 164 2045 sed
191 2013 230 2046 ad
251 2014 358 2048 solum
381 2015 537 2050 effectum
552 2016 674 2050 citandi
691 2039 701 2055 ‚
728 2026 761 2050 et
778 2015 981 2060 procedendi
997 2017 1027 2050 in
1046 2015 1152 2050 causis
1170 2015 1258 2049 mere
1275 2013 1446 2049 laicalibus
1462 2039 1473 2054 ‚
1493 2023 1595 2061 atque

109 2058 186 2094 alias
213 2062 252 2095 ad
283 2063 410 2103 adeius
437 2065 560 2099 Forum
583 2064 807 2109 spectantibus
834 2089 843 2103 ‚
875 2073 990 2099 contra
1019 2063 1125 2099 Cives
1159 2063 1326 2099 Romanos
1343 2087 1353 2103 ,
1382 2062 1434 2097 vel
1449 2062 1593 2100 Incolas,

111 2108 164 2143 vel
185 2109 241 2155 qui
268 2109 366 2145 aliter
384 2112 482 2149 iuxta
495 2112 747 2156 dispositionem
764 2113 882 2147 Statuti
901 2113 1002 2147 Liba.
1019 2120 1090 2159 cap.
1105 2123 1164 2160 41.
1193 2113 1341 2152 eiusdem
1364 2112 1482 2146 Curiae
1509 2109 1595 2145 Iuri-

112 2157 264 2193 sdictioni
292 2159 536 2199 subiectisint3
571 2171 630 2194 nec
647 2171 709 2193 non
725 2161 913 2204 exequendi
938 2169 1056 2194 contra
1073 2173 1130 2195 eos
1151 2185 1161 2200 ‚
1191 2170 1224 2195 et
1237 2172 1356 2195 eorum
1384 2162 1475 2194 bona
1504 2158 1595 2192 mere

114 2204 249 2246 laicalia,
263 2207 419 2242 Mandata
436 2210 475 2242 ab
498 2209 568 2251 ipsa
586 2208 694 2242 Curia
708 2207 865 2247 relaxata,
880 2209 1070 2243 dummodo
1085 2219 1146 2252 pro
1171 2209 1328 2242 personis
1356 2207 1412 2242 vel
1431 2206 1533 2241 Bonis
1562 2206 1594 2240 in

115 2252 224 2298 aliquo
240 2254 317 2290 loco
343 2255 598 2295 iurisdictionali
618 2257 836 2290 existentibus
852 2280 863 2295 ‚
894 2266 1050 2290 servetur
1062 2257 1173 2301 quoad
1196 2257 1438 2292 executionem
1456 2255 1597 2291 Manda-

115 2310 228 2338 torum
243 2327 256 2343 ,
282 2303 388 2338 forma
405 2305 445 2338 ab
471 2304 588 2338 eodem
609 2303 741 2337 Statuto
757 2303 947 2347 praescripta
973 2305 1058 2336 dicto
1086 2304 1143 2338 lib.
1163 2315 1193 2338 1.
1220 2312 1294 2349 caps
1312 2314 1390 2348 157,

209 2351 248 2386 In
265 2353 369 2387 causis
396 2362 505 2388 autem
526 2352 720 2386 Concursus
741 2363 839 2395 super
858 2351 952 2386 bonis
970 2351 1060 2385 Laici
1075 2351 1238 2385 debitoris
1253 2373 1264 2390 ‚
1288 2351 1346 2397 qui
1375 2352 1591 2397 coeteroquin

113 2400 208 2439 iuxta
231 2399 485 2444 dispositionem
502 2401 587 2434 Iuris
605 2423 616 2439 ‚
641 2409 673 2434 et
688 2401 897 2434 Statutorum
927 2398 1025 2433 Urbis
1046 2423 1056 2438 ,
1088 2400 1130 2433 sit
1157 2400 1331 2439 subiectus
1352 2401 1469 2435 Curiae
1486 2396 1592 2446 Capi-

115 2447 226 2483 tolinae
240 2473 251 2488 ‚
285 2448 458 2484 definimus
473 2458 666 2494 competere
689 2448 797 2482 eidem
813 2447 1208 2487 Curiaeiurisdic‘tionem
1229 2473 1240 2488 ‚
1266 2449 1400 2483 etiamsi
1418 2449 1510 2483 Bona
1530 2450 1595 2485 sub

117 2508 281 2532 concursu
309 2496 443 2541 posita,
472 2498 543 2532 sive
570 2508 629 2542 pro
644 2506 761 2542 parte,
792 2497 863 2531 sive
898 2495 930 2530 in
948 2505 1057 2531 totum
1080 2521 1091 2536 ‚
1121 2497 1187 2531 sint
1203 2498 1245 2531 de
1275 2498 1507 2543 proprietate,
1539 2510 1599 2533 seu

116 2545 267 2581 dominio
293 2547 423 2581 directo
458 2545 672 2581 Clericorum
697 2570 708 2586 ,
745 2544 970 2580 Ecclesiarum
987 2569 997 2586 ‚
1029 2544 1340 2588 Monasteriorum,
1370 2555 1429 2583 aut
1454 2545 1599 2582 aliorum

1091 2606 1114 2629 ο
1532 2595 1610 2630 Pio-
