1993 3195
116 322 282 367 siliarios
301 336 313 370 ς
337 333 374 364 et
399 322 619 380 praesertim
634 323 849 364 Gambarus
869 321 952 378 (ι),
971 334 1009 364 et
1024 322 1222 364 Altovitus
1238 322 1310 379 (2)
1329 323 1370 364 id
1386 287 1592 371 ostender{

117 394 320 423 conantur
351 394 592 437 argumento
626 381 797 423 Cononis
825 381 1132 423 convenientibus
1149 381 1184 439 §.
1216 383 1306 424 item
1346 384 1480 425 Petrus
1502 400 1532 427 1.
1553 405 1590 444 q.

116 453 158 495 7.
177 471 190 489 ‚
207 450 244 481 et
265 440 361 482 Can.
380 441 668 483 Ecclesiasticis
685 454 760 496 q.1.
781 439 878 482 Can.
892 439 930 480 in
947 440 1129 483 Paroclzicz
1150 441 1214 482 16.
1233 455 1314 498 φῖ.
1335 457 1351 491 ·,
1381 457 1419 484 at
1438 446 1594 489 Auctor

114 510 306 541 tractatus
325 501 371 541 cle
392 501 596 542 Tribunali
619 501 661 540 S.
684 501 790 542 Rotae
806 530 818 548 ,
845 499 1112 542 Consiliarios
1133 500 1215 543 illos
1233 502 1355 543 Rotae
1372 502 1593 546 Auditores

114 556 234 599 fuisse
269 560 477 602 contendit
496 560 597 617 (3);
625 571 664 601 et
680 574 815 602 revera
834 558 1097 601 Consiliarios
1127 560 1229 616 quid
1257 561 1457 603 diversum
1476 577 1496 602 a
1518 565 1595 603 Re-

114 615 348 660 ferendariis
380 619 500 662 fuisse
527 620 772 661 demonstrat
792 632 933 660 eorum
964 633 1145 669 munus,
1173 619 1397 662 doctissime
1429 620 1595 663 relatum

115 690 185 733 per
214 677 510 721 Thomassinum
547 681 592 720 de
608 678 730 721 veteri
747 677 930 719 Ecclesiae
959 676 1166 734 disciplina
1184 709 1195 719 .
1232 679 1340 722 Ante
1357 695 1511 721 annum
1527 696 1599 724 ve-

115 735 164 776 ro
194 749 353 793 1243.‚
389 755 462 795 pro
490 753 597 782 certo
633 739 832 786 habetur,
865 737 1080 794 appellatos
1113 738 1233 781 fuisse
1268 739 1598 790 Referendarios,

116 806 212 835 nam
237 797 487 839 Innocentius
514 799 585 840 IV.
605 798 646 839 in
664 798 760 852 Cap.
781 811 833 837 ex
862 795 996 837 litteris
1010 814 1050 836 n.
1073 812 1111 850 3.
1134 799 1181 836 cle
1213 799 1465 840 Restitutione
1482 798 1521 840 ίη
1539 799 1597 840 in-

115 864 266 911 tegrum
302 855 350 898 de
370 856 665 898 Referendariis
695 854 941 896 mentionem
965 854 1058 896 fecit
1074 883 1088 902 ‚
1118 869 1342 910 eorumque
1364 870 1514 897 munus
1528 871 1599 897 ex-

115 914 286 967 pressit;
319 914 496 958 floruisse
534 930 707 971 namque
737 913 949 957 laudatum
975 913 1209 955 Pontificem
1241 929 1351 956 anno
1382 913 1462 969 jam
1493 915 1600 956 dicto

117 970 291 1069 hixbgtut
318 989 338 1015 e
367 975 716 1025 Commentariis,
746 989 851 1030 quos
892 973 1054 1032 ipsemet
1087 973 1241 1032 scripsit
1291 987 1415 1031 super
1447 973 1602 1014 Dexe-

118 1036 186 1070 tai
220 1046 268 1071 us
287 1062 297 1071 .

238 1088 367 1143 Quod
391 1089 772 1131 Referendariorum
804 1092 1034 1130 institutum
1065 1109 1152 1131 non
1182 1093 1352 1133 omnino
1381 1107 1535 1136 novum
1559 1093 1602 1134 in

117 1147 305 1188 Romana
336 1148 466 1190 Curia
485 1150 593 1198 fuitr,
626 1150 817 1203 cuiquam
838 1146 946 1187 enim
964 1148 1203 1197 innotescit,
1222 1151 1426 1189 Romanae
1446 1151 1605 1206 Reipu-

118 1205 234 1248 blicae
256 1220 429 1264 tempore
449 1208 760 1250 Referendarios
787 1205 955 1248 extitisse
970 1236 982 1253 ‚
1018 1222 1139 1263 prout
1156 1208 1398 1263 apertissime
1417 1207 1575 1249 eruitur
1591 1236 1605 1255 ‚

119 1267 338 1322 praesertim
357 1283 405 1310 ex
421 1268 652 1310 Autlzesztica
671 1269 717 1308 cle
743 1263 1027 1319 Refhrenclariis
1049 1269 1092 1308 S.
1117 1267 1293 1316 Palatii,
1316 1275 1353 1308 et
1382 1281 1433 1307 esc
1453 1267 1603 1308 Novell.

125 1337 193 1366 ιο.
217 1339 317 1380 113.
354 1341 463 1385 1243
495 1329 711 1384 Imperator
748 1324 854 1365 enim
880 1324 1126 1369 lastinianus
1143 1341 1284 1368 eorum
1314 1339 1528 1367 numerum
1554 1326 1607 1366 ad

121 1387 378 1429 octonarium
409 1388 584 1443 redegitz,
621 1387 721 1429 itaut
758 1382 897 1425 merito
931 1386 1129 1427 Come-sius
1159 1386 1206 1427 de
1235 1400 1365 1427 errore
1393 1384 1608 1440 arguitur,

120 1457 169 1486 ex
204 1458 252 1486 eo
271 1447 384 1501 quod
421 1446 728 1488 Referendarios
749 1459 770 1484 a
797 1442 1017 1490 Justiaiano
1047 1446 1184 1487 eedem
1219 1444 1408 1487 recensita
1426 1443 1610 1485 Autben-

119 1501 203 1545 tica
242 1506 416 1562 primum
446 1507 650 1549 institutos
683 1503 802 1546 fuisse
836 1504 1051 1546 contendit
1072 1535 1082 1545 .
1117 1506 1166 1547 Et
1186 1504 1347 1562 penitus
1373 1504 1612 1561 improban-

119 1561 220 1605 dum
258 1580 343 1607 non
363 1580 450 1617 est,
480 1565 862 1608 Referendari‹›rum
886 1562 1114 1606 institutum
1141 1564 1387 1606 descendisse
1415 1579 1436 1605 a
1455 1565 1611 1605 Roma=

119 1636 178 1663 no
208 1623 339 1676 Jure:
373 1626 720 1683 quemadmodum
739 1622 876 1671 enim,
910 1637 1045 1665 retum
1070 1623 1345 1667 vicissitudine
1369 1623 1421 1660 ὶια
1453 1623 1612 1676 exigen-

118 1692 156 1723 te
172 1712 185 1731 ,
222 1697 244 1724 a
265 1686 548 1729 Romanorum
578 1686 804 1727 florescente
825 1683 1043 1736 Republica
1072 1684 1187 1735 plura
1219 1678 1271 1719 ad
1288 1691 1361 1719 nos
1381 1691 1612 1734 pervenere,

121 1753 219 1794 quae
239 1741 345 1786 illius
375 1746 454 1790 aevi
473 1746 607 1789 stilum
639 1743 840 1788 redolent,
873 1737 1117 1793 velspeciern
1136 1738 1315 1792 aliquam
1333 1736 1612 1791 praeseferunt,

120 1796 173 1838 ita
191 1829 204 1847 2
233 1800 278 1841 in
297 1804 446 1845 Causis
478 1805 645 1857 agendis
664 1831 677 1846 ‚
707 1815 750 1841 ac
769 1797 911 1840 ordine
940 1796 1159 1850 judiciario
1187 1795 1466 1852 potissimum,
1494 1794 1612 1850 plura

121 1869 143 1894 a
174 1856 394 1907 majoribus
417 1860 537 1900 traxit
553 1857 786 1911 posteritas3
814 1855 909 1894 hinc
939 1867 1023 1892 non
1053 1856 1200 1894 mirum
1217 1885 1231 1900 ‚
1263 1852 1293 1891 si
1309 1851 1421 1905 apud
1445 1865 1519 1892 nos
1535 1851 1614 1894 Re-

119 1909 442 1955 ferendariorum
468 1913 763 1955 institutionem
781 1910 1017 1949 descendere
1044 1911 1226 1951 dicamus
1253 1923 1274 1948 a
1295 1909 1486 1950 Romano
1504 1909 1611 1965 jure,

123 1986 160 2014 et
191 1973 293 2015 recte
323 1972 536 2013 Gambarus
551 1970 666 2026 (4Na
683 1966 890 2010 fattinello
920 1965 972 2006 de
1011 1982 1142 2010 errore
1172 1966 1460 2017 convincitur,
1488 1983 1536 2010 ex
1564 1985 1612 2012 eo

121 2034 233 2089 quod
276 2031 487 2082 adfirmat,
519 2027 902 2072 Referendariorum
930 2039 1079 2069 nomen
1112 2028 1299 2070 Sanctam
1329 2028 1469 2069 Sedem
1499 2028 1613 2073 inve-

123 2094 225 2136 nisse
242 2123 253 2135 .

243 2153 292 2196 Et
308 2167 447 2194 revera
463 2154 607 2195 Sancta
626 2149 745 2191 Sedes
771 2163 793 2189 a
812 2148 1000 2190 Romano
1033 2148 1118 2201 jure
1141 2162 1293 2190 nornen
1327 2146 1426 2188 illud
1453 2159 1615 2190 mutua-

123 2225 164 2257 ta
190 2227 274 2263 est,
308 2227 440 2267 quum
455 2213 487 2255 si
505 2227 646 2254 eorum
665 2222 817 2252 munus
836 2208 1092 2250 conferamus
1107 2237 1120 2256 ,
1152 2208 1257 2249 idem
1276 2221 1440 2264 prorsus
1456 2206 1547 2256 fuit,
1568 2223 1613 2250 ac

1535 2281 1615 2308 no-

1299 2338 1450 2354 .-

178 2384 230 2422 (1)
246 2387 292 2416 De
301 2387 482 2416 auctoritate
495 2386 679 2425 Legatorum
694 2383 726 2413 in
738 2389 845 2422 quaest.
890 2382 1102 2426 praecedcntia
1119 2379 1136 2420 §
1161 2381 1226 2411 Aut
1242 2388 1320 2410 vero
1338 2401 1345 2409 .

130 2426 266 2471 qualiter
282 2432 410 2470 Legatus
434 2440 464 2460 η.
481 2439 534 2471 34.
940 2431 992 2469 (3)
1014 2430 1089 2468 Pag.
1106 2435 1138 2464 4.

179 2473 232 2512 (2)
256 2475 292 2504 In
313 2474 451 2507 discursu
479 2475 517 2506 de
548 2472 842 2516 Referendariorum
937 2473 992 2513 (4)
1017 2474 1088 2504 Loc.
1107 2472 1162 2503 cit.
1186 2477 1286 2512 n-35.
