1993 3195
629 313 659 347 A
697 313 722 347 1³
768 315 793 350 P
830 315 854 349 E
894 315 926 349 N
967 313 1001 349 D
1038 317 1051 350 1
1089 316 1118 350 X
1555 330 1567 353 ι

225 361 432 405 Accepimus
461 372 594 405 nuper,
625 371 760 405 gravem
792 363 910 406 agitari
937 361 1032 397 litem
1066 364 1155 398 inter
1186 362 1331 398 Curiam
1363 326 1622 410 Episcopaleritz

126 421 160 447 et
188 409 328 444 Curiam
356 410 523 444 Laicalem
555 407 717 442 Civitatis
731 409 870 442 Tuderti
888 422 991 452 super
1007 413 1083 448 jure
1099 413 1328 456 cognoscendi
1360 425 1494 448 causam
1511 415 1621 455 Furti,

129 469 167 494 ut
181 457 273 496 aiunt
289 481 300 497 ‚
326 458 506 504 qualificati
523 481 534 497 ‚
567 458 662 497 cujus
691 457 781 492 Reus
794 480 805 497 ,
831 470 907 493 cum
926 458 965 492 ab
983 458 1136 493 Homine
1156 459 1242 494 laico
1258 463 1296 496 ad
1311 461 1472 496 Tribunal
1491 463 1627 507 Episco-

129 508 162 554 pi
189 516 364 542 accusatus
384 508 501 542 fuisset
525 506 624 541 laicus
652 504 763 546 alter,
794 518 892 551 quem
930 507 1039 542 Curia
1058 506 1270 552 Episcopalis
1289 534 1298 548 ,
1330 521 1463 555 recepta
1483 524 1621 546 accusa-

129 556 212 592 toris
242 555 400 602 querela,
426 556 619 592 carceribus
646 555 824 598 mancipari
852 557 992 594 jusserat
1011 580 1020 596 ‚
1036 565 1240 601 conquestus
1257 559 1299 592 de
1318 560 1382 593 hoc
1400 560 1463 594 fuit
1491 561 1621 596 Rector

129 604 291 640 Civitatis
305 629 316 645 ‚
344 616 496 640 causatus
515 629 525 645 ‚
551 603 718 645 judicium
749 605 789 638 de
806 604 931 645 Furto,
962 605 1053 651 quod
1069 617 1086 641 a
1108 604 1207 640 Laico
1222 608 1251 640 in
1270 608 1409 643 Laicum
1428 610 1468 643 de
1488 621 1521 644 re
1545 620 1624 654 pro-

88 672 90 674 ·
129 657 237 701 phana
263 663 429 699 patratum
450 655 582 695 fuerat,
615 655 654 689 ad
676 665 768 688 suam
798 653 1073 694 jurisdictionem
1102 655 1271 698 pertinere
1290 682 1300 692 .
1319 657 1545 704 Repugnabat
1571 671 1628 693 au-

130 714 196 739 tem
231 703 338 738 Curia
353 702 561 748 Episcopalis
576 729 586 744 ,
613 703 705 747 quod
725 702 876 748 legitima
904 704 1151 741 consuetudine
1183 707 1421 752 praescripsisse
1441 720 1474 742 se
1492 708 1624 742 diceret

129 751 370 788 cumulativam
389 752 664 793 jurisdictionem
694 753 918 797 cognoscendi
937 753 1037 787 etiam
1055 753 1182 788 Causas
1201 754 1405 791 Criminales
1427 756 1621 792 Laicorum.

135 803 192 836 De
207 813 271 846 qua
301 812 335 834 re
362 800 570 846 disputatum
591 802 648 838 diu
671 800 737 836 fuit
763 801 795 835 in
821 801 1097 847 Congregatione
1119 804 1299 847 praeposita
1325 806 1473 850 negociis
1504 808 1625 840 Sacro-

136 860 258 885 sanctae
288 850 519 886 Immunitatis
535 875 546 891 ,
577 863 650 897 quae
678 849 843 895 principio
857 849 954 889 jussit
972 850 1114 893 proferri
1137 860 1209 885 acta
1225 852 1342 887 Curiae
1359 854 1568 898 Episcopalis
1585 854 1626 887 ad

135 899 237 938 hujus
267 900 518 935 consuetudinis
549 900 782 945 probationem
800 913 808 932 ε
826 899 907 933 Mox
926 900 1002 934 data
1020 899 1265 935 Defensoribus
1282 901 1367 936 Fisci
1385 902 1555 938 scribendi
1570 914 1628 937 co·-

136 948 215 994 pia,
247 948 324 983 licet
342 948 372 983 in
393 948 487 984 tertia
507 949 739 995 propositione
760 947 1003 983 existimaverit
1017 949 1115 988 hujus
1148 948 1312 984 Criminis
1339 961 1470 986 causam
1487 952 1527 986 ad
1559 952 1632 985 Cu-

137 996 221 1032 riam
251 997 484 1043 Episcopalem
514 1001 681 1043 pertinere
699 1022 708 1038 ‚
739 998 772 1032 in
789 1004 905 1043 quarta
935 1006 1041 1032 tamen
1058 1008 1178 1042 anceps
1205 998 1381 1038 judicium
1398 999 1486 1040 fuit,
1519 999 1629 1036 scissis

137 1045 170 1081 in
197 1058 303 1092 aequas
335 1057 442 1092 partes
472 1047 637 1094 suffragiis
659 1071 670 1087 ,
701 1047 883 1092 quodcum
900 1046 1010 1080 Nobis
1024 1056 1130 1081 causae
1145 1046 1303 1082 celeriter
1318 1049 1540 1093 expediendae
1555 1049 1630 1083 De-

138 1094 298 1130 cisionem
319 1120 328 1136 ,
358 1097 431 1131 Reo
462 1097 595 1131 interim
627 1098 657 1131 in
678 1095 882 1132 Carceribus
916 1104 1133 1140 permanente
1163 1105 1196 1130 et
1214 1108 1458 1138 marcescente,
1497 1097 1630 1142 longius

136 1147 335 1190 protrahere
361 1145 568 1185 viderentur,
585 1144 675 1180 illam
708 1144 838 1179 idcirco
854 1158 870 1180 a
896 1145 1058 1189 praedicta
1084 1145 1362 1190 Congregatione
1398 1148 1436 1180 ad
1453 1148 1526 1181 Nos
1550 1157 1630 1180 avo-

137 1193 315 1233 cavimus‚
342 1195 572 1238 praecipientes
599 1193 714 1229 Curiae
729 1193 919 1240 Episcopali
941 1193 1080 1228 Tuderti
1096 1217 1107 1232 ‚
1138 1203 1174 1227 ut
1198 1194 1305 1229 Reum
1335 1196 1483 1230 traderet
1513 1193 1631 1230 Curiae

137 1240 296 1276 Rectoris
325 1243 510 1283 Civitatis,
538 1242 626 1278 nulla
653 1243 850 1288 interposita
870 1253 962 1279 mora
975 1242 1194 1282 judicandum
1218 1267 1229 1277 .

239 1292 342 1326 Nunc
371 1303 478 1333 vero,
506 1304 583 1327 cum
605 1304 645 1327 ex
664 1293 762 1331 hujus
789 1292 914 1333 Judicii
945 1291 1161 1326 contentione
1181 1315 1192 1332 ,
1220 1300 1252 1326 et
1273 1304 1315 1327 ex
1345 1292 1417 1328 aliis
1433 1316 1443 1332 ,
1474 1304 1546 1338 quae
1561 1292 1637 1327 No-

139 1339 192 1374 bis
219 1338 468 1380 delatae.sunt‚
501 1341 762 1387 Magistratuum
791 1339 996 1376 secularium
1037 1339 1188 1386 quaerelis
1217 1340 1510 1383 intellexerimus,
1535 1339 1634 1376 facile

141 1388 284 1423 nimium
318 1389 348 1422 in
378 1390 519 1424 Ditione
549 1391 700 1431 Nostra,
731 1401 772 1424 ex
801 1392 943 1435 quadam
964 1389 1141 1424 hominum
1173 1389 1386 1425 conniventia
1413 1389 1631 1436 perturbari,

141 1445 176 1470 et
203 1437 417 1471 commisceri
437 1439 579 1482 coepisse
605 1440 686 1473 fines
718 1437 1158 1483 utriusqueJurisdictionis
1175 1438 1412 1474 Ecclesiasticae
1445 1448 1480 1474 et
1498 1437 1636 1473 Secula-

142 1483 212 1524 τῖς,
240 1493 273 1518 et
291 1484 369 1518 hinc
398 1486 502 1519 multa
528 1486 610 1520 oriri
641 1486 885 1531 impedimenta
909 1495 941 1519 et
966 1485 1139 1520 obstacula
1168 1486 1198 1519 in
1217 1488 1406 1520 exercenda
1430 1496 1463 1521 et
1490 1486 1632 1521 admini-

143 1535 277 1567 stranda
297 1545 334 1566 ea
351 1533 532 1576 praesertim
558 1534 695 1574 justitia
725 1534 766 1568 ad
790 1534 958 1578 publicam
988 1532 1171 1568 vindictam
1201 1534 1381 1570 criminum
1411 1535 1631 1580 pertinente,

146 1593 246 1626 quam
277 1591 385 1624 neque
400 1581 526 1614 differri
546 1605 556 1619 ‚
572 1595 680 1626 neque
711 1582 840 1617 remitti
867 1593 963 1628 posse
982 1582 1052 1614 sine
1080 1582 1280 1625 gravissimo
1303 1583 1513 1627 Reipublicae
1530 1582 1637 1618 detri-

148 1639 264 1665 mento
280 1630 481 1663 arbitramur
496 1652 505 1661 .
534 1628 696 1663 Volentes
715 1630 843 1664 idcirco
861 1631 911 1664 his
926 1630 1082 1664 omnibus
1103 1629 1284 1673 providere
1300 1654 1310 1669 ‚
1335 1640 1531 1675 praesentem
1547 1633 1632 1667 hanc

149 1677 468 1716 Constitutionem‚
504 1689 568 1722 qua
595 1677 667 1712 finis
694 1678 852 1711 abusibus
882 1678 1099 1722 imponatur,
1128 1677 1405 1725 promulgandam
1434 1681 1633 1716 statuimus.

248 1728 392 1772 Itaque,
420 1738 526 1773 quum
557 1726 663 1761 Sacris
692 1725 889 1764 Canonibus
917 1725 1077 1763 sancitum
1107 1727 1176 1767 sit,
1205 1728 1236 1762 in
1264 1730 1445 1774 prophanis
1473 1729 1630 1765 omnibus

151 1776 260 1813 causis
288 1778 451 1811 Actorem
475 1775 570 1822 sequi
597 1776 719 1811 Forum
753 1775 845 1815 Rei,
879 1775 935 1821 qui
955 1799 964 1814 ‚
997 1775 1024 1810 si
1051 1774 1207 1812 Clericus
1236 1778 1299 1819 sit,
1332 1783 1385 1814 vel
1406 1778 1494 1814 Foro
1521 1774 1638 1813 Eccle·

152 1826 288 1861 siastico
318 1827 448 1862 aliunde
464 1827 630 1873 gaudeat,
657 1827 689 1860 in
719 1825 807 1859 Foro
836 1825 1092 1867 Ecclesiastico,
1122 1827 1171 1861 sin
1192 1835 1301 1862 autem
1331 1828 1453 1864 Laicus
1486 1827 1518 1862 in
1549 1827 1639 1862 Foro

149 1873 270 1910 Laicali
287 1900 298 1915 ,
333 1876 485 1920 exceptis
511 1884 620 1911 tamen
637 1876 744 1911 causis
767 1876 859 1911 mixti
880 1876 982 1916 Fori,
1010 1876 1080 1911 sive
1108 1874 1207 1911 aliter
1234 1876 1456 1923 privilegiatis
1479 1902 1490 1918 ,
1515 1888 1641 1912 conve-

151 1923 214 1958 niri
245 1924 388 1965 debeat,
422 1924 521 1971 idque
554 1934 721 1971 perpetuo
749 1925 874 1960 servari
902 1934 1079 1971 oportere3
1106 1925 1138 1960 ni
1165 1925 1242 1961 alias
1273 1927 1443 1963 laudabilis
1463 1927 1637 1961 Locorum

152 1974 363 2008 consuetudo
396 1973 606 2014 induxisset,
639 1985 676 2010 ut
702 1975 823 2010 Causae
839 1974 936 2010 etiam
954 1975 1130 2010 Laicorum
1147 1998 1158 2015 ,
1182 1975 1293 2021 specie
1315 1978 1456 2023 quadarn
1491 1973 1639 2012 cumula-

155 2020 234 2056 tivae
257 2022 533 2063 jurisdictionis,
562 2027 601 2058 ad
623 2024 745 2058 Forum
772 2022 928 2059 Ecclesiae
956 2023 1087 2059 traduci
1105 2026 1256 2069 possint:
1283 2026 1357 2061 Nos
1378 2037 1515 2073 quoque
1531 2050 1542 2065 ,
1569 2023 1643 2070 qui-

155 2070 216 2104 bus
251 2071 397 2107 maxime
414 2072 507 2108 cordi
524 2081 595 2113 est,
623 2072 787 2119 quidquid
804 2072 912 2107 Sacris
938 2072 1135 2110 Canonibus
1151 2083 1285 2109 cautum
1305 2075 1474 2120 reperitur
1490 2099 1500 2114 ,
1515 2071 1644 2109 studio-

156 2130 191 2153 se
218 2130 374 2160 servare‚
402 2134 438 2156 ac
458 2121 572 2160 tueri,
599 2121 878 2157 consuetudinem
905 2122 1097 2162 ejusmodi,
1127 2134 1203 2169 quae
1232 2123 1475 2160 Ecclesiasticae
1500 2121 1646 2164 Jurisdi-

160 2168 263 2202 ctioni
291 2167 404 2209 favet,
430 2169 502 2204 sive
526 2169 723 2207 inductam,
754 2169 827 2204 sive
847 2170 1068 2206 inducendam
1089 2184 1153 2206 non
1169 2174 1200 2206 in
1227 2172 1402 2209 Civilibus
1431 2172 1534 2207 modo
1550 2195 1561 2210 ,
1587 2170 1647 2205 sed

162 2216 261 2251 etiarn
290 2215 320 2249 in
340 2217 583 2251 Criminalibus
615 2217 736 2252 Causis
770 2218 950 2260 probamus
971 2241 980 2256 ,
1009 2218 1181 2253 laudamus
1200 2243 1211 2258 ,
1241 2231 1383 2266 eamque
1414 2229 1536 2255 sartam
1556 2243 1566 2259 ‚
1593 2227 1647 2252 te-

161 2272 315 2310 ctamque
342 2275 474 2298 manere
499 2266 653 2303 jubemus
668 2287 678 2302 ‚
710 2265 791 2298 nihil
814 2265 998 2310 quidquam
1026 2267 1068 2301 de
1085 2267 1155 2306 eius
1170 2266 1204 2302 vi
1221 2277 1254 2303 et
1272 2270 1395 2306 robore
1415 2270 1647 2307 detrahentes,

163 2323 272 2357 neque
292 2312 417 2359 aliquid
432 2314 574 2357 desuper
588 2312 783 2346 innovantes
801 2335 810 2345 .

262 2362 326 2396 Sed
351 2363 505 2408 quoniam
536 2359 745 2404 experientia
771 2369 982 2405 compertum
999 2368 1249 2407 est‚praetextu
1275 2365 1478 2412 quandoque
1507 2376 1648 2401 consue-

165 2408 292 2443 tudinis
309 2433 320 2448 ,
349 2410 402 2445 vel
425 2410 531 2446 minus
548 2409 730 2454 legitimae,
756 2410 811 2443 vel
843 2421 908 2444 non
922 2409 1061 2443 omnino
1074 2409 1254 2445 constantis
1271 2437 1281 2452 ‚
1311 2424 1422 2459 neque
1452 2414 1649 2460 alegitimis

168 2458 278 2493 ductae
303 2458 497 2504 principiis,
529 2458 623 2494 facile
653 2459 792 2492 nimium
822 2458 980 2497 moveri,
1010 2456 1183 2493 nonnullas
1210 2460 1308 2499 hujus
1337 2462 1470 2498 Nostrae
1497 2463 1649 2499 Ditionis

169 2507 294 2540 Curias
322 2507 532 2552 Episcopales
550 2533 560 2548 ‚
588 2517 620 2542 et
636 2506 884 2542 Ecclesiasticas
903 2530 913 2546 ‚
942 2514 979 2540 ut
1005 2517 1237 2552 praeoccupata
1265 2510 1523 2556 Magistratuum
1557 2525 1656 2548 secu·

166 2552 286 2590 larium
309 2555 570 2598 jurisdictione,
599 2559 637 2592 ad
663 2567 697 2591 se
727 2557 855 2591 trahant
887 2554 1115 2602 cognitionem
1145 2556 1340 2594 Criminum
1370 2561 1469 2596 etiarn
1499 2561 1655 2607 gravissi-

1147 2617 1161 2639 S
1583 2621 1661 2645 rno-
