1952 3167
368 321 451 362 188
647 320 720 361 DE
745 320 880 366 JUHE
909 317 1251 361 SIGNATURAE
1283 313 1535 366 JUSTlTlAE

367 380 395 422 ti
420 377 574 421 Curiae
593 379 679 422 stilo
700 380 970 422 accomodatis
985 411 997 429 ,
1030 392 1067 422 et
1083 394 1103 420 a
1126 378 1272 422 recenti
1290 377 1401 435 praxi
1422 390 1504 416 non
1525 372 1662 416 alienis
1677 402 1686 413 .
1715 373 1802 429 Qui

365 452 501 481 tamen
521 440 746 482 uberiorem
762 439 1113 482 Commissionum
1132 438 1404 493 cognitionem
1431 447 1632 490 exoptaret
1650 465 1662 483 ,
1687 434 1805 477 volu-

364 498 477 540 mina
508 499 691 556 superius
709 499 870 541 laudata
894 527 906 545 ,
940 498 983 538 in
1005 498 1155 551 quibus
1186 510 1234 536 ex
1255 495 1432 551 professo
1461 494 1507 532 de
1542 493 1612 534 illis
1644 493 1806 549 agitur,

359 572 599 615 percurrere
617 558 793 615 poterit;
826 556 1012 599 ordinem
1044 570 1139 599 vero
1160 555 1236 595 hac
1272 553 1315 593 in
1337 567 1375 594 re
1398 552 1512 594 talem
1539 566 1694 593 servare
1722 552 1809 594 exi-

360 616 613 660 stimavimus
632 649 645 666 ,
680 617 751 671 qui
772 615 1077 658 accomodatior
1097 614 1146 657 sit
1165 613 1330 656 elencho
1362 609 1644 668 rescriptorum
1660 642 1673 661 ‚
1706 610 1809 651 infe-

362 676 447 719 rius
478 678 604 733 capite
622 676 806 731 sequenti
826 675 1097 733 proponendo
1116 706 1126 716 .

481 735 538 778 Ut
558 749 691 777 autem
712 735 855 777 notitia
892 735 1030 789 aliqua
1053 735 1100 776 de
1126 732 1436 776 Commissionis
1471 730 1777 773 nomenclatura
1797 759 1811 779 ,

361 809 408 836 ac
432 795 726 853 significatione
745 795 1093 851 habeatur,pauca
1117 793 1291 851 primum
1312 793 1496 835 omnium
1517 792 1564 832 de
1584 805 1628 832 ea
1648 790 1814 832 dissere-

360 868 404 898 re
429 854 648 897 duximus.
687 854 930 896 Commissio
967 868 1144 909 namque
1163 884 1175 902 ,
1194 868 1299 907 quae
1327 867 1364 895 et
1398 851 1554 892 libellus
1573 849 1691 892 etiarn
1715 848 1812 891 anti-

362 914 504 967 quitus
526 915 803 969 appellabatur
823 945 836 963 ,
853 927 909 955 est
926 912 1165 970 supplicatio
1185 913 1386 968 quaedam
1406 940 1419 958 ,
1435 925 1537 966 quae
1571 910 1810 966 Signaturae

364 973 583 1026 porrigitur
595 1002 608 1020 ,
625 985 665 1012 et
682 972 918 1026 gravamina
938 971 1146 1018 continet,
1171 986 1192 1012 a
1213 972 1364 1024 quibus
1381 969 1604 1011 recurritur
1619 999 1632 1016 ,
1649 966 1812 1008 eadem-

359 1043 439 1084 que
459 1057 471 1076 ,
493 1030 704 1084 quomodo
726 1030 771 1070 iis
793 1029 1093 1070 occurrendum
1122 1028 1172 1070 sit
1187 1060 1200 1079 ,
1219 1028 1523 1084 expostulatum
1542 1041 1590 1067 ex
1609 1042 1657 1068 eo
1676 1040 1811 1068 tamen

365 1088 482 1141 quod
504 1089 546 1129 in
564 1089 668 1131 calce
685 1088 866 1145 ejusdem
885 1087 1120 1131 rescribitur
1133 1116 1145 1134 ‚
1172 1103 1217 1130 ac
1237 1087 1456 1130 mandatur
1473 1085 1574 1143 quid
1595 1086 1636 1127 in
1656 1086 1813 1128 ulterio-

359 1148 394 1190 ri
429 1147 622 1190 instantia
661 1149 865 1205 agendum
897 1148 946 1191 sit
965 1177 977 1195 ,
1011 1147 1254 1189 commissio
1291 1147 1538 1204 appellatur;
1568 1146 1809 1188 committere

364 1206 468 1247 idem
487 1221 584 1256 esse,
599 1223 644 1249 ac
664 1208 809 1248 manda
818 1224 856 1250 re
872 1237 882 1254 ‚
895 1218 1004 1264 patet
1018 1222 1066 1248 ex
1086 1206 1200 1247 titulo
1220 1207 1465 1264 Digestorum
1485 1206 1532 1245 de
1544 1203 1686 1258 ‘Officio
1702 1203 1784 1259 ejus
1798 1235 1813 1254 ,

363 1265 429 1307 cui
447 1268 636 1307 mandata
655 1277 712 1307 est
722 1266 945 1321 jurisdictio
966 1296 975 1305 .
996 1267 1104 1306 Hinc
1125 1281 1169 1306 ea
1188 1280 1244 1307 est
1274 1265 1375 1305 ratio
1396 1294 1410 1311 ,
1444 1278 1570 1318 quare
1608 1263 1650 1302 in
1668 1263 1813 1318 Signa-

357 1336 448 1365 tura
471 1324 652 1371 justitiae
679 1326 912 1382 proceditur
930 1339 1000 1379 per
1018 1324 1128 1367 viam
1156 1322 1449 1365 commissionis
1469 1354 1482 1371 ‚
1506 1334 1543 1363 et
1569 1321 1612 1361 in
1645 1321 1812 1371 caeteris

357 1383 654 1426 Tribunalibus
676 1399 743 1440 per
769 1384 874 1428 viam
899 1382 1106 1426 monitorii
1125 1411 1138 1430 ,
1156 1396 1280 1438 prout
1295 1382 1338 1422 in
1369 1383 1424 1422 A.
1446 1381 1498 1423 C.
1522 1410 1536 1430 ‚
1556 1392 1593 1422 et
1611 1380 1653 1420 in
1676 1379 1809 1422 Curia

359 1455 458 1483 vero
478 1442 713 1497 Capitolina
731 1443 868 1497 vigore
887 1442 1004 1483 libelli
1027 1472 1036 1481 .

481 1501 530 1541 Et
549 1500 687 1542 forsan
722 1499 1035 1542 Commissionis
1068 1514 1147 1541 vox
1172 1499 1212 1539 in
1234 1514 1312 1542 usu
1332 1497 1408 1540 fori
1426 1499 1550 1542 nostri
1583 1497 1755 1541 invaluit
1786 1514 1810 1541 a

362 1560 554 1601 Romano
572 1559 699 1612 Jure;
736 1574 831 1600 nam
856 1560 1113 1601 commissum
1129 1558 1330 1614 judicium
1359 1558 1568 1601 dicebatur
1586 1557 1650 1599 lite
1670 1572 1813 1601 conte-

360 1632 461 1661 stata
484 1647 497 1665 ,
527 1618 724 1660 nimirum
758 1634 890 1675 quum
925 1617 1090 1672 Judices
1124 1617 1237 1667 dati,
1270 1631 1582 1675 susceptumque
1609 1615 1811 1670 judicium

361 1691 384 1718 a
403 1676 674 1734 litigatoribus
700 1691 823 1729 esset,
853 1691 1060 1736 praeterea
1095 1676 1218 1734 judex
1251 1689 1320 1735 per
1355 1679 1630 1719 narrationem
1661 1678 1810 1733 negotii

360 1734 547 1778 Causam
583 1737 724 1779 audire
749 1738 911 1794 cepisset
932 1767 945 1785 ,
976 1750 1135 1794 sumpta
1166 1751 1188 1777 a
1217 1751 1256 1778 re
1277 1736 1439 1779 militari
1457 1735 1716 1779 translatione
1732 1768 1744 1786 ,
1766 1736 1809 1779 in

362 1809 448 1849 qua
481 1795 630 1838 bellum
660 1798 915 1839 commissum
943 1812 1016 1852 pro
1046 1811 1094 1836 eo
1114 1825 1128 1843 ,
1161 1795 1277 1850 quod
1295 1795 1413 1850 vulgo
1441 1807 1653 1851 apertum,
1689 1808 1809 1852 atque

359 1854 569 1913 inceptum
589 1854 787 1912 eleganter
815 1855 1008 1909 ponimus
1025 1869 1039 1902 t,
1059 1853 1189 1896 Cicero
1216 1853 1270 1896 ait
1304 1853 1346 1895 in
1379 1852 1564 1896 Oratione
1590 1868 1668 1910 pro
1687 1855 1810 1900 Sexto

356 1914 496 1957 Roscio
523 1929 534 1955 :
560 1916 677 1973 longo
693 1913 890 1957 intervallo
915 1912 1109 1970 judicium
1145 1914 1217 1956 hoc
1232 1913 1492 1956 committitur
1507 1914 1580 1971 (1)
1601 1927 1667 1961 ;et
1700 1929 1811 1956 com-

353 1973 508 2016 mittere
530 2003 543 2022 ,
572 1975 675 2016 inter
699 1975 774 2016 alia
794 1989 868 2031 pro
902 1973 1060 2015 initiare
1092 1987 1114 2014 a
1132 1972 1325 2015 Romanis
1359 1987 1666 2027 nonnunquam
1690 1985 1808 2015 usur-

355 2045 500 2090 patum
533 2033 655 2076 fuis-se
673 2064 687 2085 ,
702 2033 857 2077 Nonius
871 2033 1087 2078 Marcellus
1119 2045 1258 2076 auctor
1289 2045 1348 2076 est
1365 2063 1379 2084 ‚
1395 2032 1600 2090 proferens
1619 2029 1805 2086 Virgilia÷

355 2105 464 2134 num
486 2093 586 2134 illud
606 2124 616 2135 .

481 2153 537 2193 Et
556 2153 669 2193 turba
687 2152 909 2193 commissos
935 2149 1060 2189 medio
1074 2149 1179 2190 canit
1192 2163 1336 2206 aggere
1351 2149 1462 2191 ludos
1475 2178 1486 2189 .

360 2207 482 2249 Plura
520 2210 686 2262 quidem
703 2207 882 2250 dicenda
909 2219 1037 2248 essent
1056 2206 1104 2248 de
1139 2207 1435 2250 Commissione
1467 2208 1509 2249 in
1544 2209 1803 2263 particulari,

358 2266 532 2321 quando
564 2278 710 2323 nempe
751 2266 980 2309 communis
1007 2266 1105 2315 fiat,
1136 2268 1306 2323 quando
1333 2267 1399 2308 det
1421 2267 1592 2310 formam
1620 2269 1800 2325 specifice'

359 2323 604 2380 adimplendi
638 2325 945 2376 conditionem;
975 2339 1080 2380 quae
1107 2339 1130 2367 a
1158 2328 1417 2370 Marchesano
1443 2327 1572 2370 fusius
1602 2328 1803 2372 adnotan-

1706 2401 1798 2438 tur;

406 2512 464 2555 (ι)
486 2516 584 2547 Hott.
603 2512 635 2557 §.
655 2523 684 2546 x.
710 2517 815 2551 Instit.
835 2517 874 2550 de
890 2516 996 2551 Actio.
