1993 3195
139 420 168 462 ti
188 446 202 466 ‚
233 429 271 458 et
285 413 487 459 citationis
502 445 516 465 ,
543 428 646 471 opus
666 428 725 457 est
740 446 753 464 ‚
774 427 820 457 ut
837 414 1164 463 animadvertat,
1189 429 1316 471 quam
1332 417 1478 463 habeat
1494 377 1611 477 juris?

134 476 384 525 'dictionem;
415 487 454 516 et
488 474 657 530 proinde
689 473 1034 518 Commissionem
1054 476 1266 520 observare
1299 477 1449 527 debet,
1485 492 1524 523 et
1555 498 1609 526 an

141 551 234 595 pars
250 535 368 577 citata
385 533 507 575 fuerit
536 534 589 574 ad
607 534 826 577 dicendum
842 547 982 577 contra
1013 549 1102 576 eam
1121 563 1133 582 ,
1166 547 1204 578 et
1220 534 1365 578 deinde
1400 538 1607 583 Procura-

141 609 278 638 torum
311 594 502 636 mandata
533 591 565 634 si
590 592 758 650 legitima
797 593 878 636 sint
901 625 914 644 ‚
941 606 980 636 et
1000 593 1244 637 sufficientia
1275 626 1290 645 ,
1318 595 1485 639 demum
1512 602 1607 644 verb

142 654 352 696 citationes
372 682 384 698 ,
423 666 522 694 num
543 654 686 710 nempe
706 652 877 709 legitime
895 653 1022 696 factae
1056 654 1310 712 reperiantur
1332 655 1386 697 ad
1413 657 1607 703 terminos

141 712 423 757 substantiales
455 744 469 762 ,
501 711 533 754 si
561 727 816 769 exequutae,
855 728 900 755 ac
929 712 1193 769 reproductae
1220 712 1374 757 fuerint
1406 715 1450 757 in
1479 717 1607 769 actis;

141 787 180 815 et
196 787 404 829 eapropter
443 772 542 814 dum
572 773 767 815 sententia
797 773 1088 815 subscribenda
1122 784 1180 815 est
1205 804 1217 821 ,
1252 774 1449 818 Notarius
1479 776 1607 818 eidem

139 832 275 886 Judici
309 832 437 874 dictas
466 831 676 875 citationes
693 831 906 888 originales
931 831 1097 874 exhibet
1116 861 1128 873 .
1164 832 1238 873 His
1272 834 1464 878 omnibus
1495 835 1607 889 aJu-

141 892 226 934 dice
254 892 519 949 praecognitis
536 919 550 940 ,
583 905 722 935 tenore
740 906 884 949 nempe
922 890 1213 934 commissionis
1233 920 1246 939 ‚
1273 904 1312 934 et
1338 893 1528 936 citatione
1552 894 1605 936 ad

142 951 364 992 dicendum
390 964 559 1001 contra,
589 967 709 1008 equa
750 951 1028 1008 dignoscitur,
1059 949 1178 1005 quod
1208 950 1369 994 firmata
1399 953 1478 996 fuit
1497 953 1602 995 illius

141 1009 364 1068 jurisdictio
382 1041 396 1060 ,
430 1011 629 1053 mandatis
659 1013 974 1054 procuratorum
995 1039 1008 1058 ,
1034 1025 1054 1051 e
1072 1010 1226 1067 quibus
1241 1024 1350 1068 patet
1368 1011 1603 1069 legitimatio

141 1083 431 1127 personarum,
460 1084 564 1125 quae
581 1070 625 1110 in
640 1068 801 1122 judiciis
819 1070 1085 1125 praecipuum
1103 1070 1238 1111 locum
1270 1070 1449 1111 obtinere
1468 1070 1603 1121 debet,

140 1141 180 1169 et
197 1127 357 1166 demum
378 1128 569 1168 citatione
589 1129 711 1181 partis
731 1128 783 1168 ad
816 1128 1006 1168 terminos
1033 1127 1310 1170 substantiales
1329 1156 1342 1174 ‚
1361 1128 1603 1183 illorumque

138 1182 434 1227 reiterationem
452 1210 465 1228 ,
493 1193 531 1221 et
558 1183 611 1222 ad
639 1183 878 1224 sententiam
896 1211 908 1230 ,
946 1184 1120 1224 dubium
1147 1184 1305 1224 nullum
1344 1199 1522 1228 remanet
1553 1188 1602 1229 de

139 1256 327 1302 processu
347 1241 537 1282 ordinato
554 1270 567 1288 ‚
600 1253 638 1282 et
666 1240 802 1285 valido
821 1271 831 1282 .

258 1300 306 1342 ln
330 1301 476 1343 eisdem
499 1298 662 1350 Causis,
689 1299 951 1358 expediendis
972 1314 1044 1358 per
1061 1301 1315 1345 definitivam
1336 1304 1576 1347 sententiam
1593 1334 1614 1355 ,.

141 1360 313 1405 omnino
341 1365 547 1403 observare
567 1360 716 1402 debent
736 1360 890 1403 ludices
907 1360 1186 1403 commissarii
1207 1361 1494 1406 declarationes
1510 1379 1605 1421 par-

139 1420 317 1464 ticularis
343 1419 711 1476 Congregationis‚
737 1420 955 1475 deputatae
974 1435 996 1461 a
1021 1421 1188 1462 Summo
1214 1421 1404 1463 pontifice
1423 1422 1607 1465 Clemen-

141 1493 178 1524 te
193 1495 264 1522 xt.
285 1509 299 1527 ‚
327 1493 534 1536 tangentes
556 1478 832 1536 sportularum
847 1511 861 1530 ‚
887 1480 968 1523 sive
989 1480 1256 1538 propinatum
1279 1509 1292 1528 ‚
1329 1482 1577 1525 exactionem
1592 1512 1606 1532 ,

140 1555 245 1596 quae
265 1539 448 1596 sequenti
467 1538 607 1581 ordine
626 1539 669 1580 in
690 1537 996 1597 Constitutione
1014 1539 1287 1582 reformatoria
1303 1538 1480 1596 ejusdem
1503 1543 1604 1583 Pon-

141 1599 256 1642 tificis
276 1599 348 1656 (ι)
376 1612 664 1650 recensentur3
693 1598 824 1656 primo
852 1599 894 1640 in
921 1600 1078 1649 causis,
1113 1599 1156 1641 in
1190 1599 1340 1655 quibus
1373 1601 1605 1657 procedunt

139 1659 276 1716 vigore
296 1659 422 1700 unius
448 1658 769 1709 commissionis,
805 1674 890 1700 non
912 1659 1024 1701 liceat
1058 1660 1114 1701 eis
1147 1659 1301 1717 exigere
1330 1659 1405 1701 nisi
1437 1660 1604 1702 unicam

139 1730 299 1760 tantum
316 1720 529 1776 propinam
545 1748 559 1768 ‚
590 1716 704 1772 juxta
726 1731 860 1761 raxam
877 1719 919 1760 in
936 1718 1223 1760 reformatione
1242 1717 1353 1759 Pauli
1385 1733 1424 1761 v.
1440 1718 1604 1769 editam,

139 1791 188 1819 ac
207 1777 250 1818 in
278 1778 564 1822 litterislnnoc.
587 1793 647 1822 Χῖ.
670 1792 708 1821 et
726 1777 932 1820 Benedicti
949 1791 1051 1821 xm.
1073 1778 1149 1834 (ς’.)
1160 1777 1608 1826 confirmatam,etiam-

139 1835 172 1877 si
188 1836 230 1875 in
249 1836 600 1879 commissionibus
614 1838 767 1879 fuerint
789 1852 970 1892 expressa
994 1865 1006 1884 ‚
1025 1851 1062 1878 et
1077 1837 1232 1878 inclusa
1252 1836 1406 1879 diversa
1425 1836 1576 1877 credita
1592 1867 1606 1885 ‚

139 1908 212 1935 seu
250 1895 384 1942 bona,
419 1894 595 1937 diversae
629 1893 805 1934 actiones
826 1921 838 1938 ,
867 1907 905 1934 et
932 1893 1108 1935 diversae
1146 1906 1371 1948 personae;
1405 1908 1450 1936 ac
1485 1894 1606 1936 etiam

139 1965 226 1992 non
260 1953 471 1998 obstante,
501 1950 617 2004 quod
652 1950 704 1990 ad
734 1950 966 1992 instantiam
997 1950 1333 2005 collitigantium,
1365 1951 1429 1991 vel
1446 1952 1608 1995 alterius

138 2008 321 2067 ipsorum
337 2006 489 2050 fuerint
503 2006 627 2049 divisa
646 2037 658 2056 ‚
677 2019 714 2048 et
729 2007 931 2063 disputata
951 2009 1104 2053 diversa
1125 2009 1251 2051 dubia
1269 2038 1283 2057 ‚
1300 2011 1500 2068 separatae
1512 2026 1609 2070 pro-

140 2068 292 2110 dierint
322 2067 542 2109 decisiones
562 2097 575 2116 ,
608 2066 789 2121 lataeque
805 2081 1008 2124 separatae
1026 2067 1241 2110 sententiae
1257 2099 1268 2110 .
1583 2079 1587 2091 “

150 2155 169 2160 -
257 2127 305 2169 In
331 2127 461 2169 causis
476 2124 601 2175 veto,
632 2126 674 2166 in
701 2124 851 2180 quibus
880 2126 1092 2168 definitum
1108 2127 1187 2169 fuit
1201 2140 1381 2171 constare
1407 2129 1454 2170 de
1474 2129 1606 2172 credi-

141 2201 184 2231 to
214 2188 340 2228 unius
357 2201 411 2228 ex
437 2185 749 2244 collitigantibus
769 2184 811 2226 in
828 2184 964 2241 aliqua
995 2198 1098 2228 certa
1116 2216 1129 2235 ,
1161 2199 1200 2228 et
1218 2187 1481 2231 determinata
1501 2203 1608 2231 sum-

141 2262 205 2289 ma
225 2276 238 2295 ,
270 2248 311 2288 in
330 2247 548 2289 monitorio
565 2277 579 2294 ,
613 2259 684 2287 seu
704 2245 983 2288 commissione
1007 2245 1129 2303 petita
1150 2274 1163 2293 ,
1194 2245 1449 2289 discutienda
1466 2247 1508 2289 in
1529 2249 1605 2292 alia

145 2305 332 2350 instantia
369 2339 382 2357 ‚
413 2307 493 2349 sive
519 2303 674 2359 judicio
703 2335 717 2354 ,
749 2303 903 2347 taxatio
928 2303 1199 2363 sportularum
1232 2306 1306 2349 erit
1325 2307 1546 2364 regulanda
1581 2323 1605 2350 a

147 2378 232 2406 rata
264 2382 442 2409 summae
462 2366 503 2406 in
527 2362 726 2407 sententia
758 2362 947 2407 definitae
966 2396 981 2414 ,
1012 2379 1097 2406 non
1126 2378 1260 2406 autem
1279 2380 1301 2405 a
1331 2378 1412 2406 tota
1447 2380 1605 2409 summa

147 2421 192 2465 in
210 2427 425 2469 monitorio
442 2457 455 2477 ‚
483 2439 550 2468 seu
568 2421 850 2467 commissione
878 2424 1050 2465 deducta
1066 2438 1080 2473 3
1114 2423 1157 2463 in
1175 2423 1248 2464 illis
1265 2451 1277 2470 ‚
1293 2438 1397 2480 quae
1417 2422 1606 2467 Credito-

1002 2483 1039 2524 K
1071 2495 1097 2523 2
1514 2499 1606 2527 rum

1294 2554 1607 2569 Ἥ

151 2554 349 2568 ——

508 2557 661 2571 ——-

195 2613 252 2657 (1)
279 2614 380 2647 const.
401 2621 478 2646 222.
495 2623 568 2646 ann.
588 2622 685 2655 ¹7¹5·
702 2623 755 2647 22.
773 2614 878 2652 lunii.
971 2612 1028 2653 (2)
1050 2611 1350 2657 Append.pag.6o.
