1993 3195
624 342 663 383 C
698 350 737 382 Α
768 351 795 383 Ρ
825 351 870 391 ,υ
902 350 940 389 Τ
1009 352 1093 393 iv.
1515 370 1603 412 237

141 409 191 448 ab
207 401 438 445 earumdem
453 399 590 442 studio
607 414 645 440 sc
670 400 962 449 abstinens-aut
981 406 1490 462 suspicantur,hujusmodi
1511 426 1596 465 pro-

139 463 284 505 lixitate
314 460 373 502 uti
394 462 674 502 Procuratores
693 460 744 501 ad
764 459 926 501 Causae
946 463 1222 504 turbiditatem
1238 482 1251 513 ·‚
1270 481 1352 516 qua
1371 467 1418 507 de
1438 483 1476 509 re
1495 471 1600 512 dam,

136 520 281 563 nabilis
301 519 558 563 consuetudo
576 519 636 560 illa
653 519 847 576 prolixius
862 520 1062 562 scribendi
1082 535 1232 578 semper
1250 522 1437 563 habenda
1459 540 1512 566 est
1532 557 1544 575 ,
1561 542 1598 570 et

133 580 234 622 nihil
251 579 389 622 melius
406 578 890 637 optimamdefensionem,
910 578 1072 621 Causae
1093 580 1301 622 constituit
1317 609 1328 627 ‚
1349 596 1472 635 quam
1505 585 1595 626 stri-

133 640 225 685 ctim
253 672 265 690 ,
296 639 385 695 apte
405 671 417 689 ,
435 652 473 682 et
503 639 645 682 ornate
665 639 834 682 scribere
851 636 869 687 ;’
894 651 931 680 et
952 639 1116 680 adeoin-
1132 642 1316 682 Romana
1338 639 1468 683 Curia
1496 657 1594 699 pro-

131 699 265 742 lixitas
283 699 501 741 damnatur
521 730 533 748 ,
568 712 616 741 ut
631 699 750 742 etiam
782 698 941 755 poenali
958 700 1170 741 sanctione
1190 699 1309 743 vetita
1327 699 1376 742 sit
1396 714 1407 749 ;
1430 716 1467 744 et
1487 716 1591 747 reve-

131 773 173 801 ra
204 759 244 798 in
262 757 385 814 capite
413 772 501 801 xxl.
523 758 781 801 Dect-ecorum
799 757 961 811 collegii
981 758 1224 814 Sigzzaturae
1249 761 1344 802 anni
1366 774 1490 816 1742.
1533 763 1586 806 ita

127 818 416 876 praescriptum
449 817 591 873 legitur
609 833 620 859 :
657 817 1003 860 caveant-sollicite*
1018 819 1131 860 iidem
1171 821 1451 862 Procuratores
1478 836 1526 862 ne
1545 822 1587 864 in

125 877 324 919 scribendo
349 877 605 933 abantiquo»,
636 889 674 920 et
690 877 876 920 laudabili
904 878 1101 920 Romanae
1133 878 1271 921 Curiae
1292 878 1483 922 breuitate
1515 883 1586 922 cle-

120 935 320 992 flectentes
341 965 353 984 ‚
382 936 582 995 superfluo
602 970 613 988 ‚
644 937 883 994 nimiumque
901 937 1153 994 litigantibus
1184 939 1422 995 dispendiosa
1454 939 1586 995 proli·

124 996 251 1039 xitate
275 1008 465 1045 utantur-3
491 999 523 1040 si
541 998 624 1053 quis
639 1002 728 1041 vero
743 1000 964 1040 moderatae
988 1013 1191 1040 mensurae
1207 996 1345 1040 limites
1369 1000 1585 1041 excesserit

124 1056 314 1114 condigne
335 1056 560 1099 Tribmzalis
578 1058 740 1099 arbitrio
751 1057 939 1114 puniatur
969 1086 979 1096 .

246 1115 411 1172 Intelligi
431 1130 562 1159 tamen
592 1118 746 1159 debent
773 1118 870 1159 haec
910 1115 1074 1165 omnia,
1108 1118 1155 1159 de
1183 1117 1410 1174 prolixitate
1445 1118 1551 1159 dicta
1571 1147 1601 1166 ,,.

122 1188 170 1216 ut
188 1186 350 1215 tanturn
381 1176 432 1215 ab
452 1176 665 1218 inutilibus
690 1177 963 1218 abstineamus
986 1206 998 1224 ‚
1032 1189 1130 1218 neve
1164 1177 1210 1217 iis
1227 1176 1269 1215 in
1294 1177 1415 1218 rebus
1443 1191 1579 1232 evage<

119 1247 241 1281 mur,
276 1248 381 1288 quae
400 1244 509 1289 extra
545 1234 797 1290 propositum
829 1248 954 1282 sunt3
990 1248 1084 1273 narn
1102 1233 1327 1288 aliquando
1360 1249 1580 1290 argumen-

119 1304 255 1335 torum
273 1292 489 1334 multitudo
511 1293 552 1333 id
570 1292 713 1349 exigit,
729 1306 775 1334 ut
793 1291 993 1336 brevitate·
1008 1305 1093 1332 non
1115 1305 1278 1333 utamur
1294 1307 1306 1341 ς
1325 1293 1385 1336 vel
1404 1293 1496 1335 facti
1518 1308 1580 1335 re·

118 1350 294 1394 levantes
313 1351 636 1394 circumstantiae
651 1383 662 1400 ‚
681 1352 815 1406 plures
832 1383 844 1400 ‚
864 1367 909 1392 ac
927 1351 1061 1395 varios
1078 1351 1196 1392 nobis
1226 1365 1471 1408 praeparent
1503 1353 1580 1406 Ju-

119 1410 171 1452 xtis
191 1410 406 1457 articulos,
440 1411 486 1449 de
505 1410 662 1463 quibus
684 1409 915 1461 iuremerito
953 1411 1074 1454 verba
1107 1409 1292 1452 facienda
1322 1424 1442 1460 sunt;
1477 1425 1577 1453 tunc:

116 1469 226 1511 enirn
263 1466 466 1524 prolixitas
483 1468 686 1526 culpanda
708 1483 791 1510 non
810 1484 901 1518 est3*
923 1470 1018 1510 hinc
1039 1468 1262 1510 Venusinus
1280 1469 1397 1509 Poeta
1421 1469 1573 1524 ajebat5

114 1542 176 1571 res
199 1527 282 1568 illas
298 1527 470 1584 prolixas
490 1541 573 1569 non
592 1526 671 1569 dici
687 1558 699 1576 ,
729 1528 922 1584 aquibus
943 1527 1098 1568 demere
1114 1526 1270 1582 aliquid
1293 1527 1468 1584 quisque
1488 1543 1574 1569 non

113 1587 265 1644 possit3
297 1588 425 1629 erhac
444 1587 485 1643 in
505 1602 542 1628 re
562 1587 971 1631 animadvertendum
997 1599 1085 1633 est,
1118 1600 1167 1626 ne
1190 1585 1338 1627 nimiae
1373 1586 1575 1630 brevitatis

111 1646 248 1690 studio
268 1645 308 1686 in
325 1646 434 1688 aliud
452 1647 726 1696 obscuritatis,
759 1661 901 1703 nempe
917 1678 929 1695 ‚
964 1646 1108 1689 vitium
1125 1645 1379 1687 incurramus
1402 1661 1414 1695 3
1437 1646 1589 1687 omnia·

112 1706 262 1764 quippe
281 1719 453 1749 extrema
472 1738 484 1756 ,
505 1722 524 1748 a
546 1707 802 1764 Philosophis
820 1705 1034 1748 didicimus
1049 1736 1063 1755 2
1083 1704 1224 1749 vitiosa
1243 1718 1344 1754 esse,
1363 1704 1573 1747 virtutem*

111 1779 191 1820 que
207 1766 251 1807 in
275 1766 406 1807 medio
428 1767 639 1809 consistere
660 1797 668 1809 .
767 1769 769 1771 ’
1040 1768 1042 1770 μ

231 1825 421 1866 Diximus
437 1840 557 1880 supra
575 1856 587 1873 ‚
614 1829 665 1867 ab
682 1825 896 1869 inutilibus
922 1827 1211 1868 abstinendum
1231 1826 1272 1865 in
1289 1822 1500 1866 scribendo
1518 1837 1591 1865 ess

109 1899 148 1926 se
167 1899 180 1933 3
209 1896 247 1924 et
265 1883 438 1940 proinde
461 1882 522 1923 hic
541 1882 764 1924 videndum
783 1884 973 1924 duximus
995 1911 1007 1928 ‚
1025 1885 1129 1937 quid
1149 1883 1290 1925 inutile
1311 1896 1473 1938 prorsus
1491 1882 1580 1932 sitz.

109 1942 297 1997 equidem
347 1942 478 1999 primo
506 1942 594 1982 loco
626 1956 875 1984 recensemus
902 1943 1077 1982 abusum
1110 1941 1221 1984 illum
1244 1940 1334 1997 jura
1368 1940 1565 1997 allegandi

91 2000 156 2041 -iis
184 2001 225 2040 in
245 2002 363 2042 rebus
381 2032 394 2049 ‚
414 2015 450 2042 et
466 2000 673 2057 principiis
692 2029 705 2046 ,
723 2015 827 2056 quae
851 2000 1009 2042 notoria
1045 2013 1142 2043 sunt
1164 2031 1177 2049 ,
1214 1999 1446 2054 nullamque
1466 2000 1564 2040 Par-‘-

106 2058 156 2102 tis
189 2059 549 2102 contradictionem
569 2059 772 2114 recipiunt
789 2092 801 2110 ‚
831 2072 876 2102 ut
894 2074 1036 2114 nempe
1053 2089 1063 2106 ‚
1082 2075 1133 2100 cm
1146 2057 1364 2116 possessori
1380 2056 1563 2099 anteriori

107 2119 234 2160 danda
269 2117 322 2161 sit
353 2119 596 2160 manuterttz‘o
629 2151 642 2166 ‚
691 2121 804 2173 quod
850 2119 993 2160 litterae
1030 2119 1280 2174 Apostolicae
1315 2116 1563 2174 justificatae

108 2177 183 2219 sint
198 2179 474 2235 exequendae,
502 2176 750 2219 subnomine
768 2177 946 2232 filiorum
983 2178 1149 2217 veniunt
1179 2190 1336 2234 nepotes
1362 2209 1375 2227 ,
1407 2176 1565 2231 aliaque

110 2235 351 2290 ejuscemodi
372 2267 384 2285 ,
402 2237 516 2295 lippis
537 2268 548 2286 ,
566 2252 610 2279 ac
625 2237 859 2278 tonsoribus
881 2248 1003 2285 nota3
1040 2249 1145 2289 quae
1163 2237 1329 2291 quidem
1364 2234 1567 2290 allegatio-

111 2311 186 2338 nes.
203 2297 360 2340 inutiles
382 2312 545 2352 prorsus
563 2309 659 2337 sunt
679 2327 689 2342 ‚
730 2295 981 2350 paginasque
1015 2293 1104 2344 his,
1132 2309 1170 2336 et
1188 2294 1386 2337 similibus
1405 2292 1577 2350 implere*

109 2370 452 2413 supervacaneum
477 2354 655 2415 profecto
681 2364 915 2411 reputatur;
947 2354 1067 2396 immo
1086 2354 1276 2398 laudatus
1309 2354 1371 2394 De
1388 2353 1496 2394 Luca
1512 2352 1564 2392 fa-

105 2430 202 2459 tuos
229 2417 394 2471 appellat
425 2431 491 2458 eos
512 2444 524 2462 ‚
550 2413 621 2471 qui
654 2412 909 2454 auctoritates
935 2426 1147 2468 congerere
1177 2413 1343 2454 student
1371 2411 1423 2451 ad
1458 2424 1562 2451 com-

108 2475 342 2534 probandas
361 2475 577 2518 antedictas
596 2473 830 2515 assertiones
845 2499 857 2516 ‚
880 2484 983 2523 quae
1003 2485 1134 2526 quum
1151 2470 1369 2523 Judicibus
1384 2467 1478 2509 satis
1494 2481 1572 2509 no--

107 2548 169 2577 tae
188 2534 294 2582 sint,
314 2531 462 2584 injuria
482 2533 684 2589 quaedam
700 2531 838 2573 iisdem
858 2531 1082 2587 irrogatur,
1099 2529 1222 2572 ferme
1246 2543 1290 2573 ac
1313 2528 1360 2570 de
1380 2526 1453 2569 illis
1468 2527 1560 2570 edo-

107 2593 158 2638 cti
185 2607 269 2635 non
285 2605 411 2635 essent
432 2622 442 2631 ο
1510 2644 1544 2685 E

1547 2656 1565 2688 t*
