<?xml version="1.0" encoding="UTF-8"?>
<!DOCTYPE html PUBLIC "-//W3C//DTD XHTML 1.0 Transitional//EN"
    "http://www.w3.org/TR/xhtml1/DTD/xhtml1-transitional.dtd">
<html xmlns="http://www.w3.org/1999/xhtml" xml:lang="en" lang="en">
 <head>
  <title>
</title>
<meta http-equiv="Content-Type" content="text/html;charset=utf-8" />
  <meta name='ocr-system' content='tesseract 3.04.00' />
  <meta name='ocr-capabilities' content='ocr_page ocr_carea ocr_par ocr_line ocrx_word'/>
</head>
<body>
  <div class='ocr_page' id='page_1' title='image "./dejuresignaturae00vita_0112.png"; bbox 0 0 2075 3167; ppageno 0'>
   <div class='ocr_carea' id='block_1_1' title="bbox 446 297 1991 2421">
    <p class='ocr_par' dir='ltr' id='par_1_1' title="bbox 449 297 1991 1706">
     <span class='ocr_line' id='line_1_1' title="bbox 467 297 1938 406; baseline 0.011 -25"><span class='ocrx_word' id='word_1_1' title='bbox 467 297 492 338; x_wconf 74' lang='lat'><strong>9</strong></span> <span class='ocrx_word' id='word_1_2' title='bbox 587 339 658 383; x_wconf 89' lang='lat' dir='ltr'><strong>Ad</strong></span> <span class='ocrx_word' id='word_1_3' title='bbox 683 340 857 397; x_wconf 83' lang='lat' dir='ltr'><strong>reliquas</strong></span> <span class='ocrx_word' id='word_1_4' title='bbox 877 343 1167 399; x_wconf 82' lang='lat' dir='ltr'><strong>propositiones</strong></span> <span class='ocrx_word' id='word_1_5' title='bbox 1187 375 1201 395; x_wconf 89' lang='lat'>‚</span> <span class='ocrx_word' id='word_1_6' title='bbox 1224 361 1327 402; x_wconf 87' lang='lat' dir='ltr'><strong>quae</strong></span> <span class='ocrx_word' id='word_1_7' title='bbox 1353 347 1395 388; x_wconf 89' lang='lat' dir='ltr'><strong>in</strong></span> <span class='ocrx_word' id='word_1_8' title='bbox 1430 347 1546 406; x_wconf 84' lang='lat' dir='ltr'><strong>plena</strong></span> <span class='ocrx_word' id='word_1_9' title='bbox 1567 346 1783 405; x_wconf 72' lang='lat' dir='ltr'><strong>Signatura</strong></span> <span class='ocrx_word' id='word_1_10' title='bbox 1809 352 1938 404; x_wconf 65' lang='lat' dir='ltr'><strong>fiunt2.</strong></span> 
     </span>
     <span class='ocr_line' id='line_1_2' title="bbox 468 398 1927 464; baseline 0.005 -18"><span class='ocrx_word' id='word_1_11' title='bbox 468 398 749 452; x_wconf 80' lang='lat' dir='ltr'><strong>transeundo,</strong></span> <span class='ocrx_word' id='word_1_12' title='bbox 782 398 845 442; x_wconf 89' lang='lat' dir='ltr'><strong>hic</strong></span> <span class='ocrx_word' id='word_1_13' title='bbox 878 400 1282 449; x_wconf 85' lang='lat' dir='ltr'><strong>animadvertendum</strong></span> <span class='ocrx_word' id='word_1_14' title='bbox 1304 421 1511 451; x_wconf 83' lang='lat' dir='ltr'><strong>censemus</strong></span> <span class='ocrx_word' id='word_1_15' title='bbox 1531 437 1543 455; x_wconf 88' lang='lat'>‚</span> <span class='ocrx_word' id='word_1_16' title='bbox 1579 408 1693 464; x_wconf 87' lang='lat' dir='ltr'><strong>quod</strong></span> <span class='ocrx_word' id='word_1_17' title='bbox 1724 412 1754 452; x_wconf 88' lang='lat' dir='ltr'><strong>si</strong></span> <span class='ocrx_word' id='word_1_18' title='bbox 1787 412 1927 454; x_wconf 89' lang='lat' dir='ltr'><strong>denuo</strong></span> 
     </span>
     <span class='ocr_line' id='line_1_3' title="bbox 469 460 1929 527; baseline 0.005 -23"><span class='ocrx_word' id='word_1_19' title='bbox 469 460 609 504; x_wconf 87' lang='lat' dir='ltr'><strong>eadem</strong></span> <span class='ocrx_word' id='word_1_20' title='bbox 633 460 770 504; x_wconf 81' lang='lat' dir='ltr'>Causa</span> <span class='ocrx_word' id='word_1_21' title='bbox 799 463 1065 518; x_wconf 87' lang='lat' dir='ltr'><strong>proponenda</strong></span> <span class='ocrx_word' id='word_1_22' title='bbox 1090 467 1226 509; x_wconf 84' lang='lat' dir='ltr'><strong>veniat</strong></span> <span class='ocrx_word' id='word_1_23' title='bbox 1257 466 1298 509; x_wconf 88' lang='lat' dir='ltr'><strong>in</strong></span> <span class='ocrx_word' id='word_1_24' title='bbox 1327 466 1442 527; x_wconf 83' lang='lat' dir='ltr'><strong>plena</strong></span> <span class='ocrx_word' id='word_1_25' title='bbox 1462 467 1678 525; x_wconf 73' lang='lat' dir='ltr'>Signatum</span> <span class='ocrx_word' id='word_1_26' title='bbox 1698 500 1710 518; x_wconf 83' lang='lat'>‚</span> <span class='ocrx_word' id='word_1_27' title='bbox 1735 484 1773 513; x_wconf 83' lang='lat' dir='ltr'><strong>et</strong></span> <span class='ocrx_word' id='word_1_28' title='bbox 1797 471 1929 514; x_wconf 50' lang='lat' dir='ltr'><strong>rescri*</strong></span> 
     </span>
     <span class='ocr_line' id='line_1_4' title="bbox 467 520 1926 587; baseline 0.008 -25"><span class='ocrx_word' id='word_1_29' title='bbox 467 533 538 578; x_wconf 89' lang='lat' dir='ltr'><strong>pto</strong></span> <span class='ocrx_word' id='word_1_30' title='bbox 559 551 572 569; x_wconf 95' lang='lat'><em>‚</em></span> <span class='ocrx_word' id='word_1_31' title='bbox 606 535 674 578; x_wconf 90' lang='lat' dir='ltr'><strong>per</strong></span> <span class='ocrx_word' id='word_1_32' title='bbox 705 520 886 562; x_wconf 84' lang='lat' dir='ltr'><strong>eamdem</strong></span> <span class='ocrx_word' id='word_1_33' title='bbox 916 537 1128 572; x_wconf 84' lang='lat' dir='ltr'><strong>emanato‚</strong></span> <span class='ocrx_word' id='word_1_34' title='bbox 1178 526 1318 571; x_wconf 86' lang='lat' dir='ltr'><strong>addita</strong></span> <span class='ocrx_word' id='word_1_35' title='bbox 1347 527 1468 570; x_wconf 86' lang='lat' dir='ltr'><strong>fuerit</strong></span> <span class='ocrx_word' id='word_1_36' title='bbox 1493 527 1669 569; x_wconf 76' lang='lat' dir='ltr'>clausula</span> <span class='ocrx_word' id='word_1_37' title='bbox 1692 556 1704 574; x_wconf 88' lang='lat'>‚</span> <span class='ocrx_word' id='word_1_38' title='bbox 1745 531 1926 587; x_wconf 78' lang='lat' dir='ltr'><strong>amplius,</strong></span> 
     </span>
     <span class='ocr_line' id='line_1_5' title="bbox 469 581 1928 646; baseline 0.006 -24"><span class='ocrx_word' id='word_1_39' title='bbox 469 581 586 635; x_wconf 91' lang='lat' dir='ltr'><strong>quod</strong></span> <span class='ocrx_word' id='word_1_40' title='bbox 615 581 719 622; x_wconf 81' lang='lat' dir='ltr'><strong>idem</strong></span> <span class='ocrx_word' id='word_1_41' title='bbox 745 593 823 628; x_wconf 83' lang='lat' dir='ltr'><strong>est,</strong></span> <span class='ocrx_word' id='word_1_42' title='bbox 857 596 901 623; x_wconf 84' lang='lat' dir='ltr'><strong>ac</strong></span> <span class='ocrx_word' id='word_1_43' title='bbox 937 583 1107 637; x_wconf 86' lang='lat' dir='ltr'><strong>amplius</strong></span> <span class='ocrx_word' id='word_1_44' title='bbox 1125 601 1217 628; x_wconf 73' lang='lat' dir='ltr'><strong>nonv</strong></span> <span class='ocrx_word' id='word_1_45' title='bbox 1246 599 1499 645; x_wconf 79' lang='lat' dir='ltr'><strong>proponatur</strong></span> <span class='ocrx_word' id='word_1_46' title='bbox 1516 618 1528 636; x_wconf 84' lang='lat'>‚</span> <span class='ocrx_word' id='word_1_47' title='bbox 1555 586 1671 640; x_wconf 85' lang='lat' dir='ltr'><strong>quod</strong></span> <span class='ocrx_word' id='word_1_48' title='bbox 1693 589 1827 631; x_wconf 87' lang='lat' dir='ltr'><strong>evenit</strong></span> <span class='ocrx_word' id='word_1_49' title='bbox 1841 605 1928 646; x_wconf 90' lang='lat' dir='ltr'><strong>per-</strong></span> 
     </span>
     <span class='ocr_line' id='line_1_6' title="bbox 465 639 1927 702; baseline 0.007 -22"><span class='ocrx_word' id='word_1_50' title='bbox 465 654 580 696; x_wconf 81' lang='lat' dir='ltr'><strong>saepe</strong></span> <span class='ocrx_word' id='word_1_51' title='bbox 597 671 610 690; x_wconf 89' lang='lat'><strong>,</strong></span> <span class='ocrx_word' id='word_1_52' title='bbox 651 640 750 680; x_wconf 88' lang='lat' dir='ltr'><strong>dum</strong></span> <span class='ocrx_word' id='word_1_53' title='bbox 780 655 917 683; x_wconf 87' lang='lat' dir='ltr'><strong>omnes</strong></span> <span class='ocrx_word' id='word_1_54' title='bbox 950 639 1150 701; x_wconf 31' lang='lat' dir='ltr'><strong>suffragia*</strong></span> <span class='ocrx_word' id='word_1_55' title='bbox 1171 646 1339 690; x_wconf 89' lang='lat' dir='ltr'><strong>ferentes</strong></span> <span class='ocrx_word' id='word_1_56' title='bbox 1360 677 1373 695; x_wconf 91' lang='lat'><strong>,</strong></span> <span class='ocrx_word' id='word_1_57' title='bbox 1409 646 1470 690; x_wconf 84' lang='lat' dir='ltr'><strong>vel</strong></span> <span class='ocrx_word' id='word_1_58' title='bbox 1499 646 1539 688; x_wconf 90' lang='lat' dir='ltr'><strong>in</strong></span> <span class='ocrx_word' id='word_1_59' title='bbox 1566 645 1805 702; x_wconf 82' lang='lat' dir='ltr'><strong>Signaturae</strong></span> <span class='ocrx_word' id='word_1_60' title='bbox 1831 663 1927 690; x_wconf 89' lang='lat' dir='ltr'><strong>con-</strong></span> 
     </span>
     <span class='ocr_line' id='line_1_7' title="bbox 465 701 1924 764; baseline 0.008 -25"><span class='ocrx_word' id='word_1_61' title='bbox 465 713 601 755; x_wconf 81' lang='lat' dir='ltr'><strong>gressu</strong></span> <span class='ocrx_word' id='word_1_62' title='bbox 624 712 872 756; x_wconf 81' lang='lat' dir='ltr'><strong>praesentes,</strong></span> <span class='ocrx_word' id='word_1_63' title='bbox 899 701 1049 744; x_wconf 82' lang='lat' dir='ltr'><strong>fuerint</strong></span> <span class='ocrx_word' id='word_1_64' title='bbox 1083 705 1329 757; x_wconf 81' lang='lat' dir='ltr'><strong>concordes,</strong></span> <span class='ocrx_word' id='word_1_65' title='bbox 1355 707 1457 749; x_wconf 87' lang='lat' dir='ltr'><strong>itaut</strong></span> <span class='ocrx_word' id='word_1_66' title='bbox 1487 706 1645 747; x_wconf 87' lang='lat' dir='ltr'><strong>nemine</strong></span> <span class='ocrx_word' id='word_1_67' title='bbox 1678 705 1924 764; x_wconf 83' lang='lat' dir='ltr'><strong>discrepante</strong></span> 
     </span>
     <span class='ocr_line' id='line_1_8' title="bbox 465 759 1927 817; baseline 0.006 -18"><span class='ocrx_word' id='word_1_68' title='bbox 465 770 581 814; x_wconf 89' lang='lat' dir='ltr'><strong>capta</strong></span> <span class='ocrx_word' id='word_1_69' title='bbox 602 759 790 801; x_wconf 81' lang='lat' dir='ltr'><strong>resolutio</strong></span> <span class='ocrx_word' id='word_1_70' title='bbox 829 760 878 803; x_wconf 82' lang='lat' dir='ltr'><strong>sit</strong></span> <span class='ocrx_word' id='word_1_71' title='bbox 899 793 911 811; x_wconf 87' lang='lat'>‚</span> <span class='ocrx_word' id='word_1_72' title='bbox 944 763 1088 817; x_wconf 83' lang='lat' dir='ltr'><strong>nequit</strong></span> <span class='ocrx_word' id='word_1_73' title='bbox 1115 765 1294 808; x_wconf 86' lang='lat' dir='ltr'><strong>Auditor</strong></span> <span class='ocrx_word' id='word_1_74' title='bbox 1311 765 1398 815; x_wconf 83' lang='lat' dir='ltr'><strong>‚vel</strong></span> <span class='ocrx_word' id='word_1_75' title='bbox 1425 765 1529 808; x_wconf 88' lang='lat' dir='ltr'><strong>idem</strong></span> <span class='ocrx_word' id='word_1_76' title='bbox 1549 765 1774 809; x_wconf 85' lang='lat' dir='ltr'><strong>Praefectus</strong></span> <span class='ocrx_word' id='word_1_77' title='bbox 1801 767 1927 808; x_wconf 88' lang='lat' dir='ltr'><strong>licen-</strong></span> 
     </span>
     <span class='ocr_line' id='line_1_9' title="bbox 463 816 1925 883; baseline 0.008 -26"><span class='ocrx_word' id='word_1_78' title='bbox 463 816 587 867; x_wconf 84' lang='lat' dir='ltr'><strong>tiam,</strong></span> <span class='ocrx_word' id='word_1_79' title='bbox 623 832 729 873; x_wconf 90' lang='lat' dir='ltr'><strong>quae</strong></span> <span class='ocrx_word' id='word_1_80' title='bbox 760 819 806 861; x_wconf 93' lang='lat' dir='ltr'><strong>de</strong></span> <span class='ocrx_word' id='word_1_81' title='bbox 824 821 1014 863; x_wconf 72' lang='lat' dir='ltr'><strong>redeundo</strong></span> <span class='ocrx_word' id='word_1_82' title='bbox 1047 823 1196 869; x_wconf 86' lang='lat' dir='ltr'><strong>dicitur</strong></span> <span class='ocrx_word' id='word_1_83' title='bbox 1233 825 1452 883; x_wconf 83' lang='lat' dir='ltr'><strong>impartiri,</strong></span> <span class='ocrx_word' id='word_1_84' title='bbox 1483 838 1606 881; x_wconf 87' lang='lat' dir='ltr'><strong>prout</strong></span> <span class='ocrx_word' id='word_1_85' title='bbox 1638 837 1746 883; x_wconf 88' lang='lat' dir='ltr'><strong>patet</strong></span> <span class='ocrx_word' id='word_1_86' title='bbox 1778 841 1826 869; x_wconf 85' lang='lat' dir='ltr'><strong>ex</strong></span> <span class='ocrx_word' id='word_1_87' title='bbox 1857 827 1925 868; x_wconf 91' lang='lat' dir='ltr'><strong>de-</strong></span> 
     </span>
     <span class='ocr_line' id='line_1_10' title="bbox 462 877 1925 941; baseline 0.012 -24"><span class='ocrx_word' id='word_1_88' title='bbox 462 888 568 918; x_wconf 88' lang='lat' dir='ltr'><strong>creto</strong></span> <span class='ocrx_word' id='word_1_89' title='bbox 588 877 726 933; x_wconf 79' lang='lat' dir='ltr'><strong>plenae</strong></span> <span class='ocrx_word' id='word_1_90' title='bbox 748 879 987 935; x_wconf 82' lang='lat' dir='ltr'><strong>Signaturae</strong></span> <span class='ocrx_word' id='word_1_91' title='bbox 1009 883 1107 924; x_wconf 87' lang='lat' dir='ltr'><strong>anni</strong></span> <span class='ocrx_word' id='word_1_92' title='bbox 1128 886 1252 926; x_wconf 82' lang='lat'>1680.</span> <span class='ocrx_word' id='word_1_93' title='bbox 1282 885 1379 941; x_wconf 77' lang='grc' dir='ltr'><strong>(ι),</strong></span> <span class='ocrx_word' id='word_1_94' title='bbox 1395 898 1480 937; x_wconf 85' lang='lat' dir='ltr'><strong>quo</strong></span> <span class='ocrx_word' id='word_1_95' title='bbox 1507 897 1674 926; x_wconf 86' lang='lat' dir='ltr'><strong>cautum</strong></span> <span class='ocrx_word' id='word_1_96' title='bbox 1700 883 1804 934; x_wconf 85' lang='lat' dir='ltr'><strong>fuit,</strong></span> <span class='ocrx_word' id='word_1_97' title='bbox 1839 900 1925 927; x_wconf 72' lang='lat'><strong>1¹00</strong></span> 
     </span>
     <span class='ocr_line' id='line_1_11' title="bbox 461 937 1926 1000; baseline 0.008 -25"><span class='ocrx_word' id='word_1_98' title='bbox 461 947 542 976; x_wconf 89' lang='lat' dir='ltr'><strong>esse</strong></span> <span class='ocrx_word' id='word_1_99' title='bbox 561 937 865 978; x_wconf 80' lang='lat' dir='ltr'><strong>concedendam</strong></span> <span class='ocrx_word' id='word_1_100' title='bbox 878 939 1264 995; x_wconf 84' lang='lat' dir='ltr'><strong>ampliuslicentiam</strong></span> <span class='ocrx_word' id='word_1_101' title='bbox 1281 942 1477 985; x_wconf 89' lang='lat' dir='ltr'><strong>redeundi</strong></span> <span class='ocrx_word' id='word_1_102' title='bbox 1496 943 1550 983; x_wconf 88' lang='lat' dir='ltr'><strong>ad</strong></span> <span class='ocrx_word' id='word_1_103' title='bbox 1578 944 1837 999; x_wconf 79' lang='lat' dir='ltr'><strong>Signaturam</strong></span> <span class='ocrx_word' id='word_1_104' title='bbox 1850 958 1926 1000; x_wconf 85' lang='lat' dir='ltr'><strong>pro</strong></span> 
     </span>
     <span class='ocr_line' id='line_1_12' title="bbox 462 991 1930 1056; baseline 0.01 -26"><span class='ocrx_word' id='word_1_105' title='bbox 462 991 509 1031; x_wconf 91' lang='lat' dir='ltr'><strong>iis</strong></span> <span class='ocrx_word' id='word_1_106' title='bbox 529 992 798 1047; x_wconf 81' lang='lat' dir='ltr'><strong>Causis‚quae</strong></span> <span class='ocrx_word' id='word_1_107' title='bbox 815 995 985 1037; x_wconf 87' lang='lat' dir='ltr'><strong>fuerunt</strong></span> <span class='ocrx_word' id='word_1_108' title='bbox 1002 1002 1185 1041; x_wconf 88' lang='lat' dir='ltr'><strong>omnium</strong></span> <span class='ocrx_word' id='word_1_109' title='bbox 1201 1016 1297 1043; x_wconf 86' lang='lat' dir='ltr'><strong>voto</strong></span> <span class='ocrx_word' id='word_1_110' title='bbox 1336 1001 1530 1042; x_wconf 83' lang='lat' dir='ltr'><strong>resolutae</strong></span> <span class='ocrx_word' id='word_1_111' title='bbox 1548 1012 1720 1056; x_wconf 87' lang='lat' dir='ltr'><strong>utraque</strong></span> <span class='ocrx_word' id='word_1_112' title='bbox 1732 1001 1844 1045; x_wconf 87' lang='lat' dir='ltr'><strong>Parte</strong></span> <span class='ocrx_word' id='word_1_113' title='bbox 1861 1002 1930 1044; x_wconf 77' lang='lat' dir='ltr'><strong>in-</strong></span> 
     </span>
     <span class='ocr_line' id='line_1_13' title="bbox 458 1046 1940 1116; baseline 0.011 -27"><span class='ocrx_word' id='word_1_114' title='bbox 458 1046 695 1099; x_wconf 83' lang='lat' dir='ltr'><strong>formante,</strong></span> <span class='ocrx_word' id='word_1_115' title='bbox 727 1051 881 1095; x_wconf 86' lang='lat' dir='ltr'><strong>etiamsi</strong></span> <span class='ocrx_word' id='word_1_116' title='bbox 918 1057 1034 1097; x_wconf 81' lang='lat' dir='ltr'><strong>inea</strong></span> <span class='ocrx_word' id='word_1_117' title='bbox 1069 1058 1284 1116; x_wconf 80' lang='lat' dir='ltr'><strong>Signatura</strong></span> <span class='ocrx_word' id='word_1_118' title='bbox 1326 1073 1412 1100; x_wconf 88' lang='lat' dir='ltr'><strong>non</strong></span> <span class='ocrx_word' id='word_1_119' title='bbox 1445 1057 1703 1102; x_wconf 81' lang='lat' dir='ltr'><strong>interfuerint</strong></span> <span class='ocrx_word' id='word_1_120' title='bbox 1724 1060 1799 1103; x_wconf 88' lang='lat' dir='ltr'><strong>nisi</strong></span> <span class='ocrx_word' id='word_1_121' title='bbox 1834 1075 1940 1105; x_wconf 56' lang='lat' dir='ltr'><strong>octov</strong></span> 
     </span>
     <span class='ocr_line' id='line_1_14' title="bbox 456 1108 1935 1172; baseline 0.009 -23"><span class='ocrx_word' id='word_1_122' title='bbox 456 1108 587 1150; x_wconf 90' lang='lat' dir='ltr'><strong>solum</strong></span> <span class='ocrx_word' id='word_1_123' title='bbox 619 1110 843 1160; x_wconf 56' lang='lat' dir='ltr'><strong>vorantes,</strong></span> <span class='ocrx_word' id='word_1_124' title='bbox 873 1129 918 1157; x_wconf 84' lang='lat' dir='ltr'><strong>ac</strong></span> <span class='ocrx_word' id='word_1_125' title='bbox 950 1115 1201 1172; x_wconf 77' lang='lat' dir='ltr'><strong>singularum</strong></span> <span class='ocrx_word' id='word_1_126' title='bbox 1234 1119 1474 1159; x_wconf 84' lang='lat' dir='ltr'><strong>Causarum</strong></span> <span class='ocrx_word' id='word_1_127' title='bbox 1501 1119 1723 1167; x_wconf 76' lang='lat' dir='ltr'><strong>ponentes,</strong></span> <span class='ocrx_word' id='word_1_128' title='bbox 1754 1134 1868 1162; x_wconf 90' lang='lat' dir='ltr'><strong>secus</strong></span> <span class='ocrx_word' id='word_1_129' title='bbox 1894 1121 1935 1162; x_wconf 82' lang='lat' dir='ltr'><strong>si</strong></span> 
     </span>
     <span class='ocr_line' id='line_1_15' title="bbox 457 1167 1941 1230; baseline 0.01 -23"><span class='ocrx_word' id='word_1_130' title='bbox 457 1167 500 1208; x_wconf 91' lang='lat' dir='ltr'><strong>in</strong></span> <span class='ocrx_word' id='word_1_131' title='bbox 519 1167 667 1210; x_wconf 89' lang='lat' dir='ltr'><strong>minori</strong></span> <span class='ocrx_word' id='word_1_132' title='bbox 688 1183 858 1214; x_wconf 88' lang='lat' dir='ltr'><strong>numero</strong></span> <span class='ocrx_word' id='word_1_133' title='bbox 874 1188 894 1222; x_wconf 77' lang='grc' dir='ltr'><strong>τ,-</strong></span> <span class='ocrx_word' id='word_1_134' title='bbox 917 1187 955 1216; x_wconf 88' lang='lat' dir='ltr'><strong>et</strong></span> <span class='ocrx_word' id='word_1_135' title='bbox 985 1175 1199 1218; x_wconf 76' lang='lat' dir='ltr'><strong>novissime</strong></span> <span class='ocrx_word' id='word_1_136' title='bbox 1228 1177 1260 1217; x_wconf 79' lang='grc' dir='ltr'><strong>ὲ·</strong></span> <span class='ocrx_word' id='word_1_137' title='bbox 1288 1177 1444 1219; x_wconf 87' lang='lat' dir='ltr'><strong>decreto</strong></span> <span class='ocrx_word' id='word_1_138' title='bbox 1468 1190 1606 1219; x_wconf 83' lang='lat' dir='ltr'><strong>xvut.</strong></span> <span class='ocrx_word' id='word_1_139' title='bbox 1625 1176 1941 1230; x_wconf 18' lang='lat' dir='ltr'><strong>Refhrmationis-t-</strong></span> 
     </span>
     <span class='ocr_line' id='line_1_16' title="bbox 456 1225 1991 1289; baseline 0.01 -23"><span class='ocrx_word' id='word_1_140' title='bbox 456 1225 696 1282; x_wconf 78' lang='lat' dir='ltr'><strong>Signaturae</strong></span> <span class='ocrx_word' id='word_1_141' title='bbox 713 1230 808 1270; x_wconf 79' lang='grc' dir='ltr'><em>αηηῐ</em></span> <span class='ocrx_word' id='word_1_142' title='bbox 831 1245 958 1286; x_wconf 83' lang='lat'><strong>1742.</strong></span> <span class='ocrx_word' id='word_1_143' title='bbox 980 1263 994 1281; x_wconf 82' lang='lat'><strong>,</strong></span> <span class='ocrx_word' id='word_1_144' title='bbox 1025 1250 1109 1289; x_wconf 90' lang='lat' dir='ltr'><strong>quo</strong></span> <span class='ocrx_word' id='word_1_145' title='bbox 1132 1235 1338 1278; x_wconf 85' lang='lat' dir='ltr'><strong>sancitum</strong></span> <span class='ocrx_word' id='word_1_146' title='bbox 1359 1234 1478 1277; x_wconf 85' lang='lat' dir='ltr'><strong>etiam</strong></span> <span class='ocrx_word' id='word_1_147' title='bbox 1493 1236 1599 1282; x_wconf 89' lang='lat' dir='ltr'><strong>fuit,</strong></span> <span class='ocrx_word' id='word_1_148' title='bbox 1635 1237 1849 1279; x_wconf 82' lang='lat' dir='ltr'><strong>accedente</strong></span> <span class='ocrx_word' id='word_1_149' title='bbox 1869 1253 1940 1281; x_wconf 62' lang='lat' dir='ltr'><strong>raev</strong></span> <span class='ocrx_word' id='word_1_150' title='bbox 1989 1259 1991 1262; x_wconf 52' lang='lat'><strong><em>⁴</em></strong></span> 
     </span>
     <span class='ocr_line' id='line_1_17' title="bbox 455 1283 1927 1351; baseline 0.007 -25"><span class='ocrx_word' id='word_1_151' title='bbox 455 1283 642 1326; x_wconf 84' lang='lat' dir='ltr'><strong>tionabili</strong></span> <span class='ocrx_word' id='word_1_152' title='bbox 666 1300 788 1328; x_wconf 89' lang='lat' dir='ltr'><strong>causa</strong></span> <span class='ocrx_word' id='word_1_153' title='bbox 808 1318 820 1336; x_wconf 91' lang='lat'>,</span> <span class='ocrx_word' id='word_1_154' title='bbox 852 1292 1053 1333; x_wconf 83' lang='lat' dir='ltr'><strong>Praefecto</strong></span> <span class='ocrx_word' id='word_1_155' title='bbox 1071 1294 1131 1336; x_wconf 84' lang='lat' dir='ltr'><strong>fas</strong></span> <span class='ocrx_word' id='word_1_156' title='bbox 1151 1310 1231 1336; x_wconf 86' lang='lat' dir='ltr'><strong>esse</strong></span> <span class='ocrx_word' id='word_1_157' title='bbox 1254 1302 1442 1344; x_wconf 68' lang='lat' dir='ltr'><strong>tantum3</strong></span> <span class='ocrx_word' id='word_1_158' title='bbox 1476 1306 1515 1335; x_wconf 91' lang='lat' dir='ltr'><strong>et</strong></span> <span class='ocrx_word' id='word_1_159' title='bbox 1533 1295 1697 1351; x_wconf 77' lang='lat' dir='ltr'><strong>perraro</strong></span> <span class='ocrx_word' id='word_1_160' title='bbox 1713 1294 1860 1339; x_wconf 87' lang='lat' dir='ltr'><strong>dictam</strong></span> <span class='ocrx_word' id='word_1_161' title='bbox 1877 1297 1927 1337; x_wconf 71' lang='lat' dir='ltr'><strong>li·-</strong></span> 
     </span>
     <span class='ocr_line' id='line_1_18' title="bbox 458 1343 1938 1414; baseline 0.011 -30"><span class='ocrx_word' id='word_1_162' title='bbox 458 1343 634 1387; x_wconf 86' lang='lat' dir='ltr'><strong>centiam</strong></span> <span class='ocrx_word' id='word_1_163' title='bbox 652 1347 869 1391; x_wconf 87' lang='lat' dir='ltr'><strong>concedere</strong></span> <span class='ocrx_word' id='word_1_164' title='bbox 889 1380 902 1398; x_wconf 90' lang='lat'><strong>,</strong></span> <span class='ocrx_word' id='word_1_165' title='bbox 932 1351 1043 1393; x_wconf 87' lang='lat' dir='ltr'><strong>facto</strong></span> <span class='ocrx_word' id='word_1_166' title='bbox 1061 1365 1194 1396; x_wconf 89' lang='lat' dir='ltr'><strong>tamen</strong></span> <span class='ocrx_word' id='word_1_167' title='bbox 1214 1369 1283 1411; x_wconf 89' lang='lat' dir='ltr'><strong>per</strong></span> <span class='ocrx_word' id='word_1_168' title='bbox 1299 1356 1461 1396; x_wconf 89' lang='lat' dir='ltr'><strong>Partem</strong></span> <span class='ocrx_word' id='word_1_169' title='bbox 1478 1353 1582 1396; x_wconf 88' lang='lat' dir='ltr'><strong>illam</strong></span> <span class='ocrx_word' id='word_1_170' title='bbox 1598 1385 1610 1402; x_wconf 83' lang='lat'>‚</span> <span class='ocrx_word' id='word_1_171' title='bbox 1641 1368 1749 1410; x_wconf 89' lang='lat' dir='ltr'><strong>quae</strong></span> <span class='ocrx_word' id='word_1_172' title='bbox 1763 1356 1938 1414; x_wconf 42' lang='lat' dir='ltr'><strong>alteram*</strong></span> 
     </span>
     <span class='ocr_line' id='line_1_19' title="bbox 454 1401 1939 1473; baseline 0.011 -31"><span class='ocrx_word' id='word_1_173' title='bbox 454 1401 695 1459; x_wconf 82' lang='lat' dir='ltr'><strong>Signaturae</strong></span> <span class='ocrx_word' id='word_1_174' title='bbox 728 1408 1012 1452; x_wconf 85' lang='lat' dir='ltr'><strong>resolutionem</strong></span> <span class='ocrx_word' id='word_1_175' title='bbox 1043 1414 1213 1468; x_wconf 84' lang='lat' dir='ltr'><strong>experiri</strong></span> <span class='ocrx_word' id='word_1_176' title='bbox 1249 1425 1418 1471; x_wconf 78' lang='lat' dir='ltr'><strong>exoptat·</strong></span> <span class='ocrx_word' id='word_1_177' title='bbox 1447 1445 1459 1462; x_wconf 83' lang='lat'>,</span> <span class='ocrx_word' id='word_1_178' title='bbox 1497 1412 1703 1470; x_wconf 80' lang='lat' dir='ltr'><strong>duplicato</strong></span> <span class='ocrx_word' id='word_1_179' title='bbox 1743 1414 1939 1473; x_wconf 65' lang='lat' dir='ltr'><strong>deposito,</strong></span> 
     </span>
     <span class='ocr_line' id='line_1_20' title="bbox 453 1469 1925 1530; baseline 0.01 -28"><span class='ocrx_word' id='word_1_180' title='bbox 453 1474 666 1505; x_wconf 87' lang='lat' dir='ltr'><strong>scutorum</strong></span> <span class='ocrx_word' id='word_1_181' title='bbox 690 1477 868 1519; x_wconf 85' lang='lat' dir='ltr'><strong>quatuor</strong></span> <span class='ocrx_word' id='word_1_182' title='bbox 885 1484 898 1519; x_wconf 92' lang='lat'>;</span> <span class='ocrx_word' id='word_1_183' title='bbox 933 1479 972 1510; x_wconf 89' lang='lat' dir='ltr'><strong>et</strong></span> <span class='ocrx_word' id='word_1_184' title='bbox 992 1469 1100 1512; x_wconf 86' lang='lat' dir='ltr'><strong>hisce</strong></span> <span class='ocrx_word' id='word_1_185' title='bbox 1119 1471 1311 1515; x_wconf 89' lang='lat' dir='ltr'><strong>omnibus</strong></span> <span class='ocrx_word' id='word_1_186' title='bbox 1329 1471 1553 1530; x_wconf 80' lang='lat' dir='ltr'><strong>adimpletis</strong></span> <span class='ocrx_word' id='word_1_187' title='bbox 1573 1473 1713 1514; x_wconf 78' lang='lat' dir='ltr'><strong>denuo</strong></span> <span class='ocrx_word' id='word_1_188' title='bbox 1741 1476 1925 1518; x_wconf 88' lang='lat' dir='ltr'><strong>commis-</strong></span> 
     </span>
     <span class='ocr_line' id='line_1_21' title="bbox 454 1519 1925 1590; baseline 0.011 -30"><span class='ocrx_word' id='word_1_189' title='bbox 454 1519 516 1562; x_wconf 86' lang='lat' dir='ltr'><strong>sio</strong></span> <span class='ocrx_word' id='word_1_190' title='bbox 534 1524 750 1581; x_wconf 90' lang='lat' dir='ltr'><strong>reproponi</strong></span> <span class='ocrx_word' id='word_1_191' title='bbox 781 1540 910 1582; x_wconf 87' lang='lat' dir='ltr'><strong>potest</strong></span> <span class='ocrx_word' id='word_1_192' title='bbox 925 1543 946 1578; x_wconf 85' lang='lat'><strong>;·</strong></span> <span class='ocrx_word' id='word_1_193' title='bbox 972 1543 1054 1584; x_wconf 87' lang='lat' dir='ltr'><strong>qua</strong></span> <span class='ocrx_word' id='word_1_194' title='bbox 1074 1529 1123 1572; x_wconf 89' lang='lat' dir='ltr'><strong>de</strong></span> <span class='ocrx_word' id='word_1_195' title='bbox 1144 1546 1184 1574; x_wconf 88' lang='lat' dir='ltr'><strong>re</strong></span> <span class='ocrx_word' id='word_1_196' title='bbox 1200 1533 1368 1590; x_wconf 81' lang='lat' dir='ltr'><strong>supplex</strong></span> <span class='ocrx_word' id='word_1_197' title='bbox 1386 1531 1540 1574; x_wconf 86' lang='lat' dir='ltr'><strong>libellus</strong></span> <span class='ocrx_word' id='word_1_198' title='bbox 1568 1532 1793 1575; x_wconf 88' lang='lat' dir='ltr'><strong>hodiedum</strong></span> <span class='ocrx_word' id='word_1_199' title='bbox 1808 1534 1925 1576; x_wconf 82' lang='lat' dir='ltr'><strong>exhi-</strong></span> 
     </span>
     <span class='ocr_line' id='line_1_22' title="bbox 452 1579 1927 1650; baseline 0.012 -29"><span class='ocrx_word' id='word_1_200' title='bbox 452 1579 570 1624; x_wconf 85' lang='lat' dir='ltr'><strong>betur</strong></span> <span class='ocrx_word' id='word_1_201' title='bbox 589 1583 917 1630; x_wconf 84' lang='lat' dir='ltr'><strong>Eminentissimo</strong></span> <span class='ocrx_word' id='word_1_202' title='bbox 940 1587 1144 1632; x_wconf 86' lang='lat' dir='ltr'><strong>Praefecto</strong></span> <span class='ocrx_word' id='word_1_203' title='bbox 1163 1623 1177 1641; x_wconf 85' lang='lat'>‚</span> <span class='ocrx_word' id='word_1_204' title='bbox 1201 1593 1429 1649; x_wconf 87' lang='lat' dir='ltr'><strong>eodemque</strong></span> <span class='ocrx_word' id='word_1_205' title='bbox 1448 1591 1603 1650; x_wconf 80' lang='lat' dir='ltr'><strong>vulgati</strong></span> <span class='ocrx_word' id='word_1_206' title='bbox 1620 1590 1814 1637; x_wconf 86' lang='lat' dir='ltr'><strong>idiomate</strong></span> <span class='ocrx_word' id='word_1_207' title='bbox 1831 1609 1927 1638; x_wconf 67' lang='lat' dir='ltr'><strong>con÷</strong></span> 
     </span>
     <span class='ocr_line' id='line_1_23' title="bbox 449 1639 1358 1706; baseline 0.017 -26"><span class='ocrx_word' id='word_1_208' title='bbox 449 1639 632 1698; x_wconf 77' lang='lat' dir='ltr'><strong>scripto,</strong></span> <span class='ocrx_word' id='word_1_209' title='bbox 670 1657 936 1700; x_wconf 85' lang='lat' dir='ltr'><strong>exponuntur</strong></span> <span class='ocrx_word' id='word_1_210' title='bbox 957 1648 1065 1690; x_wconf 89' lang='lat' dir='ltr'><strong>illata</strong></span> <span class='ocrx_word' id='word_1_211' title='bbox 1089 1653 1324 1706; x_wconf 79' lang='lat' dir='ltr'><strong>gravamina</strong></span> <span class='ocrx_word' id='word_1_212' title='bbox 1346 1683 1358 1695; x_wconf 85' lang='lat'><strong>.</strong></span> 
     </span>
    </p>

    <p class='ocr_par' dir='ltr' id='par_1_2' title="bbox 446 1701 1935 2241">
     <span class='ocr_line' id='line_1_24' title="bbox 572 1701 1931 1771; baseline 0.01 -29"><span class='ocrx_word' id='word_1_213' title='bbox 572 1701 624 1742; x_wconf 85' lang='lat' dir='ltr'><strong>Et</strong></span> <span class='ocrx_word' id='word_1_214' title='bbox 640 1732 654 1752; x_wconf 84' lang='lat'><strong>,</strong></span> <span class='ocrx_word' id='word_1_215' title='bbox 679 1702 711 1746; x_wconf 85' lang='lat' dir='ltr'><strong>si</strong></span> <span class='ocrx_word' id='word_1_216' title='bbox 727 1705 912 1760; x_wconf 83' lang='lat' dir='ltr'><strong>exposita</strong></span> <span class='ocrx_word' id='word_1_217' title='bbox 931 1706 1023 1761; x_wconf 77' lang='lat' dir='ltr'><strong>jura</strong></span> <span class='ocrx_word' id='word_1_218' title='bbox 1056 1709 1357 1756; x_wconf 83' lang='lat' dir='ltr'><strong>animadvertat</strong></span> <span class='ocrx_word' id='word_1_219' title='bbox 1383 1710 1619 1755; x_wconf 59' lang='lat' dir='ltr'><strong>Praefectus,</strong></span> <span class='ocrx_word' id='word_1_220' title='bbox 1641 1712 1689 1753; x_wconf 79' lang='grc' dir='ltr'><strong>εὸ</strong></span> <span class='ocrx_word' id='word_1_221' title='bbox 1719 1713 1931 1771; x_wconf 78' lang='lat' dir='ltr'><strong>potentio-</strong></span> 
     </span>
     <span class='ocr_line' id='line_1_25' title="bbox 450 1763 1935 1828; baseline 0.011 -29"><span class='ocrx_word' id='word_1_222' title='bbox 450 1773 495 1800; x_wconf 76' lang='lat' dir='ltr'><strong>ra</strong></span> <span class='ocrx_word' id='word_1_223' title='bbox 527 1774 607 1800; x_wconf 87' lang='lat' dir='ltr'><strong>esse</strong></span> <span class='ocrx_word' id='word_1_224' title='bbox 629 1789 643 1808; x_wconf 88' lang='lat'><strong>,</strong></span> <span class='ocrx_word' id='word_1_225' title='bbox 677 1773 724 1804; x_wconf 93' lang='lat' dir='ltr'><strong>ut</strong></span> <span class='ocrx_word' id='word_1_226' title='bbox 756 1763 869 1806; x_wconf 84' lang='lat' dir='ltr'><strong>facile</strong></span> <span class='ocrx_word' id='word_1_227' title='bbox 896 1767 1045 1826; x_wconf 83' lang='lat' dir='ltr'><strong>sperari</strong></span> <span class='ocrx_word' id='word_1_228' title='bbox 1079 1771 1232 1824; x_wconf 87' lang='lat' dir='ltr'><strong>possit,</strong></span> <span class='ocrx_word' id='word_1_229' title='bbox 1260 1773 1386 1827; x_wconf 89' lang='lat' dir='ltr'><strong>quod·</strong></span> <span class='ocrx_word' id='word_1_230' title='bbox 1414 1774 1614 1812; x_wconf 88' lang='lat' dir='ltr'><strong>Votantes</strong></span> <span class='ocrx_word' id='word_1_231' title='bbox 1641 1771 1878 1828; x_wconf 84' lang='lat' dir='ltr'><strong>Signaturae</strong></span> <span class='ocrx_word' id='word_1_232' title='bbox 1899 1787 1935 1815; x_wconf 81' lang='lat' dir='ltr'><strong>a·</strong></span> 
     </span>
     <span class='ocr_line' id='line_1_26' title="bbox 452 1818 1933 1882; baseline 0.01 -23"><span class='ocrx_word' id='word_1_233' title='bbox 452 1818 593 1861; x_wconf 89' lang='lat' dir='ltr'><strong>decisis</strong></span> <span class='ocrx_word' id='word_1_234' title='bbox 625 1834 939 1874; x_wconf 84' lang='lat' dir='ltr'><strong>removeantur,</strong></span> <span class='ocrx_word' id='word_1_235' title='bbox 971 1827 1199 1880; x_wconf 88' lang='lat' dir='ltr'><strong>supplicem·</strong></span> <span class='ocrx_word' id='word_1_236' title='bbox 1223 1830 1399 1871; x_wconf 88' lang='lat' dir='ltr'><strong>libellum</strong></span> <span class='ocrx_word' id='word_1_237' title='bbox 1421 1828 1585 1870; x_wconf 88' lang='lat' dir='ltr'><strong>remittit</strong></span> <span class='ocrx_word' id='word_1_238' title='bbox 1612 1828 1805 1873; x_wconf 70' lang='lat' dir='ltr'><strong>Auditor}</strong></span> <span class='ocrx_word' id='word_1_239' title='bbox 1822 1863 1836 1882; x_wconf 84' lang='lat'>‚</span> <span class='ocrx_word' id='word_1_240' title='bbox 1869 1831 1933 1874; x_wconf 63' lang='lat' dir='ltr'><strong>ad&gt;</strong></span> 
     </span>
     <span class='ocr_line' id='line_1_27' title="bbox 450 1875 1922 1944; baseline 0.01 -26"><span class='ocrx_word' id='word_1_241' title='bbox 450 1875 635 1920; x_wconf 86' lang='lat' dir='ltr'><strong>effectum</strong></span> <span class='ocrx_word' id='word_1_242' title='bbox 652 1879 905 1925; x_wconf 87' lang='lat' dir='ltr'><strong>concedendi</strong></span> <span class='ocrx_word' id='word_1_243' title='bbox 929 1883 1130 1927; x_wconf 81' lang='lat' dir='ltr'><strong>licentiam</strong></span> <span class='ocrx_word' id='word_1_244' title='bbox 1161 1888 1211 1928; x_wconf 82' lang='lat' dir='ltr'><strong>de</strong></span> <span class='ocrx_word' id='word_1_245' title='bbox 1226 1890 1415 1932; x_wconf 78' lang='lat' dir='ltr'><strong>redeundo</strong></span> <span class='ocrx_word' id='word_1_246' title='bbox 1448 1899 1572 1944; x_wconf 91' lang='lat' dir='ltr'><strong>prout</strong></span> <span class='ocrx_word' id='word_1_247' title='bbox 1590 1888 1638 1929; x_wconf 90' lang='lat' dir='ltr'><strong>de</strong></span> <span class='ocrx_word' id='word_1_248' title='bbox 1660 1887 1749 1943; x_wconf 82' lang='lat' dir='ltr'><strong>jure</strong></span> <span class='ocrx_word' id='word_1_249' title='bbox 1767 1918 1781 1936; x_wconf 92' lang='lat'><strong>,</strong></span> <span class='ocrx_word' id='word_1_250' title='bbox 1806 1899 1848 1930; x_wconf 90' lang='lat' dir='ltr'><strong>et</strong></span> <span class='ocrx_word' id='word_1_251' title='bbox 1865 1906 1922 1932; x_wconf 88' lang='lat' dir='ltr'><strong>se-</strong></span> 
     </span>
     <span class='ocr_line' id='line_1_28' title="bbox 452 1937 1921 2005; baseline 0.017 -29"><span class='ocrx_word' id='word_1_252' title='bbox 452 1937 595 1990; x_wconf 88' lang='lat' dir='ltr'><strong>quenti</strong></span> <span class='ocrx_word' id='word_1_253' title='bbox 627 1938 756 1981; x_wconf 87' lang='lat' dir='ltr'><strong>utitur</strong></span> <span class='ocrx_word' id='word_1_254' title='bbox 773 1943 964 2001; x_wconf 88' lang='lat' dir='ltr'><strong>rescripto</strong></span> <span class='ocrx_word' id='word_1_255' title='bbox 987 1958 998 1985; x_wconf 76' lang='grc' dir='ltr'><strong><em>ε</em></strong></span> <span class='ocrx_word' id='word_1_256' title='bbox 1029 1947 1072 1985; x_wconf 82' lang='grc' dir='ltr'><em>Α</em></span> <span class='ocrx_word' id='word_1_257' title='bbox 1086 1947 1326 2005; x_wconf 74' lang='lat' dir='ltr'><strong>Monsignor</strong></span> <span class='ocrx_word' id='word_1_258' title='bbox 1346 1948 1504 1989; x_wconf 74' lang='lat' dir='ltr'><strong>Udizore</strong></span> <span class='ocrx_word' id='word_1_259' title='bbox 1520 1973 1534 1992; x_wconf 63' lang='lat'>³</span> <span class='ocrx_word' id='word_1_260' title='bbox 1559 1947 1626 1986; x_wconf 76' lang='lat' dir='ltr'><strong>che</strong></span> <span class='ocrx_word' id='word_1_261' title='bbox 1638 1959 1842 2005; x_wconf 69' lang='lat' dir='ltr'><strong>Proveggss</strong></span> <span class='ocrx_word' id='word_1_262' title='bbox 1861 1963 1921 1992; x_wconf 73' lang='lat'><strong>00·</strong></span> 
     </span>
     <span class='ocr_line' id='line_1_29' title="bbox 447 1997 1933 2062; baseline 0.008 -24"><span class='ocrx_word' id='word_1_263' title='bbox 447 2009 509 2038; x_wconf 78' lang='lat' dir='ltr'><strong>me</strong></span> <span class='ocrx_word' id='word_1_264' title='bbox 522 1997 674 2038; x_wconf 61' lang='lat' dir='ltr'><strong>sarach·</strong></span> <span class='ocrx_word' id='word_1_265' title='bbox 685 1998 853 2056; x_wconf 77' lang='lat' dir='ltr'><strong>‘ragione</strong></span> <span class='ocrx_word' id='word_1_266' title='bbox 889 2015 931 2041; x_wconf 59' lang='grc' dir='ltr'><strong>..τ</strong></span> <span class='ocrx_word' id='word_1_267' title='bbox 947 2003 1000 2045; x_wconf 61' lang='lat' dir='ltr'><strong>A,-</strong></span> <span class='ocrx_word' id='word_1_268' title='bbox 1021 2002 1171 2047; x_wconf 78' lang='lat' dir='ltr'><strong>Corsini</strong></span> <span class='ocrx_word' id='word_1_269' title='bbox 1188 2003 1353 2062; x_wconf 66' lang='lat' dir='ltr'><strong>Prefttto</strong></span> <span class='ocrx_word' id='word_1_270' title='bbox 1376 2023 1418 2046; x_wconf 82' lang='lat'><strong>==</strong></span> <span class='ocrx_word' id='word_1_271' title='bbox 1449 2036 1459 2046; x_wconf 91' lang='lat'><strong>.</strong></span> <span class='ocrx_word' id='word_1_272' title='bbox 1482 2003 1770 2062; x_wconf 27' lang='lat' dir='ltr'><strong>Quossquidem</strong></span> <span class='ocrx_word' id='word_1_273' title='bbox 1789 2007 1933 2050; x_wconf 62' lang='lat' dir='ltr'><strong>libello»</strong></span> 
     </span>
     <span class='ocr_line' id='line_1_30' title="bbox 452 2057 1929 2122; baseline 0.01 -28"><span class='ocrx_word' id='word_1_274' title='bbox 452 2068 545 2096; x_wconf 82' lang='lat' dir='ltr'><strong>curn</strong></span> <span class='ocrx_word' id='word_1_275' title='bbox 563 2057 779 2114; x_wconf 82' lang='lat' dir='ltr'><strong>rescripto,</strong></span> <span class='ocrx_word' id='word_1_276' title='bbox 811 2060 992 2105; x_wconf 81' lang='lat' dir='ltr'><strong>exhibito</strong></span> <span class='ocrx_word' id='word_1_277' title='bbox 1012 2062 1234 2114; x_wconf 82' lang='lat' dir='ltr'><strong>Auditori,</strong></span> <span class='ocrx_word' id='word_1_278' title='bbox 1261 2076 1301 2106; x_wconf 87' lang='lat' dir='ltr'><strong>et</strong></span> <span class='ocrx_word' id='word_1_279' title='bbox 1316 2067 1367 2106; x_wconf 88' lang='lat' dir='ltr'><strong>ab</strong></span> <span class='ocrx_word' id='word_1_280' title='bbox 1388 2064 1528 2105; x_wconf 88' lang='lat' dir='ltr'><strong>eodem</strong></span> <span class='ocrx_word' id='word_1_281' title='bbox 1545 2095 1558 2113; x_wconf 84' lang='lat'>‚</span> <span class='ocrx_word' id='word_1_282' title='bbox 1592 2078 1722 2120; x_wconf 90' lang='lat' dir='ltr'><strong>quum</strong></span> <span class='ocrx_word' id='word_1_283' title='bbox 1740 2081 1929 2122; x_wconf 63' lang='lat' dir='ltr'><strong>aequum,</strong></span> 
     </span>
     <span class='ocr_line' id='line_1_31' title="bbox 446 2112 1927 2183; baseline 0.012 -30"><span class='ocrx_word' id='word_1_284' title='bbox 446 2125 526 2154; x_wconf 84' lang='lat' dir='ltr'><strong>esse</strong></span> <span class='ocrx_word' id='word_1_285' title='bbox 545 2112 772 2168; x_wconf 85' lang='lat' dir='ltr'><strong>judicatum</strong></span> <span class='ocrx_word' id='word_1_286' title='bbox 786 2118 916 2161; x_wconf 84' lang='lat' dir='ltr'><strong>fuer-it</strong></span> <span class='ocrx_word' id='word_1_287' title='bbox 931 2150 945 2167; x_wconf 84' lang='lat'>,</span> <span class='ocrx_word' id='word_1_288' title='bbox 974 2119 1199 2163; x_wconf 61' lang='lat' dir='ltr'><strong>ad&#39;novam</strong></span> <span class='ocrx_word' id='word_1_289' title='bbox 1216 2121 1466 2165; x_wconf 85' lang='lat' dir='ltr'><strong>audientiam</strong></span> <span class='ocrx_word' id='word_1_290' title='bbox 1486 2123 1641 2166; x_wconf 89' lang='lat' dir='ltr'><strong>admitti</strong></span> <span class='ocrx_word' id='word_1_291' title='bbox 1659 2124 1927 2183; x_wconf 82' lang='lat' dir='ltr'><strong>Litigantem‚.</strong></span> 
     </span>
     <span class='ocr_line' id='line_1_32' title="bbox 449 2169 1910 2241; baseline 0.012 -28"><span class='ocrx_word' id='word_1_292' title='bbox 449 2169 637 2217; x_wconf 82' lang='lat' dir='ltr'><strong>facultate</strong></span> <span class='ocrx_word' id='word_1_293' title='bbox 659 2173 897 2219; x_wconf 87' lang='lat' dir='ltr'><strong>citationem</strong></span> <span class='ocrx_word' id='word_1_294' title='bbox 917 2176 1071 2233; x_wconf 75' lang='lat' dir='ltr'><strong>legendi</strong></span> <span class='ocrx_word' id='word_1_295' title='bbox 1092 2193 1284 2224; x_wconf 83' lang='lat' dir='ltr'><strong>concessa</strong></span> <span class='ocrx_word' id='word_1_296' title='bbox 1300 2212 1314 2231; x_wconf 77' lang='grc'>,</span> <span class='ocrx_word' id='word_1_297' title='bbox 1344 2183 1389 2225; x_wconf 88' lang='lat' dir='ltr'><strong>fit</strong></span> <span class='ocrx_word' id='word_1_298' title='bbox 1413 2180 1551 2226; x_wconf 86' lang='lat' dir='ltr'><strong>citatio</strong></span> <span class='ocrx_word' id='word_1_299' title='bbox 1569 2213 1582 2232; x_wconf 90' lang='lat'>,</span> <span class='ocrx_word' id='word_1_300' title='bbox 1618 2197 1664 2229; x_wconf 91' lang='lat' dir='ltr'><strong>ut</strong></span> <span class='ocrx_word' id='word_1_301' title='bbox 1696 2184 1880 2241; x_wconf 88' lang='lat' dir='ltr'><strong>sequitur</strong></span> <span class='ocrx_word' id='word_1_302' title='bbox 1898 2218 1910 2230; x_wconf 86' lang='lat'><strong><em>.</em></strong></span> 
     </span>
    </p>

    <p class='ocr_par' dir='ltr' id='par_1_3' title="bbox 570 2234 1914 2421">
     <span class='ocr_line' id='line_1_33' title="bbox 743 2234 1619 2295; baseline 0.013 -20"><span class='ocrx_word' id='word_1_303' title='bbox 743 2234 987 2293; x_wconf 71' lang='lat' dir='ltr'><strong>Signatum</strong></span> <span class='ocrx_word' id='word_1_304' title='bbox 995 2237 1180 2284; x_wconf 80' lang='lat' dir='ltr'><strong>Justz‘tz‘ae</strong></span> <span class='ocrx_word' id='word_1_305' title='bbox 1197 2240 1395 2295; x_wconf 81' lang='lat' dir='ltr'><strong>Praefecto</strong></span> <span class='ocrx_word' id='word_1_306' title='bbox 1411 2272 1426 2293; x_wconf 89' lang='lat'>‚</span> <span class='ocrx_word' id='word_1_307' title='bbox 1451 2241 1528 2285; x_wconf 75' lang='lat' dir='ltr'><strong>sive</strong></span> <span class='ocrx_word' id='word_1_308' title='bbox 1545 2255 1619 2286; x_wconf 80' lang='lat' dir='ltr'><strong>etc.</strong></span> 
     </span>
     <span class='ocr_line' id='line_1_34' title="bbox 1003 2297 1365 2351; baseline 0.017 -13"><span class='ocrx_word' id='word_1_309' title='bbox 1003 2297 1202 2351; x_wconf 81' lang='lat' dir='ltr'><strong>Nepesina</strong></span> <span class='ocrx_word' id='word_1_310' title='bbox 1223 2301 1337 2343; x_wconf 80' lang='lat' dir='ltr'><strong>Dotis</strong></span> <span class='ocrx_word' id='word_1_311' title='bbox 1354 2333 1365 2344; x_wconf 91' lang='lat'><strong>.</strong></span> 
     </span>
     <span class='ocr_line' id='line_1_35' title="bbox 570 2349 1914 2421; baseline 0.013 -29"><span class='ocrx_word' id='word_1_312' title='bbox 570 2349 718 2393; x_wconf 78' lang='lat' dir='ltr'><strong>Citetnr</strong></span> <span class='ocrx_word' id='word_1_313' title='bbox 732 2349 932 2397; x_wconf 73' lang='lat' dir='ltr'><strong>Dominus</strong></span> <span class='ocrx_word' id='word_1_314' title='bbox 949 2356 1005 2398; x_wconf 91' lang='lat' dir='ltr'><strong>N.</strong></span> <span class='ocrx_word' id='word_1_315' title='bbox 1027 2354 1074 2396; x_wconf 88' lang='lat' dir='ltr'><em>N</em></span> <span class='ocrx_word' id='word_1_316' title='bbox 1078 2376 1088 2396; x_wconf 65' lang='lat' dir='ltr'>a</span> <span class='ocrx_word' id='word_1_317' title='bbox 1124 2361 1178 2401; x_wconf 83' lang='lat' dir='ltr'><strong>ad</strong></span> <span class='ocrx_word' id='word_1_318' title='bbox 1195 2360 1398 2404; x_wconf 75' lang='lat' dir='ltr'><strong>videndum</strong></span> <span class='ocrx_word' id='word_1_319' title='bbox 1418 2361 1625 2421; x_wconf 67' lang='lat' dir='ltr'><strong>impartiri·</strong></span> <span class='ocrx_word' id='word_1_320' title='bbox 1641 2365 1833 2410; x_wconf 78' lang='lat' dir='ltr'><strong>Ic&#39;centic&#39;zm</strong></span> <span class='ocrx_word' id='word_1_321' title='bbox 1865 2368 1914 2409; x_wconf 83' lang='lat' dir='ltr'><strong>cle</strong></span> 
     </span>
    </p>
   </div>
   <div class='ocr_carea' id='block_1_2' title="bbox 1842 2440 1909 2468">
    <p class='ocr_par' dir='ltr' id='par_1_4' title="bbox 1842 2440 1909 2468">
     <span class='ocr_line' id='line_1_36' title="bbox 1842 2440 1909 2468; baseline -0.03 0"><span class='ocrx_word' id='word_1_322' title='bbox 1842 2440 1909 2468; x_wconf 73' lang='grc' dir='ltr'><strong>ΓΕ-</strong></span> 
     </span>
    </p>
   </div>
   <div class='ocr_carea' id='block_1_3' title="bbox 449 2479 1905 2514">
    <p class='ocr_par' dir='ltr' id='par_1_5' title="bbox 449 2479 1905 2514">
     <span class='ocr_line' id='line_1_37' title="bbox 449 2479 1905 2514; baseline 0.014 -20"><span class='ocrx_word' id='word_1_323' title='bbox 449 2479 606 2495; x_wconf 56' lang='lat' dir='ltr'><strong>-OE-—z-u·</strong></span> <span class='ocrx_word' id='word_1_324' title='bbox 615 2493 618 2496; x_wconf 97' lang='lat'>.</span> <span class='ocrx_word' id='word_1_325' title='bbox 923 2488 937 2502; x_wconf 66' lang='grc' dir='ltr'>ι</span> <span class='ocrx_word' id='word_1_326' title='bbox 944 2487 1860 2514; x_wconf 46' lang='grc' dir='ltr'><strong>-π-..ι--ι-ι--μιηιι--ιι--ιι--ῄ-ι-</strong></span> <span class='ocrx_word' id='word_1_327' title='bbox 1867 2502 1905 2514; x_wconf 68' lang='grc' dir='ltr'><strong>σ-</strong></span> 
     </span>
    </p>
   </div>
   <div class='ocr_carea' id='block_1_4' title="bbox 609 2482 921 2499">
    <p class='ocr_par' dir='ltr' id='par_1_6' title="bbox 609 2482 921 2499">
     <span class='ocr_line' id='line_1_38' title="bbox 609 2482 921 2499; baseline 0 668"><span class='ocrx_word' id='word_1_328' title='bbox 609 2482 921 2499; x_wconf 95' lang='lat' dir='ltr'><strong> </strong></span> 
     </span>
    </p>
   </div>
   <div class='ocr_carea' id='block_1_5' title="bbox 495 2536 1244 2594">
    <p class='ocr_par' dir='ltr' id='par_1_7' title="bbox 495 2536 1244 2594">
     <span class='ocr_line' id='line_1_39' title="bbox 495 2536 1244 2594; baseline 0.021 -27"><span class='ocrx_word' id='word_1_329' title='bbox 495 2536 550 2578; x_wconf 64' lang='grc' dir='ltr'><strong>(μ)</strong></span> <span class='ocrx_word' id='word_1_330' title='bbox 573 2540 609 2569; x_wconf 81' lang='lat' dir='ltr'><strong>In</strong></span> <span class='ocrx_word' id='word_1_331' title='bbox 628 2539 752 2583; x_wconf 81' lang='lat' dir='ltr'><strong>Regest.</strong></span> <span class='ocrx_word' id='word_1_332' title='bbox 780 2544 956 2588; x_wconf 74' lang='lat' dir='ltr'><strong>Signatum</strong></span> <span class='ocrx_word' id='word_1_333' title='bbox 963 2555 1042 2592; x_wconf 80' lang='lat' dir='ltr'><strong>pag·</strong></span> <span class='ocrx_word' id='word_1_334' title='bbox 1060 2549 1114 2589; x_wconf 81' lang='lat'><strong>56.</strong></span> <span class='ocrx_word' id='word_1_335' title='bbox 1128 2559 1148 2583; x_wconf 78' lang='lat' dir='ltr'><strong>a</strong></span> <span class='ocrx_word' id='word_1_336' title='bbox 1164 2557 1244 2594; x_wconf 76' lang='lat' dir='ltr'><strong>terg.</strong></span> 
     </span>
    </p>
   </div>
  </div>
 </body>
</html>
