1952 3167
332 312 402 341 200
903 296 981 331 IN
1009 297 1095 334 DE
1127 298 1157 334 X
1207 297 1271 332 11.

412 347 500 383 taria
516 371 526 387 ,
554 353 619 394 quo
634 355 716 381 vero
748 347 790 381 ad
805 345 891 380 bona
915 349 1062 394 propria

416 397 443 431 si
461 396 539 444 quid
556 397 779 442 exequendum
797 419 806 429 .
826 397 907 438 256.

367 446 498 485 dimissa
512 446 710 493 possessione
728 453 856 480 tantum
873 468 882 483 ‚
905 455 945 478 ac
960 457 1063 480 reser-

417 495 507 531 vatis
528 493 695 535 fructibus
711 517 722 532 ‚
751 502 782 528 et
801 492 950 537 expensis
977 495 1009 526 in
1024 493 1063 532 fi-

421 554 461 578 ne
490 541 558 576 litis
573 566 583 582 ,
611 543 748 575 constito
762 542 799 574 de
822 539 971 572 oratoris
980 547 1066 586 pau-

416 598 546 640 pertate
564 614 574 624 .
609 589 655 623 ibi
671 613 680 623 .

374 644 413 679 de
427 640 634 685 restitutione
659 639 692 672 in
720 637 886 683 integrum
905 642 1008 682 prout
1024 637 1062 671 de

423 693 498 732 jure
514 713 523 723 .
541 697 622 733 257.

374 741 515 775 constito
542 738 579 772 de
607 733 712 770 tribus
728 757 739 773 ‚
767 744 824 768 seu
850 734 888 768 de
909 744 944 768 re
969 734 1062 774 judi-

427 796 500 824 cata
529 792 711 832 exequatur
723 807 733 823 ‚
765 783 816 816 sin
847 784 954 817 minus
985 794 1062 816 cau-

425 850 494 873 sam
511 833 743 883 appellationis
756 855 766 870 ,
795 838 826 865 et
841 831 1062 866 restitutionis

426 888 459 920 in
479 887 643 928 integrum
669 887 841 928 cognoscat
857 903 866 913 .
895 880 940 914 ibi
955 904 966 914 .

380 935 417 969 de
428 930 628 981 praefixione
659 929 816 965 termini.
833 927 878 962 ibi
896 952 906 962 .
925 937 957 963 et
973 938 1056 972 259.

380 983 476 1018 alteri
503 981 562 1028 qui
587 980 629 1013 ad
659 978 848 1012 ulteriorem
875 978 1059 1023 legitimam

429 1029 680 1077 exequutionem
692 1028 848 1073 procedat
862 1049 871 1065 ‚
886 1028 935 1060 sin
952 1028 1058 1062 minus

429 1091 560 1117 causam
599 1075 825 1125 appellationis
856 1085 1030 1123 cognoscat
1047 1100 1057 1111 .

431 1131 514 1174 253.
875 1159 880 1163 .

381 1181 451 1216 sine
465 1177 669 1228 praejudicio
685 1177 822 1211 duarum
839 1173 1068 1218 conformium.

434 1229 479 1263 ibi
495 1253 505 1263 .

382 1279 481 1315 alteri
510 1301 520 1317 ,
534 1290 538 1296 ··
550 1277 608 1323 qui
637 1276 772 1309 constito
799 1275 886 1320 quod
908 1274 951 1307 sit
977 1275 1066 1308 locus

431 1333 554 1362 statuto
571 1326 607 1360 de
623 1323 748 1358 duabus
780 1331 965 1369 exequatur
988 1347 998 1363 ,
1017 1325 1069 1358 sin

406 1415 411 1417 ‚
432 1377 541 1412 minus
557 1385 688 1410 causam
705 1372 936 1420 appellationis
951 1383 1070 1419 eogno-

432 1433 501 1461 scat
517 1449 526 1459 .
543 1424 586 1459 ibi
603 1448 617 1461 .·
994 1422 996 1424 ’

384 1475 427 1509 ab
443 1476 612 1508 excessiva
632 1495 640 1504 .
661 1481 742 1513 2-59.

380 1523 486 1560 nihil,
511 1529 542 1553 et
555 1520 596 1553 ab
615 1519 783 1552 excessiva
813 1525 942 1552 tantum
961 1542 971 1553 .
992 1518 1038 1553 ibi
1056 1543 1066 1553 .

383 1568 612 1617 transportatis
639 1566 746 1604 actis,
790 1573 821 1598 et
853 1564 982 1604 refectis
1013 1578 1067 1600 ex-

433 1618 546 1668 pensis
562 1614 785 1649 inhibitionem
818 1613 1022 1658 reintegret,
1041 1622 1072 1649 es

433 1667 589 1717 procedat
604 1662 798 1706 adformam
815 1663 1070 1702 commis-donis,

433 1721 516 1753 260.

387 1765 523 1810 refectis
540 1762 686 1811 expensIs
714 1761 855 1806 assignet
879 1757 1004 1795 novum
1021 1760 1070 1795 ut-
1111 1758 1117 1761 “

432 1816 549 1850 timum
563 1812 740 1847 terminum
751 1810 1014 1857 peremptorium
1029 1810 1071 1844 ad

431 1861 717 1911 transportandum
747 1866 820 1892 acta
839 1882 849 1892 .
881 1858 924 1893 ibi
940 1883 951 1892 .

383 1913 452 1948 sine
463 1910 668 1960 praejudicio
699 1908 848 1943 mandati
875 1908 913 1941 de
926 1904 1073 1943 manate„

430 1962 532 1997 nendo
549 1985 558 1994 .
579 1962 661 1993 261.

383 2022 456 2046 cum
478 2009 641 2052 facultate
659 2006 890 2041 manutenenda·
919 2015 1018 2052 quem
1034 2006 1072 2041 de

431 2063 505 2101 jure
518 2083 528 2094 .
549 2063 631 2091 262.

386 2109 453 2142 eine
478 2105 683 2154 praejudicio
708 2105 855 2140 mandati
881 2106 921 2139 de
947 2104 1073 2139 immit-

435 2158 530 2191 tendo
546 2179 556 2193 ‚
573 2155 644 2189 sive
659 2155 698 2188 de
714 2155 945 2200 reintegrando
959 2177 969 2187 .
987 2155 1071 2198 263.

387 2206 423 2238 de
438 2204 658 2250 appellatione
675 2228 686 2237 .
705 2203 750 2237 ibi
763 2227 773 2241 ‚

387 2250 510 2288 alteri,
537 2250 597 2293 qui
622 2250 756 2279 constito
790 2250 878 2290 quod
910 2249 954 2278 sit
982 2247 1073 2278 locus

436 2298 659 2343 Agidianae,
672 2301 854 2339 exequatur
868 2317 877 2332 ‚
893 2294 942 2326 sin
963 2293 1072 2327 minus

435 2356 567 2380 causam
588 2342 840 2389 appellationis
870 2350 1069 2388 cognoscat.

434 2394 479 2428 ibi
497 2421 508 2430 .
689 2405 692 2407 ·

386 2453 459 2478 cum
471 2441 633 2484 facultate
659 2440 890 2474 manutenendi
904 2450 1001 2486 quem
1029 2439 1068 2473 de

432 2492 506 2531 jure
525 2514 535 2524 .
556 2488 598 2523 ibi
620 2512 629 2521 .

387 2542 523 2574 constito
549 2537 635 2584 quod
659 2537 703 2571 sit
729 2536 819 2572 locus
837 2538 1071 2584 vss'gidianae‚

1212 346 1373 394 purgatis
1387 347 1559 381 attentatis
1568 354 1628 394 per
1643 350 1861 400 Binum-2643

1160 396 1322 444 purgatis
1346 397 1516 429 attentatis
1531 419 1538 429 .
1556 397 1604 431 ibi
1617 421 1626 431 .

1164 445 1266 478 alteri
1283 455 1367 478 ‚cum
1397 443 1559 483 facultate
1584 453 1747 482 attentata
1765 460 1858 485 revo-

1212 491 1309 525 candi
1337 491 1371 524 in
1394 492 1515 536 primis
1533 515 1543 531 ,
1575 501 1607 527 et
1621 503 1703 529 ante
1735 499 1856 538 omnia,

1217 546 1379 585 quatenus
1393 540 1526 574 adsint.
1547 541 1591 575 ibi
1611 565 1621 576 .

1167 587 1297 628 reiectis
1311 589 1481 622 attentatis
1495 614 1505 623 .
1533 589 1578 624 ibi
1600 613 1610 624 .

1167 637 1346 671 reservatis
1363 637 1396 670 in
1422 639 1488 679 fine
1504 638 1574 672 litis
1594 664 1603 673 .
1634 639 1679 674 ibi
1697 664 1709 675 .

1159 686 1254 721 ,nihil
1269 687 1306 719 de
1317 688 1519 732 purgatione
1534 689 1859 728 attentatarum-ibi.

1165 745 1240 770 cum
1265 734 1429 776 facultate
1453 739 1631 783 purgandi
1663 745 1829 776 attentata
1848 763 1861 777 .

1213 783 1256 818 ibi
1274 806 1284 817 .

1162 833 1231 867 sine
1242 832 1443 879 praejudicio
1469 836 1620 870 mandati
1636 837 1675 871 de
1694 839 1858 875 associan-

1163 884 1203 917 do
1219 905 1228 915 .
1258 884 1340 924 265.

1159 931 1230 966 sine
1246 930 1453 977 praejudicio
1485 931 1656 977 legitimae
1684 938 1856 971 executio-

1210 980 1280 1019 nis,
1311 990 1367 1013 seu
1396 981 1547 1016 mandati
1574 982 1612 1017 de
1639 991 1855 1020 manutenen-

1214 1030 1253 1063 do
1274 1051 1283 1062 .
1302 1030 1385 1063 266.

1168 1076 1256 1113 nihil
1271 1100 1281 1111 .
1297 1077 1342 1111 ibi
1360 1101 1370 1112 .
1388 1088 1470 1122 ²77·
1486 1086 1520 1113 et
1539 1080 1621 1126 284.

1167 1128 1236 1162 sine
1263 1127 1490 1173 praejudicio,
1515 1126 1695 1171 bonificatis
1722 1128 1860 1164 solutio-

1223 1174 1321 1210 nibus
1336 1198 1345 1208 .
1363 1177 1444 1220 267.

1171 1226 1208 1260 de
1235 1223 1456 1272 appellatione
1475 1249 1485 1265 ‚
1528 1227 1558 1259 si
1584 1228 1665 1273 quid
1695 1237 1859 1274 exequen-

1219 1276 1294 1309 dum
1317 1297 1326 1312 ,
1358 1273 1457 1307 alteri
1488 1275 1548 1320 qui
1573 1277 1617 1310 ad
1648 1276 1857 1323 legitimam.

1221 1322 1268 1358 ibi
1286 1346 1295 1355 .
1311 1330 1345 1357 et
1362 1323 1442 1357 168.

1167 1373 1324 1421 procedat
1348 1383 1389 1406 ex
1402 1372 1530 1418 integro
1545 1398 1554 1407 .
1580 1375 1662 1411 268.

1164 1422 1313 1471 praevia
1339 1423 1536 1456 avocatione
1555 1427 1680 1457 Causae
1706 1421 1749 1456 ab
1767 1424 1863 1458 ΛΑ.

1220 1472 1323 1507 Iudex
1338 1470 1506 1516 delegatus
1533 1473 1692 1517 procedat
1707 1473 1807 1505 etiam
1823 1471 1860 1505 in

1210 1519 1340 1560 dudicio
1375 1521 1576 1564 exequutivo
1605 1531 1751 1553 connexo
1786 1530 1861 1554 cum

1212 1566 1432 1610 facultatibus
1469 1567 1611 1605 ejusdem
1652 1572 1706 1600 Λ.
1737 1571 1774 1602 C.
1805 1567 1864 1602 vel

1215 1615 1332 1648 ⁴omnia
1347 1615 1389 1647 ad
1404 1614 1549 1648 Iudicem
1577 1614 1774 1661 delegatum
1788 1627 1863 1651 cum

1215 1660 1435 1706 facultatibus
1451 1668 1502 1696 A.
1513 1666 1547 1696 C.
1574 1662 1620 1697 ibi
1636 1687 1646 1698 .

1161 1712 1269 1748 ‚alteri
1284 1714 1341 1758 qui
1358 1712 1399 1745 ad
1414 1710 1595 1756 legitimam
1611 1736 1620 1746 .
1632 1713 1759 1758 271.ad
1778 1722 1862 1758 272.

1174 1762 1290 1797 Parito
1309 1760 1425 1794 litteris
1443 1761 1655 1806 Apostolicis
1668 1785 1678 1801 ‚
1698 1770 1728 1796 et
1743 1763 1862 1798 ‘Parito

1227 1809 1346 1844 litteris
1383 1808 1524 1843 arbitrio
1542 1817 1605 1844 etc.
1624 1820 1706 1855 27²·
1719 1812 1759 1846 ad
1774 1820 1864 1856 273.

1171 1859 1271 1893 alteri
1302 1859 1450 1904 apposito
1479 1867 1646 1905 sequestro
1661 1883 1670 1893 .
1702 1871 1787 1905 273.

1176 1908 1249 1942 sine
1289 1907 1497 1954 praeiudicio
1537 1909 1769 1954 exequutionis
1792 1933 1803 1949 ,
1833 1916 1866 1943 et

1221 1967 1285 1990 non
1314 1956 1481 1990 retardata
1495 1955 1663 1991 solutione
1671 1958 1840 2005 pensionis
1852 1980 1864 1992 .

1225 2015 1306 2050 274.
1325 2005 1364 2038 ad
1382 2004 1464 2050 275.

1174 2053 1315 2088 lacerari
1336 2053 1600 2090 commissionem
1617 2078 1626 2089 .
1656 2056 1738 2101 276..

1166 2103 1272 2143 judex
1286 2102 1456 2147 delegatus
1466 2104 1648 2149 procedat,
1669 2115 1708 2138 ac
1728 2102 1758 2136 si
1773 2103 1865 2134 Com·

1223 2151 1333 2185 missio
1363 2152 1496 2195 signata
1519 2150 1610 2191 foret
1624 2162 1698 2185 cum
1715 2147 1866 2184 clausula

1222 2199 1356 2232 constito
1371 2199 1458 2242 quod
1476 2198 1519 2230 sit
1532 2198 1622 2231 locus
1639 2199 1864 2243 oAEgidianae‚

1213 2245 1277 2278 arel
1304 2245 1372 2278 sine
1398 2246 1607 2292 praejudicio
1634 2246 1864 2282 executionis.

1226 2302 1307 2337 277.

1173 2342 1313 2377 constito
1329 2342 1428 2389 prius
1444 2342 1483 2377 de
1497 2343 1671 2379 existentia
1687 2367 1698 2383 ,
1724 2350 1756 2378 et
1784 2343 1864 2377 inte-

1220 2401 1305 2424 resse
1324 2414 1332 2423 .
1364 2401 1447 2435 277.

1170 2438 1255 2473 nihil
1273 2462 1283 2477 ‚
1309 2446 1340 2472 et
1357 2446 1508 2474 servetur
1525 2440 1690 2475 decretum
1707 2441 1859 2475 Eminen-

1223 2487 1372 2521 tissimi.
1401 2497 1484 2531 277.

1165 2538 1224 2573 Λ.
1257 2538 1292 2570 C.
1319 2535 1506 2573 moderetur
1533 2535 1767 2573 inhibitionem
1788 2560 1799 2576 ,
1829 2541 1861 2570 et

1775 2589 1856 2622 Can·
