1993 3195
598 283 626 316 Α
670 283 695 315 Ρ
735 284 760 316 Ρ
800 285 823 317 Ε
868 285 901 317 N
944 285 976 316 D
1021 287 1035 319 Ι
1075 285 1105 319 X
1561 292 1603 323 61

111 331 197 366 facta
213 327 426 374 expeditione
458 327 622 362 Notarius
653 330 819 364 sollicitus
835 342 903 364 esse
919 333 1038 365 debeat
1059 333 1089 366 in
1105 332 1316 369 conficiendo
1337 332 1518 377 Registr03
1538 349 1606 381 quo

109 380 269 422 expiem,
299 386 331 412 et
347 380 483 421 prorsus
512 377 694 412 terminato
713 401 722 416 ,
757 390 792 412 ac
809 390 826 411 a
841 379 1062 413 procuratore
1091 393 1195 415 causae
1223 381 1422 426 recognit0‚
1461 381 1608 420 solvatur

109 425 224 461 debita
248 437 374 461 merces
393 425 496 469 ipsius
516 425 661 472 Registri
693 428 784 466 iuxta
801 426 908 462 taxam
930 452 939 467 ‚
979 427 1031 462 vel
1051 429 1081 461 in
1099 429 1239 473 pecunia
1274 437 1445 463 numerata
1463 442 1540 466 cum
1558 444 1609 466 re-

108 475 282 511 stitutione
310 474 412 520 ipsius
443 474 570 523 cedula:
584 499 594 515 ‚
625 476 677 510 vel
697 488 756 520 per
772 476 910 512 liberam
928 477 1100 522 ipsiusmet
1130 477 1257 512 cedulae
1270 478 1406 522 giratam
1424 478 1608 515 faciendam

106 525 278 567 completo
294 534 401 559 tamen
432 534 512 558 vere
547 524 729 570 Registr03
764 536 796 560 et
816 526 845 560 in
861 539 937 562 casu
953 540 1019 572 quo
1036 527 1238 562 Procurator
1263 527 1426 571 giraverit
1442 529 1607 572 praefatam

108 574 262 609 cedulam
286 573 452 621 -Registro
478 584 542 607 non
557 574 731 619 completo
748 601 758 616 ‚
787 585 865 611 tunc
895 586 1045 612 teneatnr
1084 576 1291 611 Procurator
1329 576 1478 623 propriis
1492 590 1612 623 expen-

108 623 152 657 sis
170 624 208 658 ad
225 625 404 658 curandam
421 622 667 659 confectionem
697 625 778 660 dicti
797 625 943 672 Registri
960 650 969 665 ‚
1012 627 1089 661 alias
1105 626 1145 660 ad
1172 625 1284 660 omnia
1305 626 1450 667 damna3
1482 635 1515 661 et
1530 639 1612 673 qua-

109 680 205 707 tenus
224 683 350 706 merces
367 671 500 718 registri
530 685 595 708 non
611 677 765 710 ascendat
797 677 835 710 ad
853 674 1069 718 quantitatem
1098 683 1288 710 contentam
1311 675 1342 709 in
1364 674 1482 710 cedula
1512 699 1521 715 ‚
1557 679 1612 711 de-

108 723 186 757 beat
203 729 315 755 totum
331 746 340 761 ,
359 721 392 756 id
408 724 497 767 quod
515 733 667 767 superest
685 737 745 770 per
762 723 941 760 Notarium
959 723 1089 759 restitui
1107 737 1116 765 ;
1132 734 1165 758 et
1180 725 1198 758 e
1217 736 1383 760 converso
1402 748 1413 764 ,
1442 725 1468 759 si
1487 724 1612 770 aliquid

108 770 243 805 deficiat
261 794 272 810 ‚
310 770 369 805 ille
384 771 442 817 qui
457 783 587 807 causam
603 773 797 816 expedivit,
825 782 977 808 teneatur
996 772 1154 816 supplere
1169 796 1180 806 .
1213 774 1369 808 Caveant
1385 773 1519 808 Notarii
1537 782 1613 818 post

108 818 302 863 expeditam
329 833 492 861 causam,
525 822 695 868 quamcito
723 823 890 858 conficere
919 821 1111 867 Registrum
1129 845 1138 860 ‚
1182 829 1215 855 et
1231 822 1348 856 saltem
1388 822 1475 856 intra
1498 822 1615 856 termi-

109 880 189 903 num
208 869 355 906 duorum
374 869 536 905 mensium
552 895 566 911 ‚.
589 880 624 906 et
640 883 701 906 non
718 871 831 912 ultra3
867 882 935 917 quo
952 871 1096 905 termino
1127 870 1242 914 elapso
1260 895 1270 911 ‚
1306 870 1434 906 licitum
1467 870 1510 905 sit
1526 870 1614 916 ipsos

109 917 273 955 Notarios
288 919 491 963 compellere
521 921 559 955 ad
587 920 829 966 perficiendum
860 920 988 955 dictum
1028 918 1226 964 Registrum
1252 943 1262 959 ‚
1296 931 1356 964 per
1370 930 1544 954 recursum
1573 920 1614 954 ad

73 1001 76 1003 .
112 966 322 1003 Executores
338 969 437 1008 hujus
453 978 572 1004 nostrae
601 969 891 1009 Constitutionis;
918 981 1001 1014 quos
1025 979 1200 1002 monemus
1216 992 1226 1007 ‚
1254 967 1334 1002 etin
1356 968 1508 1002 Domino
1535 970 1616 1003 hor·

112 1022 224 1052 tamur
238 1041 248 1057 ,
284 1026 320 1052 ut
336 1018 426 1053 omni
443 1019 591 1052 adhibita
618 1018 870 1058 sollicitudine,
901 1019 1035 1053 eosdem
1063 1017 1224 1051 Notarios
1248 1027 1306 1061 per
1322 1016 1531 1063 gravatorias
1547 1041 1558 1057 ,
1586 1029 1617 1052 a·

113 1063 227 1111 liaque
251 1065 333 1105 juris
360 1068 507 1101 remedia
521 1079 643 1112 cogere
674 1079 739 1102 non
755 1067 905 1102 desinant
928 1078 988 1112 pro
1007 1065 1273 1110 adimplemento
1287 1090 1298 1105 ,
1327 1065 1419 1100 salva
1440 1076 1547 1100 tamen
1566 1067 1616 1100 fa-

113 1115 238 1150 cultate
254 1115 385 1154 Nobis,
415 1125 448 1150 et
464 1115 721 1151 Successoribns
752 1117 867 1151 nostris
894 1127 955 1161 pro
970 1125 1123 1157 tempore
1152 1114 1371 1148 existentibus
1389 1137 1400 1153 ,
1430 1114 1617 1157 providen-

112 1163 172 1203 di,
208 1165 317 1208 quoad
336 1164 493 1209 Registra
510 1188 523 1203 ‚
539 1175 610 1208 quae
630 1176 672 1198 ex
690 1165 891 1209 negligentia
907 1164 1129 1198 Notariorum
1149 1185 1159 1200 ‚
1193 1171 1258 1196 tam
1279 1163 1382 1196 modo
1400 1161 1508 1195 adhuc
1526 1172 1618 1197 exer-

113 1212 262 1246 centium
281 1236 290 1251 ,
318 1225 415 1257 quam
431 1221 596 1246 eteorum
614 1212 902 1247 Praedecessorum
928 1237 938 1252 ,
982 1223 1045 1246 non
1062 1211 1196 1246 fuerunt
1226 1212 1399 1256 hucusque
1427 1211 1579 1246 confecta
1606 1235 1616 1251 ‚

113 1269 216 1306 prout
244 1261 331 1295 Iuris
345 1260 448 1296 fucrit
463 1285 473 1300 ‚
496 1269 528 1295 et
542 1260 701 1305 expedire
716 1261 890 1296 videbitur
903 1286 912 1295 .

212 1309 245 1343 Si
264 1321 360 1344 causa
386 1310 562 1344 terminata
591 1309 696 1344 fuerit
716 1322 774 1354 per
799 1308 1041 1348 concordiam,
1076 1318 1134 1343 aut
1151 1308 1438 1343 renunciationem
1466 1307 1618 1353 legitime

113 1357 258 1396 factam,
286 1367 318 1391 et
338 1359 499 1393 Notarius
515 1357 615 1393 fuerit
636 1359 836 1395 iudicialiter
863 1358 1090 1402 interpellatus
1114 1371 1130 1392 a
1145 1358 1298 1392 Partibus
1314 1382 1322 1396 ,
1354 1357 1407 1391 vel
1429 1359 1469 1391 ab
1488 1368 1554 1391 una
1578 1368 1619 1392 ex

113 1405 178 1440 illis
192 1430 202 1445 ‚
230 1417 269 1439 ne
285 1407 442 1440 conficiat
456 1430 465 1444 ‚
490 1408 543 1440 vel
563 1417 790 1451 prosequatur
804 1408 1001 1452 Registrumi
1025 1415 1177 1440 actorum
1194 1429 1204 1444 ‚
1234 1413 1377 1450 nequeat
1395 1416 1412 1437 a
1427 1405 1480 1438 die
1497 1416 1620 1440 execu-

114 1464 155 1490 tae
171 1454 446 1498 interpellationis
462 1454 656 1494 hujusmodi
673 1460 684 1499 (
699 1467 800 1500 quam
817 1455 889 1489 fieri
909 1466 1007 1498 posse
1020 1454 1181 1488 volumus
1197 1464 1256 1497 per
1276 1463 1349 1487 acta
1368 1454 1619 1500 cujuscumque

113 1503 248 1539 Notarii
265 1502 390 1546 Urbis)
410 1503 603 1548 Registrum
624 1503 734 1538 facere
748 1529 761 1543 ,
789 1513 845 1538 aut
863 1502 1021 1548 prosequi
1043 1528 1054 1544 ‚
1083 1512 1116 1536 et
1136 1502 1162 1536 si
1179 1502 1280 1535 fuerit
1299 1502 1492 1537 inchoatum
1515 1505 1620 1547 possit

114 1552 352 1588 tantummodo
374 1553 581 1596 praetendere
598 1556 788 1587 mercedem
817 1552 1059 1598 registrationis
1089 1550 1228 1584 illorum
1244 1560 1398 1585 actorum
1424 1556 1435 1589 ’,
1466 1562 1541 1595 quae
1561 1564 1620 1586 us-

113 1614 180 1648 que
198 1601 238 1635 ad
259 1601 347 1635 diem
368 1611 517 1636 executae
534 1600 815 1644 interpellationis
836 1601 1027 1636 constiterit
1045 1599 1221 1645 registrata
1239 1597 1364 1638 fuisse;
1395 1609 1458 1643 pro
1474 1598 1618 1645 reliquis

113 1659 224 1686 autem
247 1649 273 1683 si
288 1661 360 1695 quae
376 1650 596 1694 imposterum
617 1650 789 1695 registrata
805 1650 934 1684 fuerint
952 1675 961 1689 ,
994 1648 1075 1684 nihil
1091 1650 1300 1694 praetendere
1316 1645 1430 1682 valent
1449 1671 1458 1685 ‚
1497 1648 1619 1685 etiam·

114 1700 139 1734 si
156 1699 190 1733 >in
207 1698 375 1743 principio
392 1711 498 1734 causae
511 1723 520 1737 ,
549 1699 601 1732 vel
615 1699 694 1732 alias
715 1700 1000 1744 quandocumque
1027 1700 1102 1731 data
1122 1696 1224 1731 fuerit
1238 1698 1336 1731 arrha
1349 1707 1412 1740 pro
1428 1696 1622 1732 confectio-

114 1760 155 1783 ne
173 1746 346 1793 Registri3
380 1747 580 1782 declarando
596 1746 735 1782 ulterius
754 1773 763 1788 ,
793 1757 828 1782 ut
846 1748 1056 1782 renunciatio
1069 1745 1136 1780 litis
1150 1744 1327 1791 pendentis
1345 1745 1450 1789 possit
1467 1746 1538 1780 fieri
1559 1758 1621 1791 per

115 1805 187 1842 acta
205 1795 389 1834 cujuslibet
408 1796 543 1830 Notarii
559 1820 569 1835 ,
600 1804 632 1829 et
651 1806 761 1829 coram
783 1808 999 1840 quocumque
1023 1795 1139 1828 ludi-ce
1155 1817 1166 1833 ‚
1184 1795 1228 1827 ita
1244 1803 1353 1828 tamen
1374 1802 1409 1828 ut
1427 1804 1501 1839 pars
1519 1819 1528 1834 ‚
1545 1806 1621 1840 quae

114 1844 387 1886 renunciaverit,
419 1854 574 1880 teneatur
600 1842 713 1878 saltem
737 1844 820 1878 infra
852 1844 1002 1889 quinQue
1031 1843 1102 1876 dies
1119 1842 1203 1876 adie
1223 1842 1352 1877 emissae
1385 1844 1612 1878 renunciatio-

115 1894 164 1929 nis
179 1918 189 1933 ,
214 1893 391 1939 publicum
408 1896 649 1929 documentum
668 1906 727 1938 per
742 1893 921 1927 Notarium
936 1917 946 1932 ‚
966 1903 1076 1926 coram
1091 1903 1160 1936 quo
1177 1891 1296 1925 emissa
1326 1891 1392 1925 fuit
1406 1892 1619 1928 renunciatio
1645 1927 1650 1931 ,

115 1944 344 1988 subscriptum
362 1968 371 1981 ,
399 1943 559 1978 exhibere
588 1943 619 1977 in
635 1942 715 1976 actis
734 1941 870 1976 Not-arii
900 1953 1011 1977 coram
1041 1952 1108 1985 quo
1122 1942 1246 1985 pendet
1274 1951 1396 1979 causa,
1430 1942 1469 1974 ad
1501 1944 1565 1975 hoc
1584 1950 1622 1976 ut

115 2002 251 2035 semper
268 2004 308 2027 ex
326 1991 451 2027 eisdem
466 1992 546 2028 actis
562 1992 833 2035 deprehendatur
847 2015 857 2031 ,
890 2003 1020 2025 causam
1037 1989 1141 2024 fuisse
1169 2000 1231 2034 per
1246 1987 1537 2024 renunciationem
1555 1998 1621 2024 ter-

118 2040 276 2075 minatam
293 2065 303 2081 ,
339 2041 447 2076 soluta
463 2040 610 2076 Notario
626 2045 762 2085 praetato
788 2052 849 2085 pro
863 2039 1052 2074 adnotando
1068 2038 1099 2072 in
1116 2036 1295 2072 Broliardo
1312 2036 1484 2072 antedicto
1509 2039 1620 2074 docu-

118 2099 232 2124 mento
247 2114 258 2129 ,
297 2092 452 2124 mercede
482 2090 594 2123 debita
608 2089 702 2127 iuxta
728 2089 950 2133 quantitatem
984 2088 1306 2132 correspondentem
1332 2085 1423 2121 foliis
1463 2087 1616 2133 Registri

121 2140 269 2179 ejusdem
286 2139 463 2182 scripturae
493 2136 648 2172 exhibitas
666 2162 678 2171 .

218 2188 331 2233 thue
345 2188 515 2233 praemissa
530 2185 640 2220 omnia
658 2211 668 2226 ‚
713 2195 747 2221 et
772 2185 906 2232 singula
937 2186 1084 2221 fideliter
1100 2210 1111 2226 ‚
1151 2193 1185 2220 et
1208 2195 1324 2220 exacte
1359 2185 1584 2221 observentur
1609 2210 1620 2225 ‚

122 2236 295 2281 omnisque
312 2248 447 2283 prorsus
463 2235 684 2278 imposterum
704 2234 839 2269 tollatur
855 2235 989 2269 occasio
1009 2235 1161 2270 Netariis
1179 2258 1189 2274 ‚
1218 2247 1252 2269 se
1267 2247 1302 2269 se
1323 2235 1504 2270 excusandi
1522 2247 1538 2268 a
1554 2245 1623 2269 ma-

123 2285 150 2319 la
181 2285 389 2320 confectione
419 2285 637 2319 Extractuum
657 2305 666 2318 ·.
686 2291 718 2316 et
733 2282 967 2327 Registrorum
988 2285 1050 2317 sub
1067 2292 1232 2326 praetextu
1253 2284 1390 2318 incuriae
1405 2283 1597 2318 Scribarum
1611 2306 1620 2322 ,

124 2332 178 2367 vel
193 2331 329 2370 aliorum
347 2337 387 2370 ab
403 2333 449 2368 eis
466 2332 722 2378 praepositorum
738 2354 749 2370 ,
776 2330 935 2374 volumus
952 2355 962 2370 ,
988 2340 1087 2376 atque
1121 2332 1317 2366 mandamus
1334 2356 1344 2371 ,
1376 2339 1412 2364 ut
1439 2331 1619 2376 completis

126 2383 227 2417 modo
243 2394 309 2425 quo
325 2395 426 2428 supra
444 2382 654 2417 Extractibus
668 2405 678 2420 ‚
708 2380 778 2413 sive
796 2379 961 2424 Registris
986 2404 995 2419 ‚
1029 2389 1084 2413 aut
1099 2380 1335 2415 Instrumentis
1350 2389 1500 2414 actorum
1518 2404 1528 2419 ‚
1557 2379 1624 2425 ipsi

127 2430 264 2466 Notarii
290 2430 485 2476 principales
511 2440 688 2465 teneantur
703 2441 740 2463 ea
754 2428 923 2466 scribere,
950 2438 981 2462 et
1010 2428 1042 2462 in
1057 2440 1174 2462 eorum
1205 2428 1449 2472 subscriptione
1466 2430 1579 2465 testari
1610 2453 1621 2470 ,

127 2480 183 2515 illa
199 2480 301 2514 fuisse
322 2479 485 2519 fideliter,
512 2489 544 2514 et
561 2480 678 2514 exacte
693 2477 843 2513 confecta
859 2501 869 2516 ,
914 2486 945 2511 et
963 2487 1095 2512 exarata
1119 2479 1212 2516 juxta
1230 2477 1369 2512 formam
1403 2478 1433 2512 in
1451 2480 1510 2512 hac
1528 2479 1623 2513 Con-

127 2529 301 2566 stitutione
328 2528 550 2575 praescriptam
569 2552 579 2569 ,
610 2527 792 2563 etNotcirii
810 2527 977 2563 tradentes
1006 2526 1204 2566 hujusmodi
1220 2528 1398 2562 Extractus
1424 2527 1495 2564 sine.
1529 2527 1621 2561 dicta

1303 2596 1341 2614 *νὴ
1537 2576 1613 2611 SUb·
