1952 3167
390 346 475 390 254
655 332 735 374 DE
765 332 904 380 JURE
937 331 1280 377 SIGNATURAE
1312 333 1569 382 JUSTITIAE

388 396 416 438 ti
448 391 703 436 conabantur
722 393 932 442 homines,
966 393 1117 435 sactum
1138 394 1306 451 proinde
1324 408 1408 444 est,
1439 407 1484 436 ut
1515 393 1741 450 appellandi
1759 409 1858 452 pru-

390 454 536 502 ritum,
554 466 638 493 non
674 450 762 494 ad
754 467 816 503 ,us
832 466 951 494 suurn
969 453 1312 509 persequendum,
1324 455 1392 495 sed
1412 454 1463 494 ad
1481 454 1741 497 Adversarios
1765 455 1861 497 diu·

393 511 523 554 turnis
548 511 685 553 litibus
705 513 964 553 macerandos
996 525 1198 553 sertatum
1218 541 1231 558 ‚
1262 511 1519 567 Legislatotes
1539 514 1860 567 prudentissimis

393 570 645 628 jussionibus
665 583 983 626 compescerent.
1015 571 1117 610 l-linc
1136 569 1255 611 etiam
1274 568 1486 611 Romano
1476 584 1564 626 jure
1585 585 1748 614 cautum
1764 573 1860 621 fuit,
1898 585 1903 589 ·

396 630 619 687 appellandi
643 630 842 672 licentiam
870 629 1086 670 arctissimo
1125 629 1309 684 temporis
1339 628 1468 686 spatio
1498 643 1578 670 esse
1610 628 1864 675 circumscri-

397 690 573 732 bendam
590 720 603 738 ,
635 691 739 730 itaut
756 718 769 737 ,
802 688 832 729 si
852 688 943 743 quis
967 688 1122 730 statutis
1150 688 1398 745 temporibus
1421 688 1740 745 interponendae
1756 721 1771 740 ,
1808 691 1867 732 in-

398 749 672 790 troducendae
691 778 702 796 ,
731 748 1122 805 prosequendaeque
1140 747 1414 804 appellationis
1434 762 1517 788 non
1547 747 1738 791 serviisset
1758 778 1771 798 ,
1802 764 1869 807 ap-

399 808 572 863 pellandi
602 807 770 850 facultas
797 821 868 864 pto
888 820 1086 863 perempta
1106 838 1117 855 ,
1159 822 1203 848 ac
1240 809 1417 864 expirata
1443 807 1690 856 haberetur;
1724 809 1865 850 eadem

402 867 450 907 de
470 883 588 909 causa
608 868 804 910 sancitum
820 866 898 907 fuit
919 898 930 916 ‚
966 869 1016 907 ne
1035 866 1160 907 liceret
1181 867 1294 908 tertio
1315 867 1510 922 appellare
1531 867 1571 907 in
1593 867 1757 923 ipsamet
1776 867 1837 908 lite
1853 898 1864 910 .

400 925 490 966 Alia
519 939 557 966 et
573 927 691 967 etiam
710 925 850 966 eodem
873 926 1041 967 consilio
1065 924 1174 966 fuere
1203 941 1221 966 a
1240 924 1543 982 Legislatoribus
1558 926 1775 969 adinventa
1805 941 1868 968 re-

401 983 528 1022 media
550 985 601 1024 ad
620 984 889 1023 cohibendam
903 983 1149 1040 provocandi
1168 984 1381 1032 licentiam,
1399 997 1441 1024 ut
1456 984 1766 1040 nempeJudices
1780 999 1865 1028 non

402 1040 675 1094 permitterent
693 1041 1019 1108 provocationem
1039 1042 1080 1082 in
1095 1042 1289 1083 omnibus
1301 1042 1727 1097 causis‚sed:quasdam
1741 1044 1866 1087 unica

404 1099 608 1143 definitiva
629 1101 823 1141 sententia
841 1100 1047 1142 terminari
1067 1101 1349 1148 decreverunt,
1360 1115 1480 1159 prout
1496 1100 1536 1142 in
1554 1101 1684 1144 causis
1703 1103 1868 1145 alimen-

405 1169 570 1208 torum,
605 1158 833 1202 debitorum
865 1160 1057 1202 fiscalium
1097 1159 1208 1215 (ι),
1244 1161 1535 1217 possessionum
1571 1161 1646 1216 (2)
1679 1191 1693 1211 ,
1720 1175 1759 1204 et
1785 1162 1870 1206 aliis

402 1216 623 1273 ejusmodi·
660 1233 870 1276 eapropter
906 1234 959 1260 ex
978 1220 1172 1262 similibus
1202 1218 1444 1284 privilegiis,
1463 1219 1630 1261 indultis
1665 1233 1773 1262 certo
1806 1236 1872 1277 ge-

404 1277 490 1316 neri
514 1276 776 1325 Causarum,
792 1278 961 1320 invaluit
983 1278 1185 1320 distinctio
1215 1277 1273 1319 illa
1296 1276 1545 1328 judiciorum
1575 1278 1616 1317 in
1646 1279 1872 1329 ordinaria,

405 1336 653 1391 exequutiva
674 1367 687 1384 ,
722 1350 758 1377 et
787 1337 1036 1386 summatim
1069 1349 1106 1377 et
1135 1334 1249 1387 juxta
1291 1335 1447 1378 illorum
1481 1349 1668 1377 naturam
1712 1336 1872 1382 diversi-

405 1397 523 1437 mode
550 1394 773 1451 Signatura
792 1428 804 1446 ,
844 1411 973 1450 quum
1003 1397 1050 1437 de
1069 1394 1332 1452 appellatione
1350 1396 1482 1452 agitur
1498 1426 1511 1443 ‚
1545 1394 1750 1437 rescribit.

477 1455 520 1493 ln
538 1452 717 1506 judiciis,
731 1470 834 1508 quae
853 1455 1057 1495 ordinaria
1077 1455 1271 1494 dicuntur
1283 1468 1440 1507 ,quum
1460 1453 1679 1494 indubium
1705 1455 1783 1503 sit,
1807 1469 1874 1512 ap-

400 1510 653 1577 pellationem
676 1526 758 1551 non
779 1527 858 1552 esse
879 1512 1160 1560 interdictam,
1176 1524 1299 1567 prout
1318 1525 1479 1569 apparet
1496 1526 1543 1552 ex
1567 1511 1722 1569 integro
1745 1512 1871 1555 Codi-

407 1569 461 1611 cis
477 1569 592 1612 titulo
607 1597 618 1616 ‚
633 1571 696 1612 Ne
713 1570 855 1612 liceat
840 1587 880 1612 m
900 1586 1005 1620 una,
1031 1574 1244 1626 eademque
1262 1571 1388 1614 Causa
1413 1571 1528 1614 tertio
1543 1560 1774 1628 appellare,
1800 1573 1873 1628 qui

404 1629 646 1671 sententiam
680 1631 858 1685 aliquam
879 1630 952 1672 sibi
985 1630 1230 1686 iniquiorem
1261 1645 1340 1672 esse
1365 1644 1480 1688 putat
1513 1661 1527 1680 ,
1561 1632 1719 1687 prima,
1751 1647 1789 1674 et
1822 1631 1873 1673 al-

406 1697 492 1729 tera
519 1688 604 1732 vice
625 1690 730 1731 intra
748 1689 1012 1731 constitutum
1040 1702 1196 1746 tempus
1216 1689 1448 1747 interposita
1478 1690 1772 1746 appellatione,
1799 1700 1876 1733 sta-

409 1745 480 1788 tim
500 1776 513 1794 ‚
549 1747 611 1790 vel
642 1748 777 1790 saltem
814 1749 1012 1806 pendente
1043 1748 1212 1790 termino
1246 1749 1564 1804 Apostolorum,
1593 1749 1794 1793 obtinebit
1823 1751 1875 1803 ab

408 1805 513 1847 Emo
541 1805 782 1863 Signaturae
815 1808 998 1860 justitiae
1026 1809 1230 1849 Praefecto
1262 1808 1409 1864 signari
1445 1809 1783 1850 commissionem
1809 1823 1876 1865 ap-

411 1864 665 1922 pellationis‚
685 1866 793 1908 alteri
812 1866 945 1913 ,ludici
975 1867 1166 1908 directam
1186 1894 1198 1913 ‚
1216 1866 1317 1921 quae
1346 1867 1417 1908 sub
1432 1869 1562 1909 Banca
1581 1897 1594 1914 ,
1627 1881 1673 1909 ut
1702 1868 1794 1911 alibi
1816 1868 1875 1909 di-

406 1924 540 1966 ximus
558 1954 570 1973 ,
609 1926 821 1983 expeditur
851 1941 872 1966 a
915 1928 1086 1983 Regente
1109 1926 1414 1976 Cancellariae,
1434 1927 1596 1968 nomine
1623 1927 1780 1980 Judicis
1807 1940 1874 1982 ap-

409 1984 570 2039 posito·
561 2017 573 2033 ,
617 1986 650 2028 si
683 1986 846 2027 demum
873 1999 990 2027 etiam
1016 1985 1114 2027 male
1133 1987 1287 2027 cesserit
1319 1987 1527 2044 appellatio
1546 2019 1569 2054 ³.
1595 1987 1874 2038 sententiaque

409 2042 523 2098 prior
554 2045 789 2088 confirmata
821 2044 942 2087 fuerit
970 2074 982 2091 ‚
1024 2059 1112 2102 post
1141 2044 1265 2086 dictas
1298 2059 1373 2088 tres
1403 2045 1616 2088 sententias
1644 2043 1873 2086 conformes

412 2102 638 2158 appellandi
654 2104 876 2147 facultatem
898 2103 1065 2146 ulterius
1096 2119 1180 2145 non
1191 2105 1345 2152 habet;
1371 2107 1473 2149 hinc
1505 2101 1701 2145 sententia
1721 2103 1796 2144 lara
1816 2102 1873 2146 vi·

416 2173 477 2201 res
510 2163 571 2203 rei
583 2162 783 2218 judicatae
814 2162 1013 2215 acquirit,
1049 2172 1088 2200 et
1103 2163 1152 2200 ab
1171 2160 1251 2200 ullo
1272 2161 1473 2202 retractari
1493 2192 1506 2208 ,
1539 2175 1563 2200 n
1570 2174 1728 2212 τνεᾳυε
1749 2161 1872 2203 actio-

413 2231 463 2257 ne
498 2219 641 2270 inverti
672 2234 755 2260 non
774 2230 928 2275 potest·
954 2217 1075 2257 immo
1105 2216 1264 2273 praevia
1283 2219 1560 2261 commissione
1580 2218 1869 2277 exequutoriali

411 2274 546 2328 judici
579 2276 758 2324 directa,
788 2276 1061 2342 exequutioni
1093 2275 1360 2319 demandatur
1392 2307 1405 2324 ‚
1448 2291 1486 2319 et
1524 2280 1561 2321 S.
1587 2281 1686 2320 Rota
1718 2281 1866 2335 absque

415 2332 492 2375 alia
515 2336 792 2378 commissione
820 2367 834 2386 ‚
873 2336 1007 2393 vigore
1040 2350 1208 2378 suarum
1240 2333 1479 2381 facultatum
1505 2370 1518 2389 ,
1555 2339 1604 2381 ad
1632 2337 1868 2393 exequutio-

415 2406 507 2433 nem
533 2395 737 2452 procedit.
1767 2398 1865 2438 Non

412 2475 565 2489 m

446 2583 449 2587 ι
467 2534 521 2573 (1)
545 2535 809 2579 Leg.ult.Digest.
826 2537 866 2570 de
876 2535 1039 2580 Appellat.
1054 2538 1132 2569 reci·
1222 2539 1273 2574 (2⁸
1299 2538 1371 2578 Leg.
1389 2541 1472 2572 unic.
1494 2540 1566 2575 Cod.
1582 2543 1612 2575 si
1639 2542 1678 2575 de
1692 2545 1867 2573 momenta·

402 2589 499 2633 pren·
1177 2590 1231 2614 nea
1243 2586 1433 2625 possessione
1447 2606 1455 2615 .
