2075 3167
439 313 493 359 70
733 293 812 337 DE
836 289 968 341 JURE
1002 282 1346 331 StGNATURAE
1373 283 1631 334 JUSTITIAE

439 355 677 413 Brolz'ardo(
705 368 788 411 quo
826 348 993 393 nomine
1020 348 1064 389 in
1097 345 1228 388 Curia
1258 345 1448 388 Romana
1495 357 1664 389 vocatur
1701 346 1911 400 Regestum

444 429 626 462 actorum
646 415 668 471 )
685 446 697 465 ,
726 425 895 468 sequens
912 406 1050 450 citatio
1072 403 1351 448 transmittitur
1373 434 1382 445 .
1904 426 1909 430 .

696 473 744 515 R.
767 473 812 513 P.
832 469 885 511 D.
919 463 1191 523 Elephantutio
1206 463 1340 512 Iudice
1363 463 1393 505 C
1395 461 1634 505 ommissam‘o
1648 490 1658 501 .

959 525 1177 581 Spoletczncz
1212 522 1357 566 Census
1373 553 1383 564 .

581 591 726 634 Citetur
761 587 804 631 N
809 586 865 628 N.
915 584 966 626 acl
1008 583 1209 625 dicendum
1242 593 1373 625 contra
1410 577 1711 624 commissionem
1745 578 1787 619 in
1813 578 1912 621 actis

446 652 577 696 ultimo
611 652 694 693 loco
713 653 999 706 praesentatam
1020 671 1034 690 ,
1062 652 1100 683 et
1105 641 1232 697 juxta
1242 640 1349 683 fillius
1355 639 1524 696 formam
1544 652 1580 680 et
1595 651 1762 680 tenorem
1781 637 1909 679 viden-

448 714 538 754 dum
556 708 736 752 mandari
746 704 906 765 procedi
920 733 932 751 ,
947 700 1158 745 etinlziberi
1171 700 1369 742 adstatim
1385 731 1398 750 ‚
1425 713 1462 742 et
1479 697 1629 741 interim
1649 697 1908 755 quandocum-

448 786 520 827 que
541 771 595 812 acl
611 784 654 826 p.
684 769 724 809 d.
758 768 897 809 istante
918 760 977 803 N.
995 762 1052 804 N.
1075 759 1287 817 principali
1308 791 1321 809 ,
1354 759 1434 802 sive
1465 769 1538 801 etc.

492 852 493 855 ¹
1471 815 1695 859 Arcltivz'um
1719 846 1728 856 .

571 886 621 929 Et
637 883 870 943 hujusmodi
888 880 1075 924 citatione
1093 876 1377 920 tantummodo
1394 891 1496 934 opus
1508 889 1590 925 est,
1608 875 1778 930 quando
1794 869 1912 914 exhi-

451 949 566 988 betur
586 945 711 1001 prima
731 971 743 990 ‚
757 954 794 984 et
813 938 1042 998 principalis
1059 935 1314 985 Commissio;
1335 949 1429 976 nam
1444 935 1475 976 si
1497 934 1721 976 commissio
1734 931 1914 975 secunda

449 1004 522 1044 erit
535 1033 546 1051 ,
565 1003 671 1043 dicta
687 997 921 1055 citatiogrion
940 995 1305 1049 requiritur,quum
1319 993 1495 1034 sufficiat
1512 1006 1574 1040 ea,
1594 1005 1697 1045 quae
1717 990 1819 1032 facta
1837 988 1916 1031 fuit

451 1061 646 1104 adversus
666 1056 839 1115 primam
855 1051 1188 1100 commissionem,
1199 1048 1281 1105 qua
1298 1049 1521 1106 jurisdictio
1530 1050 1687 1091 firmata
1703 1047 1809 1104 fuit‚j
1817 1060 1915 1091 uxta

448 1133 611 1162 sensum
623 1119 743 1159 Rotae
753 1114 793 1154 in
803 1115 980 1155 Romana
998 1110 1142 1153 Vineae
1159 1111 1204 1150 de
1213 1108 1353 1148 Fabris
1369 1107 1542 1160 24.m‹zii
1553 1107 1670 1149 1602.
1688 1121 1816 1150 coram
1833 1107 1910 1148 Lit-

447 1190 503 1228 ta,
520 1176 632 1234 apud
648 1174 950 1216 Marclzesanum
967 1168 1040 1225 (1)
1059 1167 1243 1223 impressa
1258 1195 1268 1205 .
1287 1164 1488 1214 memma,
1500 1166 1642 1208 dicunt
1658 1165 1736 1207 fori
1752 1167 1915 1224 sapien-

450 1250 506 1279 tes
525 1264 538 1282 ,
568 1227 867 1278 observandum
907 1243 986 1269 esse
1003 1257 1016 1275 ‚
1054 1226 1225 1281 quando
1259 1225 1391 1281 agitur
1427 1224 1475 1265 de
1497 1223 1793 1266 Commissione
1827 1239 1913 1266 non

450 1291 661 1351 principali
678 1321 692 1340 ,
725 1289 795 1330 sed
811 1286 1025 1330 accessoria
1045 1314 1058 1333 ,
1078 1296 1117 1325 et
1134 1283 1375 1340 dependenti
1395 1312 1408 1331 ,
1434 1297 1563 1339 prout
1595 1281 1752 1325 censuit
1771 1284 1913 1326 eadem

452 1353 554 1394 Rota
577 1346 627 1392 ¹in
641 1348 751 1391 novis
770 1346 886 1389 decis.
910 1358 974 1400 15.
1006 1344 1052 1384 cle
1073 1341 1281 1400 Rescriptis
1301 1371 1311 1381 .
1347 1342 1452 1384 Sunt
1484 1342 1607 1384 etiam
1638 1342 1826 1382 nonnulli
1846 1358 1916 1386 ca-

451 1426 519 1452 sus
537 1436 552 1457 ‚
582 1410 624 1450 in
650 1407 801 1464 quibus
824 1406 927 1447 dicta
946 1401 1081 1445 citatio
1103 1399 1455 1443 necessariahaud
1469 1413 1685 1458 reputatur
1703 1432 1717 1450 ‚
1743 1414 1782 1443 et
1798 1416 1916 1459 prae-

450 1469 586 1512 sertim
604 1467 636 1509 si
666 1463 893 1509 ¹commissio
912 1459 1189 1502 reformatoria
1223 1459 1275 1502 sit
1305 1458 1378 1515 (2)
1396 1490 1412 1509 ,
1438 1460 1500 1504 vel
1533 1459 1702 1515 quando
1736 1473 1911 1517 utraque
1938 1494 1951 1508 s

452 1543 546 1588 pars
565 1526 705 1569 eadem
719 1519 1020 1566 Commissione
1056 1530 1195 1560 utatur
1210 1519 1286 1575 (3)
1300 1548 1315 1558 ,.

572 1583 842 1641 Praecipuum
868 1594 964 1624 vero
986 1576 1169 1620 effectum
1190 1578 1420 1619 antedictae
1453 1579 1657 1624 citationis
1686 1579 1798 1620 illum
1831 1593 1911 1622 esse

455 1645 671 1688 edocemur
689 1639 709 1693 ,’
727 1654 773 1683 ut
790 1637 1019 1683 communis
1040 1637 1239 1678 reddatur
1255 1636 1501 1680 commissio
1516 1670 1533 1688 ,
1560 1655 1599 1684 et
1626 1639 1695 1681 fiat
1713 1639 1763 1679 de
1790 1638 1914 1689 actis;

456 1705 562 1747 itaut
581 1703 663 1745 ullo
694 1714 880 1757 unquam
908 1696 1136 1752 modo'qui
1159 1696 1269 1737 illam
1295 1698 1549 1749 obtinuerit,
1582 1712 1651 1748 et,
1678 1696 1913 1753 hujusmodi

455 1762 643 1805 citatione
669 1760 898 1803 transmissa
912 1789 927 1808 ,
947 1754 1246 1807 7εοῑῑυῃ,,Ῑιιε1ὶ(;ε
1264 1757 1522 1806 exhibuerit,
1551 1758 1722 1816 amplius
1742 1767 1916 1811 nequeat

453 1820 660 1879 poenitere
677 1817 751 1875 (4)
772 1848 782 1858 .
812 1819 865 1859 Et
894 1817 1063 1872 quando
1093 1814 1333 1868 reproducta
1368 1815 1519 1862 fuerit,
1551 1818 1595 1857 lis
1625 1816 1745 1857 etiam
1781 1814 1910 1856 exilia

452 1880 653 1937 probatur
670 1878 740 1934 (5)
759 1906 769 1917 .
803 1874 1024 1916 Descendit
1043 1873 1151 1913 enim
1167 1872 1270 1912 haec
1290 1870 1426 1927 praxis
1442 1876 1492 1912 ab
1520 1873 1582 1915 illa
1600 1873 1806 1915 notissima
1822 1888 1916 1913 sen-

454 1938 604 1983 tentia,
638 1950 742 1990 quae
767 1936 811 1974 in
839 1933 971 1974 Curia
1003 1929 1176 1974 invaluit
1203 1960 1217 1978 ‚
1244 1929 1571 1970 commissionem
1605 1929 1678 1984 q-ui
1713 1929 1915 1980 obtinuit,

455 2010 541 2036 non
561 2007 672 2052 posse
694 1991 780 2050 cogi
800 2022 813 2041 ‚
840 2004 886 2033 ut
905 1991 965 2030 illa
986 2002 1125 2032 utatur
1141 2017 1154 2036 ‚
1184 1987 1277 2028 *licet
1304 1987 1560 2029 adversarius
1591 1986 1700 2028 illam
1730 2002 1929 2044 praesen-.

453 2054 624 2102 raverit,
650 2067 698 2094 ex
729 2066 776 2093 eo
806 2049 1056 2107 potissimum
1087 2080 1101 2097 ‚
1127 2047 1240 2101 quod
1268 2058 1405 2097 ¹quum
1439 2046 1618 2090 favorem
1658 2046 1908 2102 impetrantis

456 2112 688 2160 contineat,
724 2111 805 2168 ipse
842 2109 964 2164 possit
1000 2107 1117 2146 etiarn
1150 2104 1279 2144 eidem
1317 2103 1608 2147 Commissioni
1641 2108 1880 2149 renunciare
1900 2139 1913 2157 ‚

454 2184 576 2228 prout
590 2172 782 2211 Doctores
799 2168 960 2207 firmant
983 2162 1220 2204 auctoritate
1238 2162 1322 2217 leg.
1343 2195 1355 2213 ,
1371 2163 1615 2218 quodfavore
1638 2164 1733 2205 cod.
1749 2167 1795 2205 cle
1815 2167 1907 2224 legi.

455 2230 526 2271 bus
546 2258 557 2269 .
589 2230 698 2269 Haec
717 2226 826 2268 enim
840 2223 940 2266 ratio
961 2221 1114 2279 respicit
1141 2221 1456 2264 commissiones
1476 2224 1556 2265 illas
1576 2253 1589 2271 ,
1610 2238 1715 2279 quae
1731 2226 1799 2266 sub
1815 2227 1916 2267 Bon-

1866 2299 1911 2325 ca

455 2359 610 2371 -—-—
1704 2357 1759 2365 ...-

503 2388 554 2436 (1')
579 2399 663 2429 Part.
687 2405 714 2426 1.
734 2405 843 2438 cap.3.
1247 2394 1300 2432 (4)
1326 2395 1437 2425 Puteus
1457 2393 1551 2425 decis.
1570 2404 1623 2434 70.
1645 2393 1696 2424 lib.
1715 2402 1747 2423 2.
1771 2395 1850 2424 Rota
1877 2394 1912 2424 in

502 2442 556 2483 (2)
581 2443 779 2484 caputaquen
808 2441 902 2472 decis.
926 2447 1000 2481 324.
1017 2449 1103 2471 num.
1127 2446 1155 2477 5.
1203 2439 1339 2469 Giennen
1366 2440 1568 2471 Canonicatus
1588 2449 1617 2478 ς.
1639 2439 1725 2472 Iunii
1746 2440 1837 2476 1604.
1863 2446 1913 2469 co-

453 2498 528 2532 pag.
549 2496 576 2517 x.
1208 2492 1274 2514 ram
1290 2484 1384 2513 Penia
1402 2505 1409 2513 .

502 2533 554 2572 (3)
578 2532 698 2563 Coccin.
711 2530 807 2563 decis.
831 2530 906 2570 169.
923 2538 1011 2561 nnm-
1030 2508 1061 2569 7
1258 2527 1311 2568 (5)
1339 2526 1467 2570 Gregor.
1489 2529 1582 2562 decis.
1605 2537 1660 2568 94.
1678 2538 1763 2561 num.
1783 2535 1815 2558 2.
