1993 3195
666 263 704 303 C
738 259 776 302 A
809 267 835 302 t)
872 263 906 303 U
942 264 978 303 '‘l'‘
1042 268 1094 304 V.
1564 267 1648 322 283

184 324 301 382 pria,
336 318 481 370 injuste
511 317 722 374 elargitum
757 320 876 361 fuisse
896 350 907 367 ,
942 324 1162 363 contendat
1195 320 1339 377 aliquis
1362 350 1374 368 ,
1413 323 1534 365 velex
1566 342 1649 378 quo

186 383 237 424 ab
253 381 398 420 Actore
431 379 542 419 haud
570 389 674 419 recte
709 409 721 427 ,
758 391 804 419 ut
833 393 904 434 pat
938 392 1025 428 est,
1062 381 1235 434 qualitas
1271 381 1505 423 hereditaria
1539 412 1551 428 ,
1583 397 1649 436 per

184 451 408 495 expressam
423 438 639 479 aditionem
659 451 797 494 nempe
815 469 826 487 ,
847 438 1141 487 doceatur,sed
1159 453 1231 496 per
1250 441 1512 496 probationes
1531 442 1652 482 ambi-

184 511 286 554 guas
315 525 327 544 ,
359 510 397 538 et
437 511 521 538 non
559 497 659 538 bene
691 497 979 540 concludentes
1010 529 1021 546 ,
1054 511 1152 540 tunc
1185 497 1323 553 quoad
1365 499 1516 540 dictum
1548 500 1652 541 Exe-

184 569 335 613 quatur
354 556 450 598 solet
466 558 682 611 Signatura
714 557 921 598 rescribere
943 570 1036 598 cum
1056 558 1232 599 clausula
1252 589 1263 606 ‚
1295 557 1440 613 siquid
1459 572 1651 613 exequen-

183 617 278 657 dum
300 645 309 655 .
342 615 386 656 ln
405 629 452 656 eo
475 628 608 656 tamen
638 629 732 656 casu
752 646 764 664 ,
797 631 882 670 quo
898 629 966 672 per
1000 616 1188 657 heredem
1222 616 1496 659 inventarium
1531 618 1652 659 exbi-

186 674 330 717 beatur
347 705 360 723 ,
392 687 436 715 ac
457 673 575 715 simul
596 674 646 714 ab
667 675 806 715 eodem
826 675 929 716 facta
948 675 1074 716 fuerit
1093 676 1262 716 redditio
1283 676 1447 717 rationis
1465 678 1512 716 de
1533 677 1650 718 bonis

184 731 228 773 in
263 733 491 776 inventario
525 732 726 774 adnotatis
749 762 761 780 ‚
790 746 826 774 et
845 734 1083 787 Exequatur
1109 736 1186 775 sub
1217 749 1423 790 praetextu
1458 736 1649 778 nullitatis

184 790 434 841 inventarii,
467 792 527 836 vel
554 791 719 833 rationis
761 806 845 832 non
887 795 986 833 bene
1032 792 1237 842 redditae,
1273 794 1494 836 relaxatum
1527 793 1649 835 fuerit

185 849 380 894 adversus
412 865 656 908 personam,
687 863 725 892 et
756 852 861 892 bona
893 852 1052 893 heredis
1087 852 1245 908 proptia
1270 882 1281 899 ,
1318 853 1495 895 rescribit
1527 853 1648 895 etiam

186 921 280 951 cum
310 910 487 952 clausula
517 909 703 965 superius
731 910 834 951 dicta
857 940 870 958 ,
900 909 934 950 si
965 911 1059 966 quid
1088 912 1387 965 exequenclum3
1425 926 1468 951 ea
1495 912 1645 968 quippe

186 968 343 1010 ratione
359 1001 371 1019 ,
400 969 495 1024 quia
513 968 660 1010 similes
675 968 927 1024 exceptiones
946 969 1093 1010 debent
1109 969 1215 1020 rejici
1236 969 1286 1009 ad
1303 970 1534 1024 petitorium
1554 999 1565 1013 ,
1600 985 1645 1011 ac

187 1027 241 1069 ad
266 1023 464 1076 iudicium
483 1027 737 1068 ordinarium
755 1057 767 1074 ,
800 1040 837 1068 et
854 1026 1014 1069 interim
1032 1026 1073 1067 in
1103 1026 1253 1080 iudicio
1271 1028 1520 1083 exequutivo
1540 1030 1649 1071 heres

188 1084 306 1127 debet
324 1085 474 1141 perfrui
496 1086 687 1127 beneficio
715 1084 957 1133 inventarii,
989 1101 1205 1142 quousque
1226 1086 1267 1125 in
1289 1085 1444 1139 judicio
1479 1087 1648 1127 ordina-

184 1142 250 1185 rio
269 1141 390 1184 fuerit
425 1143 631 1199 cognitum
655 1143 702 1182 de
723 1142 826 1182 illius
844 1144 1088 1184 invaliditate
1111 1172 1122 1188 ,
1155 1157 1228 1185 aut
1244 1144 1292 1184 de
1315 1159 1396 1183 non
1421 1159 1523 1185 recta
1544 1177 1555 1193 ,
1591 1158 1643 1186 at-

186 1215 267 1255 que
286 1201 419 1244 valida
442 1202 608 1243 rationis
626 1199 850 1243 redditione
871 1231 883 1248 ‚
918 1216 1039 1257 prout
1056 1202 1108 1242 ad
1134 1217 1213 1242 rem
1246 1202 1424 1258 loquitur
1453 1204 1513 1243 De
1541 1205 1646 1245 Luca

186 1259 277 1316 (1);
307 1261 416 1302 etita
437 1260 515 1301 fuit
547 1260 766 1302 resolutum
789 1273 961 1313 utraque
995 1275 1101 1316 parte
1124 1260 1366 1302 informante
1398 1260 1436 1302 itz
1469 1263 1646 1303 Romana

185 1321 418 1375 augumenti
434 1317 537 1359 dotis
556 1348 568 1366 ‚
601 1320 765 1360 Ponente
787 1318 1081 1361 Aecoramlvono
1102 1351 1114 1367 ,
1145 1335 1249 1360 anno
1289 1320 1398 1374 1659
1424 1351 1428 1357 ·
1451 1351 1464 1369 ,
1495 1336 1532 1362 et
1549 1335 1650 1363 con-

187 1377 315 1419 cludit
341 1379 486 1418 Zaulus
503 1379 606 1433 (2);
638 1378 708 1432 qui
731 1405 742 1422 ,
778 1377 986 1418 referendo
1005 1378 1138 1421 varias
1169 1380 1407 1434 Signaturae
1447 1379 1650 1420 resolutio-

187 1450 259 1477 nes
281 1464 294 1482 ,
322 1437 463 1477 subdit
480 1466 492 1485 ,
525 1436 640 1489 quod
666 1434 697 1476 si
725 1434 804 1490 jam
834 1434 938 1475 facta
958 1435 1178 1491 reperiatur
1208 1436 1432 1489 exequutio
1457 1451 1649 1492 persona-

187 1492 234 1535 lis
251 1525 264 1543 ‚
296 1494 362 1535 tali
378 1510 472 1536 casu
489 1494 704 1551 Signatura
736 1492 832 1534 solet
849 1494 1066 1535 rescribere
1085 1495 1270 1550 ‚praevia
1301 1496 1617 1538 excarceratt'one
1635 1524 1648 1543 ,

186 1552 335 1608 siquid
369 1554 665 1610 exequendum.
703 1554 802 1594 Non
835 1553 1047 1594 accedente·
1082 1553 1245 1594 demum
1280 1554 1414 1609 aliqua
1449 1555 1649 1597 contradi-

187 1611 320 1653 ctione
351 1613 546 1654 adversus
564 1611 800 1654 mandatum
821 1639 833 1658 ‚
865 1612 1086 1654 relaxatum
1114 1613 1255 1667 quoad
1280 1614 1387 1656 bona
1422 1613 1647 1655 haeredita-

185 1669 243 1711 ria
262 1698 276 1718 ,
310 1670 374 1716 vel
393 1671 591 1713 creditum
611 1670 652 1712 in
671 1685 720 1713 eo
749 1682 988 1713 contentum
1005 1671 1054 1714 sit
1071 1671 1223 1713 clarum
1238 1703 1251 1721 ,
1281 1684 1318 1713 et
1333 1671 1649 1725 exequutivum‚

184 1739 286 1770 tunc
335 1729 514 1771 rescribit
544 1761 558 1778 ,
587 1730 670 1773 sine
696 1728 942 1786 praejudicio
979 1732 1112 1787 quoad
1143 1732 1239 1773 bona
1273 1729 1526 1772 haereditaria
1556 1745 1569 1780 ;
1601 1745 1646 1774 ut

187 1800 331 1830 monet
349 1787 631 1829 Constantinus
650 1789 726 1843 (3)
746 1817 756 1828 .

305 1847 412 1888 Solet
429 1846 961 1903 itidemasignaturaffitante
980 1845 1223 1902 obligatione
1243 1845 1444 1888 Camerali
1460 1875 1472 1894 ,
1487 1847 1642 1891 adiecta

184 1899 461 1947 instrumento
497 1905 771 1962 compromissi
799 1937 812 1955 ,
849 1903 1092 1946 committere
1124 1920 1287 1947 causam
1322 1904 1572 1947 reductionis
1592 1906 1645 1948 ad

184 1963 399 2004 arbitrium
421 1964 522 2005 boni
540 1964 611 2008 viri
632 1994 644 2012 ,
662 1976 701 2005 et
716 1963 1012 2020 appellationis,
1027 1963 1092 2003 sed
1110 1978 1204 2004 cum
1220 1964 1518 2013 clausula,sirze
1531 1979 1645 2020 prae-

175 2017 329 2077 judicio
347 2022 543 2080 legitimae
576 2021 879 2078 exequutiotzz‘s3
911 2023 1020 2065 etita
1055 2023 1229 2064 admittit
1260 2022 1564 2080 appellationem
1593 2024 1646 2065 ad

185 2078 372 2123 effectum
397 2082 672 2124 devolutivum
698 2094 885 2130 tantum3
918 2093 1041 2134 prout
1057 2081 1340 2125 animadvertit
1372 2083 1642 2140 Caputaquen.

186 2138 261 2196 (4)
275 2169 289 2190 ‚
314 2153 353 2183 et
373 2141 574 2182 adnotant
590 2138 829 2185 Mancinus,
850 2151 888 2179 et
902 2137 1089 2180 Zacchias
1104 2140 1179 2196 (5)
1197 2168 1208 2178 .

303 2198 545 2254 Aliquando
575 2199 696 2240 etiam
741 2196 922 2241 rescribit
956 2211 1031 2252 pro
1064 2198 1344 2241 moderatione
1378 2198 1646 2242 Commissio-

188 2269 323 2331 nu*
353 2272 458 2313 quae
491 2257 764 2316 expediuntur
796 2271 867 2314 per
886 2258 1015 2300 Breve
1033 2284 1048 2305 ,
1079 2256 1237 2299 illarum
1264 2273 1405 2316 nempe
1424 2289 1438 2309 ,
1470 2273 1574 2314 quae
1601 2258 1645 2298 in

1109 2317 1152 2357 N
1172 2331 1198 2357 n
1232 2329 1257 2357 2
1553 2329 1649 2371 par-

840 2383 989 2396 —

235 2446 289 2486 (ι)
313 2447 359 2477 De
374 2442 488 2478 haered
507 2454 537 2478 ee
552 2443 771 2477 haereditatib.
785 2443 926 2483 disc.27.
1017 2442 1071 2484 (3³
1095 2443 1181 2475 Ann.
1199 2450 1253 2483 52.
1272 2449 1490 2486 art.1.n.329.
1507 2443 1550 2476 ad
1565 2451 1640 2486 332-

187 2501 253 2533 n.7.
265 2493 350 2524 Disc.
364 2500 418 2523 22.
434 2500 465 2520 n.
479 2500 533 2531 ¹7·
549 2493 629 2523 Rota
653 2491 685 2519 its
716 2491 858 2521 Romana
876 2498 931 2519 an·
971 2495 1044 2521 sect.
1061 2489 1094 2520 6.

187 2547 269 2571 nuae
278 2536 507 2580 praestationis
538 2545 597 2566 cor.
614 2534 811 2578 Bevilacqua
835 2536 930 2573 1664.
1024 2533 1077 2572 (4)
1099 2532 1210 2565 Decis:
1228 2532 1303 2563 181.
1317 2543 1369 2565 seu
1394 2531 1468 2564 182.

237 2587 293 2621 (2N
317 2583 370 2614 Ad
393 2584 505 2615 statut.
536 2581 704 2616 faventin.
725 2588 750 2614 t.
766 2589 793 2612 ι.
823 2577 879 2613 lib.
898 2589 929 2623 3.
1024 2578 1078 2617 (5)
1101 2580 1135 2609 P.
1152 2587 1186 2617 4.
1214 2577 1315 2617 effect.
1334 2587 1409 2619 244.
1436 2575 1592 2613 ZaccbIas
1609 2577 1648 2610 de

185 2628 332 2671 Raab-13.
355 2638 388 2660 n.
403 2628 456 2659 ιε.
972 2622 1067 2667 oblig.
1096 2622 1254 2675 Cqmerali
1265 2635 1319 2667 qu.
1343 2633 1396 2667 ¹9·
1423 2634 1456 2657 n.
1475 2632 1538 2666 ις.
