1952 3167
390 305 465 343 ‘1031
737 305 799 340 DE
827 305 938 347 JUR'E
976 305 1254 343 SIGNATURAE
1282 307 1489 343 IUSTITIAE

389 363 451 397 per
484 352 582 387 Locis
612 352 781 389 Montium
799 378 808 393 ‚
842 356 971 390 Officiis
997 355 1223 396 meabilibus,
1251 368 1286 390 ac
1313 357 1488 402 Depositis
1514 354 1728 400 pecuniarum
1755 357 1862 393 alicui

388 399 529 439 vinculo
557 403 763 446 suppositis,
795 414 954 448 quantum
983 404 1013 438 in
1044 404 1196 438 Domino
1223 417 1397 449 possumus
1417 430 1426 445 ,
1456 405 1486 439 in
1520 414 1689 448 posterum
1708 417 1866 441 occurra-

389 457 469 489 tur,
500 449 680 485 auferimus
713 451 742 485 in
776 452 914 496 primis,
953 461 1051 496 atque
1091 454 1296 492 adimimus,
1324 455 1579 496 ademptamque
1614 463 1654 486 ex
1685 464 1768 488 nunc
1789 479 1798 494 ,
1829 463 1864 489 et

388 497 528 533 ablatam
560 510 630 533 esse
657 500 816 534 volumus
844 510 912 534 tum
941 513 956 534 a
985 500 1140 533 Generali
1173 500 1434 534 Administatore
1465 501 1631 533 Locorum
1664 501 1863 543 Montium,

388 555 458 580 tum
488 558 505 580 a
537 547 858 591 Componendarum
889 548 1032 581 Datariae
1064 548 1198 581 Nostra:
1217 547 1498 581 Administratore
1512 546 1704 582 facultatem
1730 559 1859 586 omnem

387 595 562 634 cassandi,
589 607 645 629 seu
673 595 804 629 delendi
833 608 849 629 a
875 595 970 629 Locis
992 595 1159 630 Montium
1176 605 1241 629 tam
1260 596 1489 631 Cameralium
1505 619 1515 635 ‚
1542 598 1639 642 quam
1658 597 1859 632 Communi·

389 643 569 678 tativorum
597 655 653 677 seu
675 643 889 677 Baronalium
907 667 915 681 ,
946 652 979 677 et·
1003 645 1042 678 ab
1064 644 1195 678 Officiis
1226 644 1432 679 vacabilibus
1452 647 1694 690 cujuscumque
1723 646 1862 690 generis,

389 690 443 725 vel
472 691 729 736 nuncupationis
747 716 755 731 ,
786 690 966 726 clausulam
1001 691 1033 726 in
1064 694 1111 727 eis
1135 693 1259 737 apponi
1286 693 1416 730 solitam
1449 694 1479 728 in
1507 703 1582 728 actu
1607 694 1761 739 capiendi
1791 706 1867 740 pos·

387 739 569 774 sessionem
593 754 601 773 z
631 742 816 774 Dummodo
839 741 998 788 possessio
1027 742 1069 774 sit
1083 753 1206 776 vacans
1223 766 1233 781 ,
1267 743 1379 776 etsine
1390 743 1578 789 praeJ'udicio
1595 742 1783 778 habentium
1802 754 1870 778 me·-

390 787 502 828 liora,
530 796 566 828 ct
591 790 726 835 potiora
749 791 851 830 jura:
883 790 1076 834 priusquam
1107 790 1233 834 lapsum
1261 790 1363 824 fuerit
1391 791 1556 836 integrum
1583 791 1754 831 biennium
1774 804 1791 826 a
1811 791 1864 826 die

391 845 494 881 captat
510 836 727 881 possessionis
759 850 834 872 cum
867 838 1012 873 clausula
1035 839 1218 883 praedicta,
1249 839 1318 873 sine
1350 839 1549 882 praecedenti
1568 840 1722 875 Mandato
1739 840 1864 876 Iudicis

389 886 614 929 competentis
631 909 641 923 ,
668 895 699 918 et
731 886 798 920 sine
819 892 1011 933 Exequatur
1037 888 1246 922 Thesaurarii
1263 887 1435 922 Generalis
1452 913 1462 928 ,
1480 899 1512 923 et
1528 888 1714 933 respective
1730 888 1863 927 Nostri,

386 940 421 966 et
447 932 592 966 Romani
624 933 798 968 Pontificis
827 947 888 979 pro
917 944 1070 980 tempore
1097 936 1250 970 Datarii.
1282 937 1376 972 Nulli
1404 947 1515 972 autem
1536 949 1576 972 ex
1604 936 1776 972 Iudicibus
1797 938 1867 971 Or-

385 980 524 1015 dinariis
556 980 656 1021 licere
690 981 834 1026 amplius
863 983 1031 1018 volumus·
1063 985 1149 1019 intra
1175 984 1353 1020 terminum
1384 985 1554 1020 'dictorum
1587 986 1732 1020 duorum
1761 996 1866 1020 anno-

384 1041 460 1063 rum
496 1029 651 1063 Mandata
681 1029 875 1069 hujusmodi
901 1033 1049 1068 relaxare
1068 1058 1077 1073 ,
1110 1046 1167 1068 seu
1203 1037 1414 1073 concedere,
1443 1047 1520 1069 cum
1550 1034 1618 1069 sola
1649 1035 1865 1074 fidejussione

386 1079 599 1123 approbanda
616 1081 678 1122 per
711 1091 962 1126 quemcumque
992 1082 1172 1116 Notarium
1204 1083 1377 1126 proprium
1397 1084 1559 1118 Officium
1584 1084 1756 1118 habentem
1778 1107 1788 1123 ,
1817 1095 1866 1118 se-

386 1138 455 1170 que
486 1126 595 1162 valide
626 1126 778 1173 obligare
810 1128 999 1170 valentem,
1030 1141 1133 1176 prout
1164 1134 1322 1166 hactenus
1359 1131 1532 1166 observari
1561 1133 1764 1172 consuevit;
1805 1131 1869 1167 sed=

386 1175 543 1214 Mandata
565 1177 759 1215 hujusmodi
787 1179 960 1214 dumtaxat
989 1180 1138 1215 relaxare
1164 1179 1287 1220 liceat,
1303 1180 1355 1214 vel
1381 1193 1456 1215 cum
1475 1181 1704 1219 Fideiussione
1722 1204 1733 1221 ‚
1749 1190 1783 1215 et
1798 1182 1866 1215 Ce-

386 1223 465 1257 dula
497 1225 655 1258 Bancaria
681 1225 824 1265 alicujus
856 1228 1012 1271 publici,
1040 1239 1140 1274 atque
1168 1230 1279 1263 idonei
1312 1230 1412 1264 Urbis
1445 1229 1664 1269 Mercatoris,
1697 1230 1751 1264 vel
1784 1240 1861 1264 cum

387 1274 610 1317 attergatione
645 1273 786 1313 totidem
816 1275 954 1311 aliorum
987 1278 1153 1312 Locorum
1182 1279 1349 1312 Montium
1367 1302 1377 1318 ,
1410 1288 1578 1324 quatenus
1606 1288 1725 1322 agatur-
1747 1279 1786 1312 de
1804 1278 1866 1312 Lo-

385 1321 437 1354 cis
469 1321 635 1356 Montium
653 1347 661 1362 ‚
689 1332 721 1357 et
751 1326 938 1370 respective
956 1326 1157 1362 Officiorum
1173 1327 1374 1361 vacabitium
1392 1351 1401 1367 ‚
1435 1336 1595 1372 quatenus
1613 1337 1730 1371 agatur
1744 1328 1784 1360 de
1802 1325 1864 1360 Of-

383 1369 469 1405 ficiis
498 1371 693 1409 hujusmodi
711 1396 721 1411 ‚
750 1375 788 1407 ab
817 1374 908 1412 omni
936 1375 1078 1410 vinculo
1105 1376 1312 1410 liberorum.

485 1419 570 1452 Item
601 1418 682 1453 nulli
712 1433 752 1455 ex
784 1422 956 1457 Iudicibus
980 1423 1079 1458 liceat
1111 1437 1261 1464 cassare,
1288 1437 1347 1458 seu
1365 1425 1476 1459 delere
1501 1436 1542 1457 ex
1571 1423 1736 1467 praedictis
1764 1422 1868 1457 Locis-

387 1465 557 1505 Montium
574 1489 584 1504 ,
614 1467 668 1500 vel
696 1468 837 1503 Officiis.
856 1470 1060 1504 vacabilibus
1085 1471 1262 1507 vinculum
1289 1473 1394 1507 ullum
1421 1471 1699 1515 Primogeniturae
1716 1496 1725 1510 ,
1755 1471 1864 1504 Fidei-

383 1513 580 1553 commissi,
611 1515 751 1559 Legati,
785 1517 991 1561 Multiplici,
1019 1518 1071 1553 vel
1100 1519 1237 1555 alterius
1264 1522 1508 1565 cuiuscumque
1537 1522 1659 1562 speciei
1688 1520 1750 1553 sub
1782 1531 1865 1563 quo-

383 1573 530 1606 cumque
563 1571 728 1606 praetextu
743 1588 752 1602 ,
780 1564 852 1598 sive
870 1577 911 1599 ex
923 1574 1142 1612 ‘quacumque
1165 1581 1261 1603 causa
1280 1593 1289 1607 ,
1304 1570 1402 1602 etiam
1420 1566 1673 1611 permutationis
1689 1591 1699 1607 ,
1715 1576 1768 1601 aut
1785 1568 1863 1601 sub-

386 1610 574 1655 rogationis
607 1611 751 1646 aliorum
783 1613 956 1649 Bonorum
974 1640 984 1655 ‚
1011 1616 1063 1649 vel
1093 1617 1266 1650 Censuum
1285 1617 1385 1649 etiam
1416 1615 1549 1655 majoris
1571 1614 1697 1659 pretii,
1727 1624 1760 1650 et
1785 1626 1864 1661 pro-

353 1693 362 1700 ·
383 1667 504 1692 ventus
524 1683 534 1699 ‚
569 1661 701 1705 quoties
724 1662 871 1705 ipsorum
900 1663 1068 1698 Locorum
1086 1688 1096 1703 ‚
1125 1673 1180 1698 aut
1204 1664 1404 1699 Officiorum
1436 1664 1594 1699 alienatio
1611 1675 1670 1709 per
1697 1674 1832 1710 pactum
1849 1689 1859 1705 ,

381 1707 436 1742 vel
467 1707 562 1749 aliam
600 1707 750 1746 ultimam
783 1710 988 1752 voluntatem
1018 1712 1241 1756 specialiter,
1266 1723 1299 1747 et
1328 1725 1484 1758 expresse
1524 1713 1693 1757 prohibita
1730 1712 1857 1747 fuerit.

484 1757 676 1791 Deficiente
704 1759 790 1793 vero
817 1760 952 1804 speciali
978 1761 1207 1805 prohibitione
1236 1761 1453 1802 hujusmodi,
1485 1762 1582 1797 liceat
1614 1761 1750 1808 quidem
1776 1762 1866 1796 Iudi-

383 1806 475 1842 cibus
503 1806 694 1842 Ordinariis
723 1807 857 1850 delere,
884 1819 918 1844 et-
943 1821 1070 1844 cassare
1100 1810 1233 1846 vincula
1262 1824 1302 1846 ex
1334 1811 1414 1846 locis
1431 1811 1625 1851 Montium,
1653 1809 1706 1845 vel
1731 1809 1861 1845 Officiis

387 1854 594 1890 vacabilibus
628 1880 638 1896 ,
666 1866 827 1902 quatenus
868 1858 902 1893 id
934 1869 1068 1904 petatur
1096 1872 1137 1894 ex
1167 1872 1265 1896 causa
1299 1861 1551 1905 permutationis
1575 1884 1585 1900 ,
1612 1861 1665 1895 vel
1705 1861 1865 1904 subroga-

383 1903 485 1939 tionis
502 1928 512 1944 ,
545 1904 667 1950 illaque
693 1906 874 1941 transferre
897 1921 996 1954 super
1019 1909 1122 1944 Bonis
1140 1921 1254 1945 eorum
1282 1909 1357 1944 loco
1374 1909 1594 1956 recipiendis,
1623 1907 1867 1955 subrogandis,
1898 1953 1904 1957 .

382 1952 410 1987 si
439 1954 575 1988 evidens
603 1955 797 1999 recipientis
827 1956 950 1992 utilitas
971 1958 1013 1993 ita
1042 1959 1184 1994 suadere
1210 1960 1384 2000 videatur3
1416 1962 1475 1994 sed
1499 1959 1608 1994 solum
1639 1961 1703 1993 hoc
1732 1958 1858 1992 eisdem

380 2000 503 2042 liceat,
533 2005 665 2048 quando
683 2005 713 2039 in
743 2007 991 2049 permutatione
1021 2008 1247 2054 recipiantur,
1274 2018 1308 2044 et
1334 2009 1524 2053 respective
1565 2010 1792 2052 subrogentur
1809 2011 1860 2038 tot

379 2050 476 2085 Bona
502 2052 632 2088 stabilia
660 2054 691 2087 in
720 2054 813 2089 Statu
845 2056 1082 2092 Ecclesiastico
1109 2057 1285 2093 existentia
1305 2082 1318 2098 ,
1351 2067 1409 2093 aut
1423 2058 1554 2093 Census
1569 2054 1720 2101 perpetui
1738 2063 1802 2088 tam
1820 2053 1861 2086 de

379 2099 473 2138 iure,
502 2102 602 2145 quam
629 2103 671 2137 de
699 2103 789 2138 facto
817 2105 1021 2150 exigibiles,
1049 2115 1082 2140 et
1107 2105 1262 2151 legitime
1291 2105 1439 2150 impositi
1470 2105 1524 2138 vel
1547 2106 1588 2137 ab
1612 2104 1720 2147 aliqua
1752 2101 1861 2135 Com·

376 2147 569 2188 munitate,
598 2149 653 2184 vel
684 2152 725 2185 ab
739 2151 852 2196 aliquo
881 2154 972 2186 Loco
998 2153 1060 2185 Pio
1090 2155 1239 2190 ejusdem
1257 2153 1368 2186 Status
1395 2151 1618 2186 Ecclesiastici
1635 2175 1645 2190 ,
1673 2159 1706 2184 et
1725 2150 1860 2196 quando

379 2193 517 2238 insuper
545 2195 599 2228 vel
629 2199 768 2230 accedat
793 2209 974 2232 consensus
998 2210 1184 2243 expressus
1202 2199 1357 2234 omnium
1376 2223 1386 2239 ,
1417 2208 1451 2234 et
1476 2199 1683 2245 singulorum
1703 2199 1869 2233 interesse-

378 2241 572 2277 habentium
590 2267 601 2284 ‚
635 2253 692 2278 aut
719 2245 843 2279 habere
876 2246 1060 2281 valentium
1087 2247 1190 2281 etiam
1217 2259 1280 2291 pro
1307 2259 1384 2282 casu
1413 2249 1667 2287 remotissimo,
1697 2247 1750 2282 vel
1780 2258 1862 2281 con-

377 2301 490 2325 sensus
505 2292 680 2330 ejusmodi*
700 2293 730 2326 in
758 2293 984 2331 casuiniustae
999 2295 1227 2340 denegationis
1244 2298 1474 2340 praecedenter
1501 2296 1603 2331 fuerit
1635 2298 1680 2335 ab,
1712 2295 1830 2330 eodem
1849 2319 1860 2336 ,

377 2338 432 2373 vel
463 2339 528 2373 alio
560 2339 677 2375 Iudice
709 2340 909 2385 suppletus,
944 2343 1055 2377 Causa
1093 2343 1192 2387 plene
1223 2344 1362 2390 cognita
1392 2370 1404 2386 ,
1444 2355 1477 2381 et
1507 2344 1642 2384 citatis,
1671 2353 1707 2379 ut
1754 2344 1861 2391 infra,

379 2387 549 2432 praedictis
568 2388 726 2424 interesse
742 2390 940 2425 habentibus
956 2415 965 2430 ,
990 2390 1043 2425 vel
1063 2392 1187 2427 habere
1207 2395 1497 2439 quandocumque
1511 2394 1698 2428 valentibus
1715 2418 1725 2428 .
1753 2393 1858 2439 Quod

377 2436 474 2475 etiam
493 2437 665 2472 observari
694 2437 852 2473 volumus
870 2463 890 2478 ‚.
908 2440 1191 2487 quotiescumque
1219 2441 1401 2478 delendum
1421 2443 1522 2478 fuerit
1546 2440 1864 2479 vinculumevictio

379 2484 444 2524 nis,
471 2495 524 2519 aut
548 2486 799 2523 molestiarum.

473 2533 579 2582 Quod
604 2535 628 2570 si
657 2546 777 2583 agatur
804 2537 846 2571 de
868 2538 981 2583 pretio
1009 2539 1186 2575 Locorum
1210 2540 1387 2576 Montium
1407 2565 1418 2582 ,
1445 2549 1503 2577 aut
1537 2541 1740 2577 officiorum
1764 2548 1860 2621 νπζς

1843 2597 1866 2620 [a
