1993 3195
658 242 697 283 C
734 244 772 283 A·
804 244 833 284 Ρ
867 242 905 286 U
940 241 976 285 T
1039 242 1096 287 V.
1534 262 1558 291 2

134 315 190 346 est
220 303 262 344 in
284 312 476 358 suspenso
494 330 506 349 ,
543 299 672 340 donec
690 300 755 342 hic
775 314 1021 359 cognoseat,
1041 318 1091 344 an
1114 302 1235 347 intret
1257 301 1466 348 arbitrium
1487 264 1617 349 retaii3

133 362 256 403 dandi
275 373 415 415 nempe
435 357 751 415 exequutionem
771 337 908 402 litteris
925 361 1195 418 Apostolicis‚
1223 362 1284 406 vel
1303 377 1382 413 ner,
1399 362 1516 418 quisi
1535 378 1606 404 ne-

132 420 258 478 gative
288 430 445 460 censeat
482 449 494 467 ,
535 417 718 475 procedit
749 419 802 460 ad
835 420 1156 476 exequutionem
1189 422 1424 463 earumdem
1459 419 1609 463 littera·

130 493 251 526 rum,
291 476 353 518 sin
391 477 556 527 minus,
592 477 840 544 pronunciat
871 481 971 522 bene
1010 480 1256 538 appellatum
1276 512 1289 531 ,
1321 493 1362 523 et
1379 477 1610 533 malejudi-

129 551 265 581 catum
278 535 426 579 fuisse.
450 539 561 578 Haec
581 538 687 578 enim
706 538 904 588 clausula,
922 539 1112 590 Arbitrio,
1126 539 1381 598 intelligenda
1399 553 1469 590 est,
1487 552 1613 597 prout

131 596 207 638 de
198 608 341 663 [ure3et
357 594 509 638 idcirco
529 595 682 638 dictum
696 597 907 639 arbitrium
929 599 1100 656 regulari
1121 598 1268 643 debet
1257 613 1407 657 Juxta]
1399 599 1498 643 uris
1528 598 1612 642 dis-

128 656 394 712 positionem,
416 655 586 697 maxime
605 670 652 697 ex
672 672 719 697 eo
739 656 836 710 quia
858 658 1045 715 rescripta
1059 673 1154 700 cum
1172 659 1277 701 dicta
1295 659 1475 701 clausula
1495 673 1610 701 ema-

130 727 284 757 nantur
301 729 321 755 a
341 714 557 780 Signatura
575 714 756 767 Justitiae
773 743 784 761 ,
799 730 903 771 quae
925 731 1010 758 non
1023 717 1511 774 facitrescriptagratiosa,
1530 732 1602 760 seu

131 773 357 816 aberrantia
378 776 428 817 ab
449 772 720 822 ordineluris,
737 786 783 815 ut
803 775 974 818 advertit
992 776 1092 817 Rota
1111 776 1200 832 (1),
1217 790 1254 818 et
1272 777 1421 819 Fortius
1438 791 1527 819 eam
1542 792 1605 819 se-

130 832 270 889 quitur
283 832 325 873 in
343 846 513 876 tractatu
530 835 574 874 de
590 832 877 875 manutentione
892 834 978 890 (2);
997 849 1167 878 attamen
1182 836 1254 878 tale
1273 836 1485 879 arbitrium
1498 851 1602 878 com-

130 891 298 933 mittitur
319 893 602 935 tantummodo
630 892 844 935 Tribunali
880 893 922 933 S.
947 897 1070 937 Rotae
1092 923 1105 942 ,
1136 905 1176 935 et
1195 910 1279 935 non
1299 895 1407 936 alteri
1428 895 1565 948 Judici
1579 926 1599 946 ,

129 949 243 1008 juxta
264 965 401 993 notata
422 967 489 1008 per
506 953 813 992 Mara-hemam
832 951 934 1007 (3).
953 953 1178 994 Occasione
1201 952 1462 1006 ejusdemmet
1479 954 1597 995 clau-

129 1010 253 1076 sulae,
270 1009 458 1059 Arhitfzo,
474 1011 747 1053 cosmantinus
767 1010 988 1065 quamdam
999 1011 1144 1055 excitat
1162 1027 1263 1068 pene
1278 1012 1601 1069 inutilemquae-

129 1069 331 1117 Stionem,
351 1085 402 1110 an
421 1084 465 1110 ea
483 1070 663 1126 apposita
681 1085 700 1110 a
718 1070 934 1126 Signatum
951 1069 1134 1123 justitiae
1154 1071 1306 1125 aliquid
1323 1085 1533 1127 operetur,
1554 1084 1601 1113 ut

130 1127 591 1175 commissariusjudex
612 1155 623 1172 ‚
657 1142 771 1180 sequi
792 1141 934 1182 nempe
945 1143 1068 1184 posstt
1086 1129 1342 1183 aequitatem,
1360 1141 1398 1170 et
1415 1129 1540 1170 hinc
1533 1144 1599 1169 ln-

129 1185 178 1227 de
212 1186 386 1229 diversas
401 1185 624 1228 sententias
643 1185 786 1234 ref‚ert
822 1200 866 1227 ac
887 1186 1201 1228 auctoritatibus
1221 1188 1494 1244 comprobat;
1531 1202 1598 1229 ve-

130 1259 222 1287 rum
236 1245 345 1286 enim
359 1259 454 1287 vero
472 1243 705 1299 hujusmodi
724 1245 992 1301 disputationi
1005 1246 1305 1287 immorandum
1321 1247 1496 1302 profecto
1510 1260 1598 1289 non

130 1317 214 1351 est,
241 1304 272 1344 si
305 1318 377 1359 pro
409 1303 603 1368 arbi-trio,
642 1304 755 1358 quod
773 1306 892 1346 datur
925 1304 966 1345 in
990 1304 1098 1346 hisce
1118 1304 1518 1356 Commissionibus,
1534 1321 1599 1348 su-

131 1361 326 1404 mendum
347 1361 442 1401 illud
468 1361 544 1410 sit,
575 1362 689 1416 quod
718 1377 737 1401 a
756 1361 843 1416 jure
863 1364 1098 1418 regulatur,
1117 1365 1361 1420 utsuperius
1387 1365 1595 1406 diximus.

249 1421 296 1461 In
330 1418 480 1462 Causis
515 1420 834 1484 appellationum
868 1434 890 1460 a
921 1422 1024 1462 dicta
1058 1423 1331 1476 exequutione
1372 1422 1598 1465 litterarum

131 1480 489 1537 Apostolicarum‚
505 1481 565 1524 vel
585 1477 850 1521 Institutionis
877 1475 1085 1530 judicialis
1093 1512 1105 1529 ,
1145 1480 1363 1538 Signatura
1383 1481 1502 1524 etiam
1523 1498 1597 1524 res·

132 1540 280 1586 cribit,
310 1539 436 1580 Alteri
458 1539 635 1595 apposito
667 1550 888 1595 sequestro,
932 1541 1104 1593 quando
1149 1541 1240 1596 quis
1268 1541 1438 1597 adeptus
1472 1541 1596 1584 fuerit

130 1598 416 1658 possessionem
443 1598 634 1641 Beneficii
669 1600 900 1650 attentate,
932 1599 1029 1655 quia
1064 1599 1255 1642 adversus
1282 1614 1420 1641 execu
1428 1599 1562 1641 ionem
1582 1629 1598 1649 ,

131 1672 257 1713 quam
292 1657 445 1699 dederit
475 1656 612 1701 litteris
630 1656 873 1715 Apostolicis
888 1660 1128 1714 Exequutor
1159 1659 1308 1701 mixtus
1326 1690 1339 1709 ,
1372 1660 1433 1701 vel
1453 1671 1596 1702 contra

132 1715 427 1759 institutionem
460 1715 723 1766 judicialem,
756 1718 944 1774 denegari
989 1734 1075 1760 non
1109 1718 1231 1760 soleat
1268 1718 1511 1775 appellatio,
1561 1730 1600 1761 et

132 1775 322 1817 Beneficii
356 1776 549 1831 possessio
592 1788 709 1830 capta
748 1775 827 1815 fuit
872 1788 962 1830 post
993 1777 1299 1832 appellationem
1321 1808 1337 1825 ,
1383 1776 1446 1819 vel
1489 1776 1597 1818 infra

131 1846 290 1892 tempus
329 1833 470 1875 datum
504 1833 557 1876 ad
589 1831 911 1890 appellandum3
944 1833 1040 1874 hinc
1083 1849 1133 1874 ne
1166 1835 1418 1877 Attentantes
1451 1834 1598 1878 fruan-

132 1906 201 1936 tur
233 1893 447 1935 commodo
489 1892 652 1935 vitiosae
683 1920 696 1940 ,
742 1906 787 1933 ac
819 1904 1032 1935 attentatae
1074 1892 1330 1950 possessionis
1364 1923 1377 1940 ‚
1419 1894 1466 1935 de
1509 1895 1598 1936 stilo

117 1953 261 1994 -Rotae
305 1950 526 2008 apponitur
559 1964 816 2018 ‘sequestrum
850 1951 922 2008 (4)
957 1966 969 2000 ;
1016 1964 1053 1993 et
1085 1953 1137 1992 ad
1178 1950 1364 1995 effectum
1404 1953 1599 2019 parcendi

135 2010 316 2068 expensis
360 2010 590 2053 necessariis
629 2024 703 2068 pro
733 2009 1006 2067 disputatione
1044 2010 1159 2053 dubii
1190 2011 1230 2053 in
1260 2014 1363 2054 Rota
1392 2042 1406 2061 ,
1449 2026 1501 2057 an
1547 2012 1598 2055 sit

136 2069 245 2112 locus
286 2068 529 2136 appositioni
570 2069 763 2122 sequestri
797 2097 811 2116 ‚
853 2070 1070 2134 Signatura
1118 2068 1162 2110 in
1211 2072 1343 2113 causis
1386 2070 1599 2128 praedictis

137 2128 248 2171 mixti
282 2129 540 2182 exequutor-is
561 2157 574 2176 ‚
615 2142 660 2169 ac
696 2127 990 2200 institutionis,
1034 2127 1129 2169 solet
1162 2130 1403 2179 rescribere,
1418 2129 1594 2195 apposito

137 2198 364 2243 sequestro,
378 2188 493 2230 alteri
509 2189 556 2228 de
570 2185 856 2253 appellatione3
878 2186 999 2228 immo
1025 2188 1076 2228 ab
1104 2186 1270 2244 ipsomet
1303 2188 1502 2232 Auditore
1530 2187 1596 2232 Si-

139 2259 333 2313 gnaturae
359 2249 401 2288 in
417 2247 500 2290 vim
518 2246 610 2288 dicti
629 2245 806 2301 rescripti
829 2222 1045 2303 deputatur
1065 2244 1358 2298 Oeconomus,
1376 2249 1449 2303 qui
1473 2248 1599 2294 admi-

141 2306 279 2348 nistret
301 2304 573 2356 Beneficium,
611 2303 870 2361 ejusdemque
904 2304 1090 2353 reditus,
1135 2306 1264 2348 donec
1309 2307 1353 2350 lis
1383 2309 1504 2349 finem
1529 2308 1598 2348 ha-

145 2364 299 2407 buerit
421 2411 426 2416 ,
967 2363 1015 2404 Μ
1048 2377 1088 2404 m
1443 2365 1599 2420 Quoad

142 2440 151 2458 t
615 2436 634 2446 ·
954 2434 1102 2453 ——s
1267 2437 1581 2448 ———-—

188 2465 244 2504 (1)
269 2465 371 2495 Decis.
391 2465 465 2503 558-
480 2476 511 2496 u.
526 2466 596 2496 1.in
613 2465 739 2497 Recent.
891 2473 1001 2504 exequ.
1017 2463 1131 2494 Brevis
1155 2471 1222 2506 cap.
1244 2472 1275 2494 2.
1293 2474 1323 2494 n.
1342 2474 1396 2506 39.

188 2510 244 2550 (2)
271 2507 433 2547 olym-127.
447 2518 479 2539 n.
495 2510 550 2549 63.
937 2511 989 2549 (4)
1005 2508 1085 2540 Rota
1097 2507 1332 2552 decis-166.per
1349 2517 1404 2541 tot.
1415 2510 1591 2544 decis-2020

186 2556 241 2596 (3)
264 2554 384 2587 effide
403 2554 618 2587 commissione
629 2553 789 2597 Appellat.
804 2553 843 2589 ab
889 2563 920 2584 n.
942 2561 1038 2596 15.p.
1052 2554 1100 2586 16.
1120 2560 1234 2586 recent,
