1993 3195
652 333 690 372 C
724 332 763 370 A
798 334 824 372 P
859 333 900 372 U
929 332 967 372 Τ
1030 334 1083 374 11.
1509 356 1524 379 x
1569 358 1582 381 r

276 389 469 445 Obligau'o
491 388 722 438 cameram,
739 389 819 432 sive
854 389 1035 443 informa
1057 392 1274 442 Cametstae
1295 408 1425 449 quum
1451 357 1584 439 Caulsa

158 452 288 507 vigore
307 449 432 502 ipsius
451 447 660 491 avocanda
677 447 726 489 sit
741 450 792 488 ad
806 448 861 490 A.
879 450 932 490 C.
967 464 1163 493 avocatur
1182 452 1459 508 transportatis
1478 456 1587 505 actis,

157 523 195 552 et
212 509 242 549 si
265 507 420 548 Partes
413 521 454 547 in
475 507 600 548 aliurn
624 505 800 562 judicem
820 509 1122 556 consenserint,
1137 510 1288 552 refectis
1305 512 1506 567 expensis,
1529 511 1591 564 ju

155 582 223 611 xta
259 565 605 608 Constitutionem
640 567 844 608 Benedicti
863 580 946 609 xiv.
990 581 1180 625 superius
1198 568 1436 611 laudatam
1476 570 1592 626 Quid

155 641 251 670 vero
279 624 454 666 sentiant
474 626 696 674 Doctores,
728 638 766 667 et
790 626 891 688 quid
919 626 1066 682 pluries
1098 627 1335 684 rescripserit
1374 628 1594 685 Signatura

156 684 295 740 quoad
326 683 556 725 facultatem
582 683 766 726 trahendi
795 698 905 725 extra
942 685 1075 726 locum
1104 687 1323 736 domicilii,
1355 688 1415 730 vel
1451 702 1589 730 coram

157 742 319 796 judice
312 756 602 800 incompetente
631 743 863 785 debitores
854 758 895 784 in
915 744 1042 785 forma
1063 744 1287 795 Gamerae,
1311 746 1394 803 jam
1418 745 1594 789 diximus

155 817 308 859 supra,
322 801 440 842 deA.
459 801 510 843 C.
533 802 794 844 facultatibus
811 802 1050 857 loquentes

276 862 352 901 Pro
382 861 653 915 exequutione
684 861 905 902 Mandati
896 877 937 902 in
964 862 1047 906 vim
1075 862 1192 904 dictae
1230 861 1497 919 Obligationis
1519 880 1594 920 po-

156 933 230 963 test
262 918 409 962 variari
431 921 481 961 de
513 935 552 962 re
583 921 891 977 adpersonam,
923 933 961 962 et
981 921 1002 963 ὲ
1035 935 1209 963 contra·
1200 953 1211 969 ‚
1248 933 1350 963 itaut
1367 937 1436 978 per
1457 926 1592 966 subse-

154 992 349 1047 quentem
381 979 696 1034 exequutionem
733 980 875 1020 realem
918 994 1002 1021 non
1031 994 1241 1021 censeatur
1263 981 1391 1046 priori
1411 995 1596 1036 exequu-

156 1037 258 1082 tioni
290 1042 598 1087 renunciatum3
632 1053 669 1078 et
705 1039 918 1079 cumulari
924 1052 1092 1094 possunt
1128 1038 1266 1093 vigore
1282 1038 1392 1080 unici
1415 1041 1596 1083 mandati

154 1111 275 1155 super
295 1095 459 1138 dlversis
496 1097 612 1138 bonis
653 1097 820 1138 diversae
858 1097 1177 1151 exequutiones;
1208 1097 1431 1138 dummodo
1462 1112 1594 1142 tamen

155 1171 239 1197 non
266 1155 511 1208 praecesserit
532 1155 668 1195 citatio
692 1156 745 1193 acl
772 1155 976 1195 videndum
996 1155 1211 1195 subhastari
1229 1171 1395 1204 unum,
1422 1157 1483 1198 vel
1503 1158 1598 1199 alte-

154 1227 244 1256 rum
269 1224 317 1251 ex
339 1212 392 1250 bo
398 1210 457 1251 nis
479 1211 721 1264 exequutis.
750 1213 799 1252 Et
826 1211 882 1252 ita
916 1212 1211 1252 consuluerunt
1237 1213 1399 1254 Patroni
1433 1215 1596 1273 Collegii

153 1270 404 1322 ann01695
427 1284 569 1310 eorum
589 1270 755 1324 Voto(1
765 1269 816 1323 ).

270 1327 411 1369 Palatii
443 1327 876 1384 ApostoliciPraefhctus
906 1343 1030 1394 quam
1061 1325 1384 1378 jurisdictionem
1418 1330 1593 1381 habeat,

153 1399 297 1454 praeter
331 1388 434 1426 illam
470 1388 597 1427 eidem
631 1398 926 1439 competentem
946 1403 988 1427 in
1023 1385 1173 1429 Causis
1191 1389 1462 1430 Familiarium
1488 1392 1596 1430 Pon-

153 1446 298 1493 tificis,
325 1445 464 1500 quoad
490 1446 670 1486 Castrum
691 1446 995 1502 Gandulplium‚
1021 1445 1185 1498 liquete
1206 1445 1512 1489 Constitutione
1529 1447 1597 1489 Be-

155 1505 302 1548 nedicti
335 1517 430 1546 χιιι
452 1505 525 1561 (2)

272 1562 518 1618 Perstat-ium,
546 1562 764 1606 admissum
797 1562 1015 1628 praesertim
1033 1564 1075 1606 in
1102 1563 1360 1622 praestatione
1387 1563 1599 1615 iuramen-

155 1622 184 1666 ti
216 1623 291 1665 litis
324 1623 512 1672 decisivi,
532 1624 647 1676 quod
673 1622 718 1663 in
753 1637 867 1679 praxi
899 1637 1178 1690 juramentum
1210 1624 1503 1681 suppletorium
1531 1625 1596 1666 di-

152 1682 289 1732 citur,
316 1682 359 1722 in
379 1681 577 1724 defectum
594 1682 874 1740 probationis,
902 1696 956 1722 an
983 1683 1181 1741 pertineat
1208 1683 1261 1723 ad
1292 1683 1499 1724 materiam
1517 1684 1598 1724 cri-

154 1741 343 1784 ruinalem
360 1770 374 1789 ‚
409 1739 516 1784 itaut
533 1742 829 1786 criminaliter
819 1756 862 1781 in
882 1740 1064 1797 perjuros
1091 1742 1154 1796 agi
1180 1741 1334 1798 possit,
1363 1740 1599 1784 dubitatum

155 1802 208 1842 ab
241 1800 449 1854 aliquibus
476 1800 555 1841 fuit
584 1831 597 1848 ,
624 1815 672 1840 ex
702 1815 752 1841 eo
784 1801 883 1853 quia
903 1802 1183 1856 opinabantur
1201 1832 1216 1865 ’.
1246 1815 1307 1843 sat
1325 1815 1403 1842 esse
1430 1798 1600 1858 perjuris
1662 1819 1665 1822 ·

158 1860 292 1900 Deum
325 1857 494 1899 ultorem
519 1859 694 1898 habere.
721 1858 873 1904 Hinc,
897 1859 974 1899 hoc
1010 1859 1138 1901 dubio
1156 1859 1372 1906 existente,
1408 1872 1494 1898 non
1527 1858 1600 1899 de-

156 1917 297 1964 fuere,
333 1916 470 1970 quiin
506 1915 703 1956 mitiorem
727 1926 881 1971 partem
913 1914 1066 1958 idcirco
1083 1929 1124 1957 se
1157 1915 1412 1958 inclinarunt
1434 1931 1510 1973 pro
1527 1918 1601 1960 ab-

156 1975 338 2039 roganda
373 1975 530 2015 actione
560 1972 785 2014 criminali.
806 1974 863 2014 At
882 1987 1010 2026 quum
1030 1975 1164 2030 praxis
1195 1974 1478 2016 Tribunalium
1509 1976 1600 2031 plu-

156 2034 268 2076 ribus
304 2033 345 2072 in
383 2032 542 2074 casibus
574 2031 688 2073 aliter
706 2032 899 2079 docebat,
930 2034 1144 2075 Praefectus
1179 2032 1222 2072 in
1256 2033 1390 2074 Setina
1422 2033 1600 2076 Circum-

155 2091 371 2149 scriptiom's
400 2104 464 2145 31.
472 2090 654 2145 januarii
678 2093 799 2146 1778.
824 2105 892 2141 per
925 2104 1016 2134 acta
1033 2091 1207 2134 Archivii
1226 2091 1399 2135 decrevit
1419 2106 1492 2149 pro
1512 2106 1600 2148 pro-

157 2167 266 2194 cessu
288 2149 340 2192 ad
372 2149 558 2191 ulteriora
597 2149 638 2190 in
673 2149 1000 2198 Criminalibus3
1030 2163 1068 2190 et
1094 2151 1149 2191 sic
1187 2152 1230 2190 in
1263 2165 1600 2208 contemporanea

158 2210 297 2252 Causa
330 2209 522 2251 Albanen.
538 2207 705 2264 Periuria*
733 2223 802 2266 per
828 2208 968 2249 eadem
1005 2222 1118 2250 acta.
1154 2209 1354 2251 Pendente
1379 2225 1476 2253 vero
1510 2209 1602 2251 Cri·

160 2269 295 2311 minali
327 2285 447 2314 causa
478 2267 646 2325 Perjurii
675 2267 922 2324 supersederi
945 2282 1029 2308 non
1063 2281 1190 2324 potest
1218 2267 1258 2308 in
1290 2282 1410 2310 causa
1441 2268 1601 2318 Civili,

162 2326 275 2385 juxta
317 2327 646 2372 constitutionem
695 2327 809 2368 Pauli
837 2327 887 2370 V.
935 2342 1049 2384 super
1082 2325 1368 2381 Reformatione
1402 2328 1600 2369 Tribuna-

165 2386 259 2429 lium
290 2387 387 2443 (3).
1057 2387 1087 2425 Y
1121 2401 1145 2426 2
1195 2446 1204 2455 ¹
1526 2385 1603 2426 Pe-

210 2515 266 2554 (1)
292 2518 329 2546 ln
346 2517 469 2559 Appen.
492 2526 569 2560 pag.
590 2525 648 2556 42.
689 2513 699 2518 ‘
967 2514 1019 2555 (3)
1045 2512 1076 2555 §.
1099 2522 1151 2543 11.
1181 2513 1219 2544 de
1250 2512 1413 2555 judicibus
1437 2514 1470 2546 in
1496 2512 1606 2546 Causis

211 2560 264 2601 (ι)
289 2560 411 2595 Bullar.
430 2571 505 2594 nov.
530 2569 573 2594 to.
593 2569 734 2606 13.pag-
753 2568 833 2603 344·
925 2559 1081 2593 Civilibus
1103 2569 1192 2592 num.
1211 2566 1263 2598 19.
