1952 3167
399 229 483 286 256
704 227 780 270 DE
811 227 947 277 JURE
976 228 1316 271 SIGNATURAE
1340 229 1604 278 ‘JUSTlTIAE

517 288 662 344 Quum
695 303 838 342 agatur
871 290 919 330 de
939 289 1044 330 adita
1077 290 1291 331 hereditate
1322 306 1415 332 cum
1448 291 1641 333 beneficio
1669 291 1791 351 legis,
1821 309 1859 340 et

400 347 616 391 inventarii
635 379 648 397 ,
673 348 703 389 si
744 348 915 390 existant
947 347 1178 389 Creditores
1216 348 1429 398 defuncti,
1460 364 1543 391 non
1573 352 1718 395 sufficit
1744 353 1858 408 quod

402 407 540 449 haeres
570 407 721 450 dietum
744 408 1016 450 inventarium
1036 407 1249 447 confecerit
1265 436 1277 453 ‚
1291 419 1449 448 tenetur
1470 421 1662 463 quoque,
1680 412 1858 455 instanti-

402 465 479 506 bus
499 466 782 508 Creditoribus
801 497 812 514 ,
833 466 993 505 reddere
1013 466 1206 505 rationem
1225 465 1272 504 de
1302 465 1417 505 bonis
1434 494 1448 514 ,
1469 465 1512 505 in
1548 466 1775 511 inventario
1793 471 1857 513 de·

398 526 581 582 scriptis3
613 526 641 566 si
671 524 803 577 judex
823 535 977 564 censeat
998 522 1195 563 rationem
1225 536 1309 562 non
1328 522 1428 564 bene
1449 521 1567 566 fuisse
1588 526 1803 578 redditam,
1819 542 1857 573 et

400 583 551 626 idcirco
571 583 779 639 procedere
799 581 891 624 velit
929 580 981 621 ad
1002 579 1187 621 ulteriora
1213 596 1285 638 pro
1304 585 1542 624 executione
1577 597 1717 625 contra
1747 587 1856 629 bona

401 642 580 699 propria,
596 656 632 683 et
649 655 861 698 personam
875 639 1080 697 ipsiusmet
1098 641 1251 681 heredis
1268 669 1280 687 ‚
1297 640 1417 683 Tune
1454 642 1562 685 heres
1580 644 1769 687 adversus
1788 647 1861 687 hu-

399 700 577 758 jusmodi
596 700 910 753 exequutionem
931 698 1037 740 adire
1058 712 1181 755 potest
1204 700 1477 757 Signaturam,
1495 717 1598 757 quae
1614 705 1858 746 committere

407 761 523 801 etiam
544 758 935 801 soletCausatn.sir1e
956 757 1197 817 praejudicio
1222 761 1349 815 quoad
1376 760 1471 802 bona
1502 761 1726 804 hereditaria
1745 795 1756 811 ‚
1786 779 1859 820 quo

409 832 498 860 vero
514 820 567 859 acl
585 821 681 861 bona
708 820 864 875 propria
892 817 926 859 .ςὶ
953 818 1045 873 quicl
1060 822 1324 873 exequendum
1346 819 1445 875 (1);
1464 834 1511 861 ex
1540 834 1587 860 eo
1620 822 1717 876 quia
1736 823 1860 864 ratio-

409 877 473 928 nis
489 878 658 916 redditio
694 892 775 916 non
797 880 966 917 habetur
984 891 1057 930 pro
1089 878 1237 926 iudicio
1255 892 1356 917 mere
1381 878 1612 919 ordinario.

501 934 543 971 ln
562 934 691 974 causis
708 947 839 974 tamen
859 932 1139 974 Restitutionis
1160 935 1198 972 in
1219 935 1539 991 inte1grum,quae
1560 951 1580 978 a
1601 938 1866 995 pauperibus,

409 1003 447 1033 et
468 990 755 1033 miserabilibus
787 991 964 1050 personis
994 991 1304 1043 instaurantur,
1333 995 1469 1037 mitius
1494 995 1704 1052 Signatura
1728 1000 1867 1041 rescri-

411 1049 468 1092 bit
486 1081 498 1099 ,
515 1065 607 1092 cum
626 1051 800 1093 clausula
822 1065 987 1106 nempe:
1006 1048 1160 1092 dimissa
1177 1054 1413 1108 possessione
1430 1064 1599 1101 tantum,
1617 1071 1667 1098 ac·
1688 1071 1868 1099 reserva-

410 1108 461 1152 tis
484 1108 681 1164 fructibus
697 1112 924 1167 etexpcznsis
944 1110 1075 1166 infime
1101 1110 1376 1159 lizissconstito
1409 1119 1454 1151 de
1468 1114 1642 1156 Oratoris
1660 1130 1738 1172 pau
1741 1128 1868 1172 perta-

412 1179 447 1209 te
468 1182 479 1217 ;
513 1182 634 1225 prout
661 1171 875 1213 advertunt
898 1169 1075 1212 Vestrius
1091 1169 1163 1224 (2)
1179 1202 1191 1218 .,
1209 1181 1245 1211 et
1272 1170 1528 1227 Ridolpln'nus
1545 1173 1597 1213 Δἰη
1611 1175 1832 1229 praxi›(3)
1856 1189 1868 1224 ;

412 1224 495 1283 ipsa
515 1227 620 1267 enim
645 1228 836 1269 naturalis
856 1228 1036 1283 aequitas
1054 1256 1066 1272 ,
1096 1230 1166 1268 cui
1194 1229 1280 1283 plus
1315 1243 1466 1285 semper
1484 1260 1497 1278 ,
1527 1244 1651 1287 quain
1683 1247 1870 1282 summo,

415 1299 461 1327 ac
479 1286 611 1327 Stricto
641 1286 716 1340 juri
736 1286 1000 1327 tribuendum
1020 1300 1099 1327 esse
1117 1286 1331 1329 prudentes
1347 1303 1570 1330 sanxerunt
1584 1321 1597 1339 ,
1625 1292 1761 1333 mitius
1779 1308 1874 1334 cum

417 1344 663 1397 quibusdam
692 1360 801 1401 agere
830 1345 996 1393 suadet;
1025 1359 1232 1401 eapropter
1260 1361 1343 1387 non
1364 1347 1558 1389 immerito
1579 1348 1628 1389 ita
1652 1350 1871 1407 Signarura

419 1403 499 1459 agit
532 1418 623 1443 cum
656 1404 996 1459 pauperibus,.et
1027 1406 1189 1458 egenis,
1223 1406 1365 1458 quod,
1391 1420 1427 1447 et
1452 1420 1603 1448 caetera
1636 1408 1757 1451 Orbis
1788 1410 1875 1451 Tri-

420 1462 585 1502 bunalia
606 1464 845 1508 observant,
875 1476 1001 1516 quum
1026 1462 1253 1517 quidquam
1285 1478 1332 1505 ex
1362 1465 1448 1505 stilo
1467 1494 1480 1511 ,
1506 1466 1574 1507 vel
1593 1479 1741 1508 statuto
1761 1499 1773 1517 ,
1801 1479 1878 1511 aut

419 1521 611 1577 peculiari
637 1520 845 1562 sanctione
867 1535 887 1560 a
921 1520 1115 1562 similibus
1148 1525 1433 1577 praestandum
1461 1523 1509 1565 sit
1540 1524 1578 1564 in
1598 1539 1846 1569 antecessum
1863 1558 1877 1577 ,

420 1579 500 1620 hoc
525 1592 582 1619 est
605 1579 841 1634 priusquam
859 1580 1058 1620 Sententia
1087 1580 1313 1623 revideatur
1331 1614 1341 1623 .
1358 1585 1423 1623 -lta
1443 1597 1479 1625 et
1496 1582 1539 1623 in
1560 1586 1698 1641 Regno
1714 1586 1880 1643 ‘Neapo-

422 1636 579 1687 litano,
610 1651 653 1680 et
672 1640 899 1694 praesertim
929 1639 969 1678 in
990 1640 1026 1679 S.
1053 1640 1176 1696 Regio
1198 1639 1424 1691 Consilio,
1457 1658 1487 1683 s1
1520 1644 1566 1683 de
1597 1642 1764 1694 judicati
1792 1646 1881 1686 nul-

422 1696 530 1737 litate
565 1696 782 1740 dicendum
798 1697 873 1745 sit,
908 1696 1118 1750 cujusdam
1145 1713 1321 1740 summae
1355 1701 1608 1756 depositioin
1631 1719 1879 1747 antecessum

422 1753 607 1795 facienda
639 1767 722 1803 est3
751 1759 801 1795 ab
820 1771 866 1796 eo
884 1768 1017 1797 tamen
1036 1771 1155 1797 onere
1183 1759 1444 1799 sublevantur
1464 1759 1489 1798 ii
1511 1788 1523 1807 ,
1557 1762 1627 1816 qui
1644 1776 1878 1821 paupertate

423 1813 575 1870 pressi,
611 1829 655 1856 ac
682 1813 798 1855 bonis
816 1814 995 1863 evoluti,
1028 1828 1167 1855 eorum
1200 1830 1476 1873 paupertatem
1511 1820 1811 1873 demonstrant3
1841 1834 1883 1864 et

423 1873 467 1912 in
497 1873 657 1914 caeteris
685 1873 807 1922 locis,
838 1875 908 1916 ubi
929 1888 1012 1915 mos
1032 1874 1090 1915 ille
1122 1874 1292 1918 invaluit
1309 1877 1536 1933 deponendi
1554 1883 1767 1936 pecuniam
1790 1910 1802 1927 ‚
1826 1891 1882 1921 ut

426 1931 547 1988 possit
566 1933 615 1972 ad
637 1947 845 1988 supremos
876 1933 1038 1986 Judices
1054 1933 1101 1974 de
1124 1933 1260 1989 aliqua
1277 1936 1483 1979 Sententia
1503 1939 1711 1995 provocari
1732 1969 1744 1986 ‚
1763 1952 1879 1993 vquae

428 1989 575 2031 dicitur
615 1991 787 2047 pecunia
827 1992 1155 2034 succumbentiae
1189 2022 1201 2040 ‚
1238 2009 1359 2050 prout
1396 2010 1453 2038 est
1487 1999 1528 2037 in
1561 1998 1771 2038 Germania
1797 2026 1808 2043 ,
1840 1997 1883 2037 in

428 2047 647 2091 Provinciis
676 2051 932 2108 Mongtinis
961 2079 973 2096 ,
1006 2050 1191 2090 Prassicis
1221 2077 1234 2095 ,
1261 2053 1449 2092 Palatinis
1483 2080 1496 2098 ‚
1527 2052 1725 2096 Hassiacis
1761 2085 1775 2104 ,
1806 2067 1879 2096 etc.

429 2120 623 2161 pauperes
653 2109 704 2148 ab
729 2123 781 2146 eo
799 2120 918 2147 onere
939 2107 1126 2159 tantisper
1145 2105 1339 2147 immunes
1364 2123 1460 2151 sunt
1476 2142 1490 2159 ,
1513 2112 1612 2152 dum
1638 2113 1697 2155 vel
1720 2116 1885 2157 victoria

430 2163 636 2219 potiantur
654 2192 667 2209 ,
686 2163 753 2206 ,vel
769 2178 881 2205 secus
897 2193 910 2212 ,
925 2163 960 2205 εἰ
981 2163 1032 2204 ad
1048 2163 1249 2213 meliorem
1266 2167 1472 2209 fortunam
1491 2184 1755 2226 perveniant,
1785 2190 1887 2215 con-

1827 2248 1890 2275 νι-

747 2293 1215 2306 ————

474 2349 528 2389 (1)
555 2350 688 2390 cappae.
714 2359 808 2391 prax.
821 2351 975 2392 judc'ciar·
992 2361 1061 2395 cap.
1080 2360 1112 2392 4·

1205 2354 1258 2392 (2)
1283 2356 1348 2388 Lib.
1368 2357 1398 2388 8.
1426 2368 1493 2401 cap.
1509 2369 1535 2400 3.
1558 2371 1587 2390 n.
1610 2369 1661 2391 12.
1676 2363 1709 2391 in
1720 2360 1838 2403 praxi.

431 2391 468 2425 de
484 2393 600 2440 judicio
614 2398 803 2437 exequutivo
816 2417 824 2426 .

1207 2399 1399 2441 (3)*l,'ar.1.
1421 2415 1493 2452 cqp.
1520 2413 1570 2448 13.
1591 2416 1623 2436 n.
1639 2407 1728 2449 446.
