1952 3167
328 303 416 361 278
593 298 674 342 DE
703 298 842 348 JURE
875 296 1217 342 SIGNATURAE
1248 295 1506 346 JUSTlTlAE

332 364 378 406 lis
395 391 409 410 ,
441 373 479 404 et
497 359 737 418 appellabilis
754 390 766 408 ‚
801 358 861 402 vel
881 358 1126 413 exequutiva
1148 387 1160 406 ‚
1192 370 1230 400 et
1243 357 1376 410 Judex
1402 372 1422 399 a
1443 372 1527 413 quo
1544 359 1801 414 gravaverit,

330 424 543 481 Signatura
561 451 573 469 ,
588 418 682 460 nihil
698 419 743 459 de
764 418 1037 460 moderatione
1054 417 1303 472 ‚responditz
1328 418 1488 458 demum
1504 417 1534 457 si
1553 417 1655 458 idem
1675 418 1802 459 Audi-

330 495 395 524 tor
424 481 643 527 Gamerae,
674 477 735 520 vel
768 477 872 519 illius
907 478 1240 518 Lucumtenentes
1271 476 1368 515 male
1400 475 1595 516 moderati
1629 475 1803 520 fuissent

330 539 631 587 inhibitionem,
650 537 867 593 Signatura
899 534 1099 583 rescribit,
1116 546 1161 574 ut
1176 533 1278 573 illam
1296 533 1507 589 reintegret
1522 563 1534 582 ,
1555 547 1602 574 ex
1619 548 1667 574 eo
1690 535 1803 590 quia,

320 614 443 642 causa
458 630 470 648 ,
489 611 628 653 nempe
646 625 658 643 ,
676 609 760 637 erat
778 593 1020 650 appellabilis
1035 621 1047 639 ,
1062 592 1124 633 vel
1143 591 1315 634 debebat
1337 592 1379 632 in
1396 593 1527 634 Curia
1547 595 1760 647 cognosci.

450 660 494 699 ln
529 656 675 698 eodem
709 655 947 709 Signaturae
979 651 1202 694 Tribunale
1235 650 1477 707 proponitur
1513 666 1699 694 recursus
1727 667 1802 708 pro

333 715 595 773 deputatione
627 713 787 755 alterius
819 711 971 758 judicis
1003 711 1195 752 inlocum
1230 711 1399 766 suspecti
1429 710 1605 767 allegati;
1642 723 1680 752 et
1709 711 1801 754 licet

331 776 416 817 talis
450 774 628 832 allegatio
658 770 896 828 suspicionis
919 770 1072 823 Judicis
1101 769 1294 811 ordinarii
1323 770 1570 812 admittenda
1597 785 1681 811 non
1704 783 1802 814 esset

329 836 482 887 absque
510 831 740 875 rationabili
759 842 879 872 causa
903 858 915 875 ,
942 843 1072 871 tamen
1111 829 1151 869 in
1177 828 1306 870 Curia
1325 843 1475 886 semper
1495 830 1644 884 absque
1677 843 1801 871 causa

329 893 553 934 admittitur
571 921 583 939 ‚
614 890 781 945 quando
799 890 932 930 Partes
957 889 998 928 in
1034 903 1081 929 eo
1100 903 1182 928 non
1200 888 1474 936 conveniant,
1504 901 1541 928 et
1572 887 1617 928 lis
1648 902 1732 928 non
1749 887 1800 930 sit

326 948 528 990 >instructa
548 965 560 997 3
598 949 700 988 itaut
719 948 750 986 si
771 947 965 1000 allegatur
981 960 1190 1002 suspectus
1209 945 1508 986 Locumtenens
1540 944 1590 984 ΑΕ
1616 944 1693 995 C.,
1726 957 1800 987 aut

330 1006 421 1047 Esni
450 1006 603 1047 Vicarii
625 1034 636 1050 ‚
662 1004 877 1060 signatura
909 1015 1008 1045 tunc
1025 1003 1233 1045 rescribere
1250 1003 1346 1044 solet
1363 1035 1375 1053 ,
1394 1006 1495 1046 ΕΓήο
1519 1002 1675 1046 Vicario
1694 1036 1707 1053 ,
1737 1003 1802 1046 vel

328 1068 380 1108 A.
405 1064 448 1106 C.
471 1093 483 1111 ‚
514 1064 582 1122 qui
599 1062 719 1105 alium
737 1065 892 1118 deputet
911 1077 921 1104 ε
958 1063 988 1105 si
1007 1078 1102 1105 vero
1134 1062 1270 1115 Judex
1288 1076 1496 1118 suspectus
1518 1063 1715 1119 delegatus
1732 1062 1798 1111 sit,

329 1139 413 1167 non
435 1124 690 1171 ordinarius,
723 1121 932 1171 rescribit,
968 1136 1013 1164 ut
1044 1138 1159 1166 causa
1194 1122 1462 1164 committatur
1493 1122 1612 1164 alteri
1628 1138 1709 1164 ηοη
1737 1137 1801 1164 su-

330 1194 455 1240 specto
470 1213 482 1232 ,
506 1185 567 1225 vel
578 1182 700 1224 alium
719 1183 878 1237 deputet
898 1181 937 1223 iu
955 1192 1057 1223 statu
1075 1213 1086 1230 ,
1116 1191 1154 1222 et
1173 1181 1350 1222 terminis
1372 1183 1445 1238 (1)
1463 1213 1472 1222 .
1495 1179 1669 1223 Effectus
1687 1181 1799 1230 enim

330 1243 457 1298 hujus
476 1242 690 1290 clausulae,
707 1240 747 1281 in
762 1253 865 1280 statu
886 1269 896 1285 ‚
926 1255 961 1282 et
975 1240 1147 1281 terminis
1160 1240 1214 1287 ,is
1232 1254 1289 1281 est
1308 1269 1320 1286 ‚
1340 1255 1384 1282 ut
1403 1255 1499 1281 tunc
1524 1241 1660 1281 omnia
1690 1253 1797 1287 acta,

327 1301 431 1343 faeta
458 1313 552 1342 ante
580 1299 882 1356 deputationem
904 1298 1259 1345 alteriusjudicis,
1293 1312 1527 1339 remaneant
1558 1299 1698 1348 firma;
1729 1298 1799 1356 ju-

328 1374 398 1402 xta
431 1373 603 1402 mentem
625 1361 744 1402 Rotae
762 1357 862 1414 (2);
885 1356 1069 1400 etdiffe1t
1095 1373 1117 1399 a
1138 1356 1400 1414 deputatione
1433 1358 1594 1399 alterius
1625 1357 1798 1404 judicis,

330 1433 435 1473 quae
458 1419 510 1460 vfit
539 1434 562 1460 a
587 1419 799 1473 Signatura
819 1432 866 1458 ex
888 1417 1042 1472 integro
1066 1432 1077 1465 ;
1107 1429 1208 1458 tunc
1244 1418 1350 1456 enim
1379 1416 1514 1457 omnia
1535 1429 1640 1471 gesta
1659 1430 1797 1457 coram

329 1475 494 1525 Iudice,
530 1476 693 1531 allegato
720 1487 932 1529 suspectO,
962 1476 1082 1517 habet
1107 1475 1169 1515 illa
1207 1489 1280 1531 pro
1313 1474 1649 1531 circumscriptis,
1684 1489 1729 1517 ac
1761 1475 1794 1517 si

329 1535 436 1578 facta
461 1550 547 1576 non
566 1547 693 1576 essent
724 1533 797 1589 (3)
817 1563 826 1572 .

450 1593 606 1649 Operae
637 1592 810 1648 pretium
856 1591 920 1633 hic
957 1590 1030 1632 erit
1062 1605 1256 1648 quaerere
1287 1623 1300 1641 ,
1351 1591 1561 1648 quomodo
1591 1590 1796 1635 Tribunal

329 1653 412 1694 hoc
431 1666 470 1693 se
508 1664 620 1708 gerat
651 1650 693 1691 in
720 1649 1086 1692 Commissionibus
1134 1665 1350 1692 causarum
1382 1650 1666 1693 miserabilium
1693 1683 1706 1701 ,
1753 1663 1795 1694 et

328 1726 557 1769 pauperum
577 1740 586 1751 .
621 1708 812 1751 Constito
829 1708 938 1750 enim
961 1711 1008 1750 de
1026 1723 1281 1766 paupertate,
1302 1724 1359 1752 ac
1373 1712 1483 1752 bono
1497 1708 1584 1761 jure
1604 1710 1701 1752 solet
1716 1725 1791 1766 ap-

330 1785 480 1827 ponere
515 1769 733 1811 clausulam
759 1800 773 1819 ,
803 1769 1100 1810 subministratis
1130 1768 1320 1810 alimentis
1340 1797 1352 1813 ‚
1385 1783 1434 1810 ac
1449 1768 1661 1824 sumptibus
1688 1767 1796 1819 litis;

331 1830 617 1886 aequissimum
645 1828 753 1869 enim
784 1827 825 1868 id
844 1841 927 1873 est,
962 1828 992 1868 εὰ
1012 1828 1249 1883 Signaturae
1284 1827 1486 1870 Tribunal
1518 1828 1572 1868 ita
1601 1827 1797 1870 rescribe-

331 1904 374 1931 re
393 1890 545 1940 soleat,
564 1903 660 1930 nam
679 1885 771 1929 alias
788 1886 899 1929 facile
918 1886 1094 1929 accidere
1115 1900 1273 1943 posset,
1294 1901 1340 1928 ut
1357 1885 1537 1928 destituti
1558 1887 1732 1944 pecunia
1751 1886 1794 1928 in

331 1946 421 2000 jure
440 1964 516 1990 suo
548 1948 831 2005 persequendo
859 1947 1147 2004 impedirentur
1168 1977 1176 1986 .
1213 1947 1358 2003 Quum
1393 1961 1490 1990 vero
1523 1960 1608 1987 non
1639 1946 1732 1988 satis
1751 1945 1794 1986 li-

333 2021 480 2063 queat,
512 2022 564 2048 an
582 2008 632 2050 sit
649 2008 758 2048 locus
791 2006 1071 2048 alimentorum
1103 2006 1396 2063 praestationi,
1424 2006 1578 2061 delegat
1593 2003 1791 2060 cognitio-

335 2080 430 2107 nem
468 2066 602 2120 Judici
617 2097 630 2115 ,
661 2080 796 2109 coram
826 2082 910 2120 quo
928 2066 1074 2122 pendet
1100 2065 1240 2107 Causa
1257 2097 1270 2114 ,
1302 2065 1455 2120 adjecta
1474 2063 1649 2105 clausula
1670 2092 1683 2111 ‚
1700 2075 1786 2103 cum

328 2123 518 2175 facultate
548 2125 871 2167 subministrmzcli
884 2126 1070 2164 alimenta
1087 2152 1100 2168 ,
1130 2134 1166 2162 et
1179 2132 1358 2173 sumptus
1375 2122 1452 2161 litis
1480 2150 1494 2169 ,
1525 2121 1711 2168 observat
1737 2122 1787 2161 cle

334 2183 440 2223 Luca
458 2183 554 2238 (4);
575 2185 635 2225 vel
655 2198 701 2223 ut
715 2182 832 2221 hodie
851 2181 1035 2220 usitatius
1068 2191 1151 2227 est,
1171 2178 1477 2220 subministratis
1488 2178 1606 2220 scutis
1627 2180 1682 2220 N.
1700 2194 1712 2228 ;
1744 2179 1788 2221 id

330 2253 466 2282 tamen
487 2241 700 2297 praesefert
715 2238 890 2281 clausula
903 2270 914 2287 ,
929 2236 1230 2279 subministratis
1247 2237 1443 2279 alimentis
1461 2267 1474 2285 ‚
1503 2252 1552 2278 ac
1569 2239 1786 2295 sumptibus

330 2298 411 2340 litis
431 2330 445 2348 ,
486 2299 672 2347 utjudex
705 2299 838 2354 vigore
867 2297 952 2338 talis
972 2296 1278 2337 Com:nissionis
1312 2296 1453 2340 debeat
1483 2297 1525 2337 in
1545 2298 1713 2354 primis,
1745 2311 1784 2341 et

333 2371 425 2400 ante
455 2359 593 2400 omnia
625 2358 838 2399 decernere
870 2370 1062 2410 expensas
1081 2386 1093 2402 ,
1125 2368 1162 2397 et
1177 2368 1362 2412 sumptus
1395 2356 1503 2406 litis;
1554 2358 1584 2397 si
1604 2372 1701 2400 vero
1720 2356 1784 2399 Si-

328 2430 502 2473 gnatura
537 2415 778 2474 rescripserit
807 2445 821 2464 ‚
863 2413 1167 2457 subministratis
1205 2414 1384 2472 expensis
1418 2416 1583 2459 arbitrio
1615 2418 1739 2460 Rotae
1766 2444 1782 2464 ‚

1678 2489 1777 2518 tunc

848 2544 1002 2558 -—

335 2550 378 2559 -ν
536 2550 562 2561 κ
1472 2546 1782 2561 ι-*ι-Ι

384 2576 440 2616 (x)
465 2579 500 2608 In
517 2577 608 2607 Relat
621 2579 719 2608 Cariae
730 2577 805 2610 disc.
822 2585 860 2616 ³1
889 2575 974 2614 n,43.
990 2584 1043 2613 49.
1136 2575 1190 2614 (4)
1214 2577 1261 2606 De
1275 2575 1407 2612 judiciis
1421 2575 1489 2608 disc
1513 2586 1590 2614 141.
1605 2586 1639 2608 n.
1657 2586 1688 2615 ς.
1703 2581 1734 2606 et
1746 2574 1781 2606 in

382 2623 437 2658 (2)
460 2623 562 2654 Decis.
579 2630 643 2652 222
664 2632 695 2652 n.
717 2631 755 2661 13
776 2630 849 2663 par.
865 2622 1042 2654 manent.
1089 2619 1190 2655 Relat.
1206 2621 1305 2655 euriae
1319 2621 1466 2665 disc-31.
1482 2632 1514 2655 n.
1524 2629 1579 2662 29.

379 2666 437 2709 (ς)
461 2668 601 2706 Gratiam.
611 2675 677 2711 cap.
689 2676 766 2710 734.
779 2675 843 2699 n-z.
1446 2670 1452 2673 ’
