1952 3167
271 316 340 357 196

272 362 400 404 judicis
417 362 584 398 recusatio
602 362 775 409 quomodo
791 363 845 397 fiat
861 387 870 402 ‚
892 371 926 397 et
939 361 1008 397 ele-

371 413 440 446 ctio
455 413 614 447 alterius.
643 416 705 457 76.
735 413 772 447 ad
801 423 860 457 77.

274 460 405 501 ,iudicia
439 462 646 505 posse-scoria
673 472 833 507 quaenam
864 460 955 497 sint,
982 467 1015 494 et

370 520 473 553 qnare
492 509 672 545 interdicta
685 510 851 554 appellata
868 508 1015 542 fuerint.

372 560 454 591 260.
483 560 521 590 ad
542 561 621 591 261.

324 606 434 652 praxis
454 606 650 651 Signaturae
666 605 774 650 quoad
803 602 966 647 rescripta
981 602 1012 635 in

378 655 494 689 iisdem
523 654 658 694 judiciis
675 677 684 687 .
701 652 747 686 ibi
760 675 770 685 .

333 703 510 738 executiva
542 715 625 749 quae
652 701 830 735 ditantur.
863 702 946 741 265.
975 700 1014 734 ad

379 755 460 786 266.

323 802 502 846 quomodo
518 801 547 835 in
567 800 605 835 iis
621 800 797 846 signatura
829 796 990 832 rescribat
1003 822 1015 833 .

373 850 421 885 ibi
437 874 446 884 .
714 873 718 877 -

276 898 438 939 judicum
482 896 810 931 commissariorum
842 893 954 937 praxis
982 893 1013 928 in

376 944 458 979 actis
477 944 742 984 judicialibus&
756 942 929 979 sententiis
943 944 1015 984 .69.

324 993 502 1028 citationes
536 1004 649 1027 coram
678 993 803 1027 eisdem
838 992 1015 1038 quomodo

378 1042 448 1077 fieri
466 1043 610 1076 debeant
627 1065 635 1075 .
667 1045 724 1082 65.

324 1090 458 1136 quando
474 1103 592 1126 eorum
608 1089 802 1131 jurisdictio
820 1097 938 1124 cesset.
958 1089 1018 1122 66.

329 1139 489 1175 Notarius
503 1163 513 1179 ,
533 1139 602 1174 sive
623 1139 791 1174 actuarius
822 1139 1019 1172 eorumdem

379 1188 516 1233 quinam
532 1189 574 1223 sit
588 1212 597 1222 .
619 1192 678 1231 69.

329 1236 514 1272 Audientia
542 1237 666 1282 quibus
683 1236 800 1270 diebus
829 1236 1016 1274 habeatur,

377 1295 410 1320 et
432 1299 517 1332 quae
546 1284 656 1331 praxis
671 1285 711 1320 ab
729 1284 845 1319 iisdem
863 1293 1017 1319 servetur

378 1334 410 1368 in
427 1335 532 1370 causis
550 1334 765 1378 expediendis
784 1357 793 1367 .
824 1344 877 1377 71.
897 1336 935 1368 ad
954 1345 1014 1377 72.

325 1383 520 1425 iurisdictio
536 1385 670 1430 quando
687 1391 863 1417 censeatur
874 1384 1012 1417 firmata.

383 1435 442 1475 69.
770 1470 776 1476 ,

279 1480 466 1521 juramenti
497 1480 665 1520 formula,
702 1480 893 1525 praestandi
915 1492 933 1514 a
953 1480 1017 1514 Re-

374 1528 570 1563 ferendariis
585 1551 595 1561 .
623 1539 684 1572 40.

677 1623 702 1657 L

287 1724 440 1759 Laudum
461 1723 651 1769 quotuplex
666 1722 734 1761 sit,
763 1728 797 1755 et
809 1732 826 1756 a
843 1732 910 1765 quo
924 1720 1023 1755 detur

387 1771 567 1818 appellatio
586 1795 595 1805 .
629 1781 704 1815 132.

279 1822 484 1857 Lauretanae
501 1819 660 1854 Civitatis
676 1844 686 1859 ,
716 1827 748 1852 et
764 1819 798 1852 S.
817 1818 949 1852 Domus
969 1820 1024 1858 ju-

388 1869 539 1904 risdictio
555 1892 563 1902 .
593 1870 673 1914 164.
688 1871 727 1901 ad
746 1870 826 1910 165.

285 1919 487 1964 Legationes
527 1916 782 1951 Provinciamm
821 1915 1023 1951 Pontificiae

380 1966 519 2002 ditionis
542 1967 716 2010 quomodo
744 1973 881 2001 utantur
908 1964 1026 2010 Signa·

383 2025 458 2051 tura
474 2016 506 2050 in
522 2024 639 2050 ventre
656 2038 666 2048 .
701 2018 780 2058 165.
797 2014 836 2048 ad
851 2015 926 2047 166.

334 2064 517 2099 discrimen
533 2063 621 2098 inter
641 2064 851 2110 Signaturam
868 2060 1026 2103 justitiae

382 2122 416 2148 et
431 2113 627 2148 earumdem
647 2113 859 2160 Signaturam
878 2134 887 2144 .
905 2110 952 2144 tbi
965 2133 975 2144 .

334 2162 570 2203 Romandiolae
597 2161 692 2196 stilus
724 2159 888 2196 retinendi
908 2170 1022 2193 causas

385 2220 505 2253 parvae
527 2222 678 2244 summae
693 2210 725 2243 in
753 2210 823 2253 ipsa
841 2207 948 2242 Curia
965 2206 1025 2240 im-

384 2257 547 2300 probatus
566 2280 576 2287 .
607 2255 654 2288 ibi
670 2279 680 2287 .

343 2302 536 2338 Camerales
554 2301 728 2336 citationes
746 2301 777 2336 in
810 2299 907 2335 dictis
926 2300 1028 2346 Lega-

387 2351 534 2386 tionibus
552 2351 686 2396 quando
703 2350 922 2385 attendendae
937 2349 1024 2385 sint.

292 2401 389 2447 Legis
403 2401 515 2436 unicae
528 2399 747 2445 privilegium
763 2399 896 2445 quando
910 2397 1025 2434 locum

393 2450 539 2484 habeat·
576 2450 658 2494 167.
678 2450 716 2483 ad
739 2450 820 2484 168.

344 2499 401 2534 De
419 2498 530 2532 Leone
559 2497 702 2538 joannes
721 2496 886 2532 Xaverius
903 2520 912 2538 ,
928 2496 1027 2531 Aria-

395 2546 503 2583 nensis
520 2568 530 2586 ,
561 2546 712 2583 Auditor
727 2544 916 2594 Cardinalis
943 2545 1027 2582 Lau-

842 313 1089 348 INDEX
1140 314 1200 349 Π.

1159 359 1256 397 rentii
1271 360 1406 395 Corsini
1424 358 1571 395 Prafecti
1585 358 1792 404 Signaturae‚

1159 410 1281 445 deinde
1297 409 1471 444 Pontificis
1485 410 1546 444 sub
1564 410 1700 442 nomine
1715 410 1796 444 Cle<

1166 458 1285 492 mentis
1304 467 1370 489 χιι.
1385 478 1394 488 .
1427 459 1481 490 16.

1064 505 1212 539 Licentia
1228 507 1268 538 de
1291 504 1462 538 redeundo
1491 505 1530 538 ad
1545 503 1673 546 plenam
1692 504 1802 549 Signa-

1165 563 1271 587 turam
1289 551 1421 598 quando
1435 576 1445 592 ,
1478 560 1511 585 et
1540 552 1713 595 quomodo
1729 553 1799 587 dari

1163 600 1266 635 soleat
1280 625 1289 634 .
1318 603 1378 641 98.

1117 649 1262 685 formula
1282 648 1453 683 citationis
1482 649 1520 682 ad
1541 649 1725 684 videndum
1744 650 1803 685 im-

1143 698 1281 744 -partiri
1296 697 1418 732 dictam
1435 696 1603 733 licentiam
1624 723 1633 733 .
1652 697 1700 733 ibi
1713 723 1722 733 .
1740 711 1801 743 99.

1169 759 1181 783 1
1195 757 1251 790 13.
1268 755 1300 781 et
1316 758 1329 781 1
1344 757 1399 793 ¹4·

1114 794 1360 842 supersessoria
1385 796 1425 829 ad
1455 794 1611 829 effectum
1640 797 1800 833 redeundi

1166 855 1324 879 concessa
1341 844 1380 878 ad
1400 843 1564 878 Auditore
1582 844 1745 879 Praefecti
1763 858 1801 880 an

1166 894 1208 928 sit
1224 893 1375 939 legitima
1392 916 1401 926 .
1432 904 1445 926 1
1458 904 1511 940 14.

1066 941 1292 988 Litigantium
1311 940 1481 975 temeritas
1513 941 1690 986 quomodo
1709 952 1804 978 coer-

1167 1000 1304 1026 ceatur.
1333 990 1411 1024 vide
1436 989 1711 1024 succumbentiae
1748 1003 1805 1036 pe.

1169 1051 1269 1074 cunia
1284 1062 1294 1078 ,
1309 1047 1342 1072 et
1361 1048 1442 1083 257.

1070 1088 1178 1124 Locus
1195 1094 1385 1122 contractus
1404 1110 1414 1125 ‚
1430 1099 1468 1122 an
1484 1086 1664 1128 domicilii,
1683 1087 1737 1122 vel
1753 1100 1802 1123 so-

1170 1137 1308 1172 lutionis
1332 1135 1506 1180 eligendus
1524 1135 1569 1170 sit
1583 1138 1622 1170 ad
1640 1137 1808 1174 actionem

1171 1187 1202 1221 in
1232 1183 1370 1226 Judicio
1399 1187 1664 1230 promovendam
1678 1209 1688 1219 .
1723 1187 1807 1221 168.

1166 1235 1205 1270 ad
1225 1237 1305 1277 169.

1428 1333 1463 1369 Μ

1068 1429 1305 1467 Maceratensis
1327 1429 1515 1475 Episcopus
1545 1430 1722 1477 quomodo
1757 1428 1810 1464 uti

1170 1479 1276 1525 possit
1305 1479 1542 1518 iurisdictione
1571 1478 1780 1514 cumulativa
1799 1499 1811 1509 .

1176 1531 1257 1569 169.

1073 1576 1224 1621 Magistri
1240 1574 1422 1615 justitiarii
1437 1584 1598 1617 quaenam
1615 1573 1660 1607 sit
1673 1573 1806 1613 jurisdi-

1171 1623 1239 1657 ctio
1254 1646 1262 1660 ‚
1293 1630 1325 1656 et
1342 1621 1382 1655 ab
1400 1631 1441 1654 eo
1475 1621 1515 1655 ad
1543 1633 1645 1668 quem
1666 1620 1815 1666 appella-

1172 1679 1250 1704 tur.
1289 1673 1370 1711 169.

1073 1718 1236 1766 Magistri
1250 1718 1363 1764 legum
1381 1718 1516 1762 quinam
1537 1719 1601 1753 sint
1616 1719 1648 1754 in
1664 1720 1814 1759 iureKo-

1175 1779 1272 1802 mano
1286 1790 1297 1807 ,
1325 1775 1357 1801 et
1377 1769 1466 1811 apud
1482 1767 1598 1802 Gallos
1616 1791 1628 1803 .
1660 1779 1716 1812 33.

1076 1818 1232 1853 Mandata
1247 1818 1287 1850 de
1305 1816 1552 1851 manutenendo
1578 1816 1610 1851 in
1632 1817 1813 1851 Beneficia-

1172 1865 1423 1904 libus‚relaxata
1437 1867 1476 1900 ab
1491 1865 1582 1899 A.C.
1593 1867 1814 1910 eiusdemque

1175 1913 1592 1953 Locumtenentibus‚cum
1603 1927 1667 1959 qua
1681 1913 1816 1950 clausu-

1131 1985 1134 1988 ‹
1175 1964 1205 1998 la
1232 1963 1442 2008 aSignatura
1467 1963 1819 1999 circumscribantur.'

1178 2013 1247 2048 280
1261 2013 1301 2046 ad
1326 2013 1407 2046 281.
1513 2039 1517 2044 .

1126 2061 1284 2097 adversus
1298 2062 1386 2095 bona
1412 2061 1614 2097 hereditaria
1632 2085 1642 2098 .
1670 2061 1724 2096 vel
1739 2063 1819 2106 prol

1173 2110 1270 2156 pria,
1300 2117 1333 2144 et
1346 2120 1518 2155 personam
1549 2109 1681 2144 heredis
1708 2119 1816 2153 quan-

1172 2160 1217 2193 do
1249 2158 1464 2196 relaxentur,
1501 2167 1534 2192 et
1569 2157 1744 2201 quomodo
1780 2155 1813 2190 in

1173 2217 1253 2239 casu
1284 2204 1518 2249 appellationis
1557 2205 1734 2249 Signatura
1766 2215 1816 2239 re-

1174 2253 1327 2287 scribat.
1357 2253 1438 2287 282.
1469 2254 1510 2286 ad
1539 2253 1622 2296 283.

1080 2304 1201 2336 Manus
1232 2300 1336 2348 Regia
1366 2301 1499 2342 judicis
1526 2301 1616 2337 Laici
1644 2301 1818 2346 quomodo

1179 2350 1375 2395 exequenda
1406 2349 1451 2385 sit
1469 2359 1584 2385 contra
1614 2348 1818 2385 Clericum.

1182 2409 1263 2446 143.
1289 2400 1328 2433 ad
1348 2409 1431 2445 144.

1127 2458 1191 2483 non
1222 2449 1323 2482 datur
1336 2459 1399 2493 pro
1414 2446 1552 2481 decimis
1570 2470 1579 2481 .
1615 2448 1698 2489 169.

1078 2496 1243 2532 Marinius
1260 2496 1440 2536 Caietanus
1459 2520 1470 2535 ‚
1487 2495 1641 2532 Archivii
1666 2495 1819 2531 Vaticani

1175 2545 1368 2581 Praefectus
1384 2543 1561 2586 ,laudatur
1579 2569 1589 2580 .
1627 2556 1683 2593 14.
1733 2589 1770 2625 M

1163 2613 1167 2615 r
1773 2602 1819 2626 as‘
