1993 3195
546 1318 581 1367 2⁷,
629 1318 835 1375 lgnaturae
868 1316 1255 1364 Justitiae'l'ribunal
1283 1333 1366 1374 quo
1392 1319 1567 1370 ordine,·

557 1427 563 1430 ⁷
644 1393 775 1432 quave
806 1378 997 1420 methodo
1027 1392 1186 1436 regatur
1205 1379 1295 1428 ,vel
1311 1378 1533 1422 Tironibus
1553 1410 1566 1429 ‚

512 1491 516 1495 ἱ
567 1442 583 1479 1³¹}
644 1437 740 1477 huic
773 1453 811 1478 se
847 1438 1186 1480 committentibus
1219 1438 1377 1495 negotio
1411 1469 1423 1487 ‚
1465 1439 1567 1481 adeo

479 1507 584 1555 ‘ml’
644 1510 764 1553 captu
799 1496 955 1538 difficile
989 1497 1170 1539 redditur
1188 1529 1200 1546 ‚
1232 1511 1279 1539 ut
1302 1496 1426 1540 veluti
1451 1497 1566 1539 illuni

499 1549 501 1558 ¹
519 1556 523 1570 t
577 1553 585 1565 ν,

646 1569 759 1597 nocte
791 1571 859 1613 per
884 1557 1144 1599 vastissimam
1183 1556 1570 1607 Constitutionum‚

646 1614 911 1656 Decretorum
931 1645 943 1663 ‚
961 1616 1065 1666 stili,
1099 1631 1143 1659 ac
1163 1615 1471 1658 consuetudinis
1501 1616 1569 1657 sil-

554 1716 560 1732 '3
645 1689 735 1715 vam
767 1675 820 1716 ire
855 1675 981 1717 coacti
1002 1708 1014 1725 ‚
1048 1675 1294 1717 fastidientes
1333 1674 1567 1732 refugiant;

513 1730 518 1739 ν
544 1729 585 1785 [fif
645 1733 705 1776 vel
731 1736 781 1776 ab
802 1734 885 1775 aliis
905 1748 1064 1776 tantum
1090 1737 1227 1784 abest,
1250 1734 1363 1791 quod
1384 1735 1571 1790 longaevo

119 1822 129 1828 s
256 1826 259 1827 γ
284 1826 287 1828 ,
469 1803 535 1828 52<
646 1808 722 1834 usu
756 1809 856 1848 pene
887 1807 1092 1850 gustetur,
1122 1807 1167 1835 ut
1196 1793 1356 1836 eveniat
1385 1793 1573 1846 aliquan-

76 1849 130 1890 do
155 1880 165 1894 ‚
198 1850 316 1899 quod
339 1864 384 1889 ea
406 1879 421 1897 ‚
449 1863 543 1903 quae
571 1850 614 1887 in
632 1850 832 1903 aliquibus
859 1863 1005 1892 statuta
1038 1863 1135 1892 -sunt
1169 1849 1334 1905 negotiis
1359 1879 1372 1897 ‚
1409 1851 1461 1890 ad
1492 1851 1575 1893 dis-

73 1906 216 1949 similes
243 1906 392 1961 species
412 1936 424 1954 ,
457 1920 502 1946 ae
518 1907 764 1959 quaestiones
797 1908 1057 1948 obvenientes
1090 1908 1318 1964 protrahere
1352 1909 1571 1961 studeant,

73 1964 305 2008 medullitus
334 1963 630 2012 institutionis,
655 1962 826 2020 ipsiusve
856 1964 930 2005 stili
952 1980 1092 2007 causas
1122 1965 1360 2022 neutiquam
1394 1968 1576 2011 animad-

73 2025 290 2075 vertendo;
309 2037 516 2081 eapropter
535 2022 667 2065 litibus
685 2022 813 2064 solent
832 2023 1001 2072 addere,
1020 2038 1057 2066 et
1090 2040 1325 2068 coacervare
1345 2026 1451 2076 lites,
1472 2027 1574 2072 itaut

75 2084 282 2141 negotium
323 2084 456 2139 ipsum
489 2082 832 2125 circumveniatur
865 2097 1045 2140 persaepe
1083 2084 1294 2126 inutilibus
1319 2116 1332 2133 ,
1367 2100 1404 2128 et
1439 2102 1576 2141 super-

75 2143 263 2186 vacaneis
295 2141 662 2192 contentionibus,
704 2155 743 2184 et
769 2142 1002 2184 ‘reddantur
1048 2143 1259 2199 saepissime
1296 2144 1576 2198 inestricabilia

77 2203 201 2260 magis
232 2202 482 2259 praeambula
520 2200 602 2258 ipsa
638 2201 810 2258 negotii,
847 2216 970 2256 quam
1006 2203 1135 2260 legalis
1168 2203 1359 2246 articulus
1387 2206 1578 2248 deciden-

60 2261 156 2308 ‘dus
176 2293 186 2304 .
221 2263 332 2319 Quae
365 2277 437 2319 ego
456 2261 536 2317 ipse
568 2276 662 2302 cum
687 2260 1079 2313 animadverterem,
1114 2279 1292 2319 eousque
1328 2265 1485 2322 impulit
1515 2279 1577 2307 me

80 2320 264 2377 voluptas
291 2322 392 2363 illius
426 2320 560 2379 praxis
581 2321 866 2369 addiscendae,
903 2336 980 2369 ut,
1012 2323 1181 2380 privatae
1216 2337 1316 2364 meae
1351 2324 1577 2379 cognitioni

81 2380 327 2422 consulendo
347 2413 359 2430 ‚
388 2381 502 2437 plura
535 2380 823 2437 congesserim,
864 2395 960 2435 quae
996 2383 1057 2426 vel
1095 2384 1145 2423 ab
1167 2383 1251 2422 aliis
1277 2384 1441 2438 sparsim
1472 2385 1577 2426 dicta

80 2439 255 2496 excerpsi
274 2471 286 2491 ,
301 2441 362 2484 vel
377 2456 396 2482 e
413 2439 579 2482 summis
594 2469 608 2489 ,
637 2455 680 2482 ac
698 2439 948 2496 peritissimis
967 2441 1087 2491 viris,
1117 2441 1268 2498 quibus
1286 2441 1417 2484 Curia
1445 2446 1579 2484 abun-

1041 2502 1082 2541 A
1481 2502 1550 2545 dat
1562 2531 1579 2552 ‚
