2075 3167
441 317 727 417 &peculatorin
750 366 919 403 tractatu
952 363 995 402 cle
1012 364 1124 403 modo
1140 362 1327 420 generalis
1363 360 1519 403 Concilii
1548 356 1764 400 celebrandi
1792 355 1862 413 (1)
1880 367 1917 400 et

451 421 585 461 Petrus
609 421 654 460 cle
672 422 814 463 Monte
829 421 1049 477 Episcopus
1066 421 1278 463 Brixianen
1298 420 1338 460 in
1357 435 1428 462 sua
1448 417 1680 461 monarchia
1700 414 1771 472 (2)
1790 446 1798 456 .

565 479 710 519 Sedent
736 479 879 519 deinde
909 494 1048 520 omnes
1081 481 1155 521 hoc
1175 479 1315 520 ordine
1337 508 1350 526 ,
1383 475 1725 518 Eminentissimus
1743 502 1756 521 ‚
1781 488 1818 517 et
1838 477 1920 515 Re-

443 537 751 581 verendissimus
787 537 991 579 Dominus
1010 538 1240 578 Cardinalis
1275 537 1485 578 Praefectus
1513 536 1554 576 in
1575 534 1700 589 capite
1734 549 1920 590 magnae,

446 610 594 636 mensae
627 595 816 637 oloserico
847 610 1006 644 stratae,
1041 596 1309 638 mediusinter
1340 595 1583 637 Votantium
1603 593 1819 633 Decanum
1838 621 1850 639 ,
1884 604 1922 633 et

448 653 736 695 Subdecanum
754 683 767 702 ‚
797 654 857 694 ille
882 655 922 694 in
949 655 1038 695 sede
1065 654 1250 695 oloserica
1287 653 1480 711 purpurei
1513 652 1684 700 coloris,
1716 651 1788 699 hi,
1819 650 1921 691 sicut

446 711 576 753 caeteri
595 712 792 754 Votantes
815 714 866 752 ab
888 726 1062 766 utroque
1091 713 1206 754 latere
1226 712 1339 765 juxta
1357 726 1497 753 eorum
1515 711 1557 751 in
1578 709 1712 752 officio
1736 708 1922 765 priorita-

446 782 523 812 tem
547 784 558 818 ;
591 771 634 809 In
656 771 727 811 hae
757 784 889 812 tamen
905 771 1118 827 Signatura
1139 785 1222 811 non
1243 772 1472 818 intersunt,
1502 782 1622 826 prout
1642 770 1683 810 in
1703 769 1821 810 altera
1838 780 1924 822 gra-

445 828 513 869 tiae
532 829 724 870 Datarius
750 859 762 876 ,
788 829 1089 870 Thesaurarius
1123 829 1313 885 generalis
1330 861 1342 878 ,
1377 829 1555 869 Auditor
1589 828 1775 869 Camerae
1801 857 1814 875 ,
1847 824 1922 865 Vi-

447 901 650 943 cesgerens
675 919 688 935 ‚
717 903 825 928 unus
855 902 903 928 ex
938 888 1285 936 prothonotariis‚
1319 889 1509 928 Decanus
1538 889 1652 928 Rotae
1684 917 1697 935 ‚
1731 899 1841 926 unus
1873 896 1921 924 ex

444 944 810 986 Abbreviatoribus
826 976 840 993 ,
865 945 1042 986 Auditor
1069 945 1293 991 pontificis,
1327 959 1364 987 et
1381 945 1556 985 Auditor
1576 942 1801 985 Camerarii
1818 952 1892 981 etc.
1907 969 1921 987 ,

445 1000 515 1041 sed
542 1013 699 1040 tantum
721 1005 836 1043 Rotae
858 1004 1048 1042 Decanus
1066 1029 1077 1046 ‚
1113 1001 1173 1042 vel
1199 1002 1480 1048 Prodecanus,
1514 1003 1599 1040 duo
1628 1004 1926 1040 Locumtenen-

443 1072 499 1099 tes
529 1058 570 1097 in
593 1057 794 1099 Civilibus
811 1058 1020 1098 Auditoris
1037 1058 1226 1098 Camerae
1242 1088 1254 1106 ‚
1291 1069 1327 1098 et
1344 1059 1637 1099 Locumtenens
1657 1056 1798 1099 Civilis
1817 1055 1925 1098 Car-

446 1116 589 1157 dinalis
607 1115 761 1156 Vicarii
777 1146 790 1164 ‚
821 1114 893 1167 qui
914 1129 985 1154 nec
1015 1115 1153 1154 sedent
1170 1144 1182 1161 ,
1214 1129 1285 1154 nec
1301 1113 1474 1169 suffragii
1496 1115 1647 1154 ferendi
1666 1114 1729 1169 jus
1745 1114 1923 1164 habent,

440 1175 510 1214 sed
548 1173 589 1212 in
617 1172 766 1213 Causis
791 1185 960 1213 suorum
983 1170 1271 1213 Tribunalium
1295 1170 1560 1228 interrogati,
1588 1173 1857 1228 respondent;
1888 1185 1927 1215 et

441 1245 487 1272 ut
504 1232 559 1271 ait
584 1230 646 1271 De
662 1232 766 1271 Luca
792 1230 982 1281 majorem
1001 1230 1041 1269 hi
1074 1230 1276 1279 laborem,
1308 1229 1517 1286 majusque
1546 1230 1751 1282 fastidium
1785 1231 1922 1272 subire

443 1301 645 1345 coguntur
665 1316 677 1334 ‚
715 1288 812 1329 dum
830 1321 842 1338 ‚
867 1288 1171 1330 interveniendo
1200 1289 1241 1329 in
1263 1288 1377 1345 plena
1396 1289 1609 1345 Signatum
1627 1289 1801 1341 justitiae
1815 1321 1827 1338 ,
1858 1303 1925 1330 ra-

443 1347 595 1388 tionem
628 1346 804 1390 reddunt
834 1347 882 1388 de
907 1360 1050 1388 eorum
1081 1347 1272 1396 decretis,
1307 1361 1345 1389 et
1370 1347 1669 1404 provisionibus
1688 1380 1700 1397 ,
1733 1364 1753 1389 a
1772 1348 1923 1403 quibus

444 1406 751 1447 succumbentes
778 1405 1005 1462 appellant,
1036 1405 1097 1447 vel
1127 1418 1371 1453 recurrunt,
1403 1406 1455 1448 ita
1486 1406 1674 1462 patiendo
1706 1407 1925 1461 quemdam

447 1464 691 1506 continuum
710 1465 969 1516 syndicatum
988 1464 1061 1518 (3)
1080 1494 1090 1504 .
1121 1464 1337 1507 Intervenit
1352 1465 1469 1506 etiam
1492 1467 1643 1522 Regens
1660 1465 1929 1507 Cancellariae

411 1551 416 1556 ,
445 1522 591 1578 pariter
619 1523 702 1564 sine
720 1536 815 1567 voto
837 1554 850 1571 ‚
881 1536 918 1563 et
935 1523 1024 1563 sede
1040 1551 1052 1568 ‚
1087 1535 1282 1578 tanquam
1301 1524 1540 1566 substitutus
1558 1524 1791 1566 Cardinalis
1809 1524 1927 1565 Vice-

445 1580 667 1622 cancellarii
685 1583 736 1623 ad
758 1595 980 1638 congruam
998 1581 1323 1624 distributionem
1343 1582 1574 1624 Causarum
1593 1614 1605 1631 ‚
1632 1582 1804 1624 Praelatis
1822 1611 1836 1629 ,
1865 1582 1927 1624 vel

446 1638 599 1687 Rotae,
633 1643 744 1695 Juxta
779 1655 918 1680 earum
954 1653 1170 1689 naturam,
1204 1654 1242 1682 et
1259 1642 1487 1698 Signaturae
1524 1641 1709 1699 rescripta
1736 1671 1748 1689 ,
1779 1641 1933 1683 facien-

445 1695 537 1738 dam
557 1728 570 1746 ,
605 1698 653 1738 de
674 1713 756 1752 qua
773 1714 848 1740 suo
876 1699 964 1741 loco
981 1699 1156 1740 dicemus
1174 1729 1184 1740 .

561 1756 688 1798 Adest
720 1773 884 1812 quoque
922 1759 1028 1799 dicto
1062 1759 1289 1814 congressui
1327 1762 1508 1802 Auditor
1540 1759 1718 1812 ejusdem
1743 1760 1928 1815 Signatu-

442 1826 507 1853 rae
525 1841 539 1860 ‚
571 1826 608 1855 et
624 1814 664 1853 in
689 1829 737 1854 eo
754 1829 960 1869 tamquam
979 1817 1244 1856 Secretarium
1274 1832 1312 1857 se
1347 1833 1479 1872 gerere
1516 1819 1727 1858 Causidici
1746 1829 1944 1872 asserunt,

442 1884 490 1911 ex
509 1883 556 1911 eo
578 1871 855 1927 potissimum,
889 1873 1004 1927 quod
1029 1871 1214 1928 suffragia
1247 1864 1353 1913 1315?
1380 1872 1626 1915 Votantium
1663 1875 1860 1922 adnotat;
1889 1888 1930 1917 et

443 1942 575 1980 quum
606 1928 762 1968 illorum
788 1930 963 1983 cognitio
981 1944 1001 1968 a
1021 1930 1266 1984 litigantibus
1287 1943 1520 1984 exoptetur‚
1539 1944 1582 1969 ea
1603 1944 1722 1983 penes
1738 1932 1926 1983 eumdem

441 1986 683 2027 Auditorem
707 1986 991 2042 reperiuntur:,
1024 2001 1044 2026 a
1063 2001 1159 2040 quo,
1180 2000 1350 2041 sequuta
1369 1987 1410 2026 in
1429 1986 1544 2043 plena
1558 1987 1776 2041 Signatura
1807 1987 1945 2031 Cau-⁹

440 2059 577 2085 sarum
598 2044 836 2086 resolutione
857 2075 867 2092 ,
909 2058 954 2086 ut
970 2044 1283 2086 Commissiones
1300 2045 1508 2101 signentur
1523 2045 1638 2100 juxta
1669 2046 1846 2101 ejusdem
1861 2048 1924 2089 Si-

440 2115 634 2158 gnaturae
652 2103 853 2160 Rescripta
872 2132 885 2150 ‚
918 2104 961 2142 fit
976 2102 1071 2142 fides
1088 2102 1283 2158 Rescripti
1301 2133 1315 2150 ,
1347 2119 1450 2158 quae
1468 2104 1742 2161 expostulatur
1773 2107 1823 2148 ab
1842 2121 1888 2149 eo
1908 2137 1922 2156 ,

443 2160 559 2212 cujus
580 2162 743 2204 interest
779 2159 1117 2202 commissionem
1150 2159 1320 2216 signari.
1361 2161 1626 2217 Quidautem
1655 2177 1853 2206 servatum
1872 2167 1922 2209 sit

440 2217 638 2261 Auditore
657 2217 863 2277 praedicto
883 2230 1111 2275 aegrotante
1130 2249 1143 2266 ,
1175 2232 1337 2275 apparet
1357 2221 1378 2261 ἐ·
1398 2223 1562 2278 Regesto
1584 2221 1824 2277 Signaturae
1837 2255 1849 2273 ‚
1877 2224 1918 2265 in

443 2290 526 2330 quo
538 2278 676 2333 legitur
693 2279 739 2319 de
756 2277 921 2328 Pirellio‚
939 2289 1035 2319 tunc
1055 2275 1255 2319 Auditore
1274 2308 1284 2318 .
1310 2279 1355 2319 In
1376 2279 1593 2337 Signatum
1627 2281 1705 2323 diei
1722 2282 1820 2324 Iovis
1845 2298 1894 2323 21
1907 2314 1917 2323 .

1813 2341 1916 2399 apri-

482 2474 536 2558 }2123
561 2478 596 2561 Z
619 2483 730 2557 μραὲ.
747 2474 836 2509 rubr.
861 2485 912 2506 11.
987 2513 993 2519 Ι
1245 2475 1299 2517 (3)
1321 2479 1355 2508 ln
1373 2476 1473 2510 Relat.
1486 2479 1593 2510 Curiae
1615 2479 1691 2511 disc.
1709 2489 1763 2521 34.
1787 2489 1817 2511 n.
1835 2489 1887 2521 33.

591 2526 683 2551 stant·
724 2540 732 2549 .
1818 2545 1820 2548 ,
