1993 3195
145 330 187 364 tis
203 328 235 362 in
250 326 390 372 singulis
409 325 622 360 citationibus
655 328 875 361 extendendis
891 351 900 366 ,
929 339 986 361 seu
1018 327 1231 371 registrandis
1249 350 1258 365 ‚
1286 325 1471 370 relinquant
1492 325 1522 358 in
1554 326 1631 360 albo

144 388 263 412 nomen
281 398 291 414 ‚
317 383 350 409 et
368 386 554 420 cognomen
573 374 808 409 Procuratoris
826 399 836 414 ‚
865 375 923 419 qui
943 376 1117 408 decretum
1133 374 1282 409 obtinuit
1300 399 1310 414 ‚
1338 376 1399 408 sub
1417 383 1514 416 poena
1536 373 1631 408 unius

144 423 230 460 scuti
247 435 309 469 pro
327 424 481 469 quolibet
497 426 635 458 decreto
650 447 660 463 ‚
690 424 722 458 in
739 436 807 468 quo
821 422 851 458 in
869 433 1041 469 posterum
1061 423 1200 467 reperiri
1215 423 1387 466 contingat
1414 431 1534 455 nomen
1556 421 1633 453 Pro-

130 472 308 508 'curatoris
324 473 546 517 comparentis
563 472 592 507 in
609 472 685 507 albo
703 473 880 512 relictum3
909 474 948 507 ad
964 483 1066 517 quam
1081 483 1213 515 poenam
1232 470 1338 504 teneri
1353 469 1511 503 volumus
1533 468 1632 503 etiam

145 521 234 565 ipsos
257 521 471 567 Scriptores,
499 534 557 556 seu
587 520 819 566 registratores
848 520 1055 556 Manualium
1075 544 1085 560 ,
1112 519 1168 564 qui
1197 530 1314 554 curare
1339 518 1541 552 tenebuntur
1560 542 1569 558 ,
1600 525 1634 551 ut

146 570 328 605 Substituti
346 582 464 606 nomen
486 570 723 605 Procuratoris
756 571 981 615 comparentis
1001 569 1178 605 extendant
1215 569 1247 603 in
1265 570 1403 604 decreto
1419 590 1430 606 ,
1456 575 1632 611 antequam:

146 619 187 653 ad
203 619 292 654 illius
309 618 575 666 registrationem
593 621 623 654 in
641 620 783 654 manuali
800 621 979 665 procedant
998 643 1007 653 .

246 668 352 704 Simili
371 670 472 702 modo
493 668 629 703 Notarii
645 669 823 703 conficiant
838 668 994 703 Manuale
1010 668 1209 703 citationum
1236 666 1489 705 criminalium,
1524 674 1556 699 et
1577 666 1635 700 du*

148 717 225 763 plex
244 716 421 764 registrum
441 741 451 756 ‚
480 718 510 752 in
527 730 671 763 quorum
693 719 799 751 altero
818 717 1040 762 registrentur
1059 718 1231 751 sententiae
1255 715 1441 751 criminales
1459 739 1469 754 ‚
1496 723 1527 749 et
1546 713 1574 748 in
1594 714 1636 748 al«

148 774 224 800 tero
244 765 416 801 sententiae
429 765 545 801 civiles
560 779 569 807 ;
598 776 630 801 et
645 769 712 801 haec
727 766 919 811 registratio
936 767 993 800 fiat
1008 766 1092 799 intra
1107 766 1287 799 terminum
1304 765 1404 799 trium
1422 762 1554 798 dierum
1576 764 1636 796 im-

149 813 294 850 mediate
309 816 522 860 sequentium
545 817 584 850 ab
604 827 717 850 earum
738 814 966 859 publicatione
982 839 992 854 ,
1022 816 1088 848 unit
1104 825 1181 848 cum
1198 813 1413 848 citationibus
1444 814 1482 847 ad
1510 820 1638 846 senten-

147 863 227 897 tiam
242 888 252 903 ,
267 876 343 898 cum
362 873 554 908 opportuna
570 862 748 899 rubricella
762 876 819 898 seu
838 862 946 898 indice
964 875 973 903 3
993 875 1050 897 nec
1069 861 1262 900 huiusmodi
1281 860 1478 907 obligationi
1509 872 1639 895 censea⁴

148 920 206 946 tur
219 912 434 952 satisfactum,
455 913 639 959 redigendo
658 913 689 947 in
712 913 834 946 librum
850 937 859 952 ‚
879 925 935 946 seu
955 912 1113 946 volumen
1134 913 1263 945 easdem
1286 910 1465 945 sententias
1491 908 1638 954 origina-

151 959 198 994 les
217 985 227 1000 ‚
254 974 330 996 cum
350 962 546 997 reformatio
579 963 632 996 fel:
664 973 731 996 rec:
755 960 851 995 Pauli
880 961 920 995 V.
950 973 1050 1006 quam
1082 959 1207 994 servari
1228 958 1387 994 volumus
1417 982 1427 998 ‚
1455 966 1638 1002 utrumque

149 1010 329 1045 demandet
355 1035 364 1044 .

249 1061 286 1094 In
303 1072 504 1105 quacunque
522 1061 643 1105 partita
664 1059 866 1105 registranda
899 1059 929 1093 in
960 1057 1053 1094 libris
1078 1057 1328 1092 Memorialium
1346 1079 1355 1094 ,
1382 1063 1567 1100 apponatur
1593 1053 1640 1086 in-

152 1108 280 1142 dicatio
298 1109 483 1153 principii,
505 1118 538 1143 et
553 1110 624 1143 finis
644 1109 792 1149 judicii,
812 1117 844 1142 et
861 1109 1029 1153 signanter
1045 1108 1111 1141 diei
1135 1105 1368 1151 productionis
1383 1104 1510 1144 jurium
1527 1126 1536 1142 ‚
1565 1112 1640 1146 pro·

152 1165 193 1190 ut
212 1158 228 1190 a
245 1157 398 1201 pluribus
415 1158 567 1192 Notariis
584 1166 761 1196 servatur3
794 1156 883 1189 sicut
914 1165 946 1188 et
978 1156 1006 1188 in
1037 1155 1128 1189 libris
1154 1154 1409 1197 Receptorum‚
1444 1150 1642 1195 Expeditio-

153 1217 236 1239 num
253 1229 262 1244 ,
289 1214 322 1240 et
339 1205 528 1250 Rogituum
549 1230 558 1245 ,
590 1205 620 1239 in
636 1203 776 1250 singulis
794 1204 918 1248 partitis
940 1227 949 1241 ‚
979 1203 1009 1236 in
1030 1203 1075 1237 eis
1102 1202 1317 1247 registrandis
1345 1199 1484 1235 omnino
1505 1206 1642 1233 annote-

155 1262 211 1287 tur
224 1253 295 1288 dies
311 1278 321 1293 ,
348 1267 412 1300 qua
426 1253 645 1298 registrantur
659 1277 669 1293 ‚
698 1263 729 1287 et
750 1252 987 1286 describuntur
999 1276 1009 1291 ‚
1035 1253 1074 1285 ab
1092 1264 1130 1284 eo
1145 1251 1200 1295 qui
1222 1250 1369 1294 recipit,
1403 1257 1522 1294 rogat,
1549 1255 1582 1281 et
1597 1257 1644 1280 re·

155 1302 304 1346 spective
320 1303 458 1347 expedit
475 1314 485 1341 ;
514 1311 548 1337 et
565 1303 595 1336 in
614 1301 704 1336 libris
721 1302 951 1345 Receptorum
967 1302 1129 1334 habeatur
1144 1298 1325 1333 rubricella
1340 1309 1401 1343 per
1414 1297 1640 1341 alphabetum:

155 1351 374 1385 decernentes
403 1351 503 1385 etiam
523 1353 614 1396 quod
633 1362 696 1384 non
719 1352 842 1384 dentur
855 1348 1085 1391 expeditiones
1103 1373 1113 1388 ,
1141 1348 1202 1382 nisi
1224 1348 1312 1392 prius
1341 1346 1464 1382 fuerint
1479 1351 1643 1380 annotatae

156 1397 190 1431 in
209 1397 300 1432 libris
324 1398 584 1442 Expeditionum
603 1424 613 1439 ,
641 1399 727 1433 sicut
759 1399 859 1432 etiam
887 1398 918 1431 in
949 1397 1043 1432 libris
1080 1398 1309 1440 Receptorum
1339 1395 1452 1430 statim
1480 1392 1641 1438 stipulato

155 1446 385 1481 Instrumento
402 1471 411 1482 .

256 1496 293 1529 In
310 1495 524 1532 Manualibus
544 1521 553 1538 ,
588 1496 774 1532 Broliardis
795 1519 805 1535 ‚
833 1507 893 1530 seu
927 1495 1020 1529 libris
1047 1503 1200 1528 actorum
1232 1492 1475 1532 conficiendis,
1502 1501 1567 1525 non
1597 1497 1644 1524 ta-

158 1556 235 1580 men
256 1546 539 1580 contradictarum
556 1570 566 1585 ‚
594 1558 653 1580 nec
673 1546 869 1580 citationum
886 1569 895 1584 ,
925 1553 1061 1578 caveant
1080 1542 1214 1578 Notarii
1231 1555 1270 1577 ne
1285 1543 1484 1578 dimittant,
1512 1547 1569 1574 aut
1589 1549 1643 1572 re-

159 1593 313 1638 linquant
329 1592 406 1628 folia
424 1593 493 1628 ulla
511 1617 521 1633 ‚
549 1595 621 1628 sive
636 1595 667 1628 in
689 1603 798 1628 totum
817 1618 828 1633 ‚
854 1596 925 1628 sive
948 1594 978 1626 in
997 1601 1090 1636 parte
1106 1591 1182 1625 alba
1196 1615 1205 1630 ‚
1233 1593 1290 1625 sed
1313 1591 1370 1625 ubi
1387 1590 1458 1624 alba
1477 1598 1644 1621 remanse-

160 1642 249 1682 rint,
277 1654 315 1676 ca
330 1642 544 1677 interlineare
562 1644 601 1677 de
621 1642 674 1676 die
692 1642 722 1676 in
741 1641 829 1676 diem
846 1642 877 1676 in
895 1642 1047 1676 clausura
1063 1649 1224 1675 nocturna
1241 1640 1355 1673 Officii
1371 1645 1522 1673 teneatur
1535 1659 1544 1669 .

256 1691 334 1726 Non
355 1693 499 1726 audeant
518 1691 652 1726 Notarii
673 1716 683 1731 ‚
711 1699 766 1726 aut
782 1689 962 1724 Substituti
981 1689 1171 1724 inconsulto
1188 1688 1310 1730 judice
1327 1688 1437 1735 facere
1453 1693 1512 1720 aut
1531 1692 1646 1719 exten-

159 1742 239 1775 dere
263 1751 302 1774 ex
316 1752 350 1774 se
366 1742 537 1774 decretum
557 1739 695 1785 aliquod
716 1764 726 1779 ,
760 1751 820 1773 nec
840 1739 976 1784 quidem
992 1740 1033 1772 de
1051 1746 1172 1772 mutuo
1186 1749 1348 1772 consensu
1368 1738 1644 1770 Procuratorum

161 1789 194 1823 in
215 1799 348 1823 causam
368 1789 635 1832 comparentium
655 1812 666 1827 ,
681 1799 741 1822 nec
761 1788 903 1831 aliquem
923 1787 1103 1820 terminum
1125 1810 1135 1825 ‚
1163 1786 1317 1830 quamvis
1346 1783 1586 1820 brevissimum
1607 1782 1640 1815 in

156 1836 268 1880 forma
282 1861 292 1877 ‚
322 1845 359 1871 ut
373 1839 464 1876 aiunt
480 1861 490 1876 ,
517 1848 652 1871 servare
667 1860 677 1876 ,
698 1836 755 1870 sed
769 1846 904 1880 semper
917 1835 1071 1875 judicem
1088 1834 1231 1872 adeant,
1261 1842 1292 1867 et
1322 1833 1498 1868 citationes
1528 1841 1643 1865 omnes

165 1897 277 1921 coram
295 1888 413 1920 eodem
433 1886 544 1932 legant
562 1910 572 1926 ‚
600 1887 640 1919 ab
659 1896 767 1929 eoque
783 1887 918 1919 decreta
937 1893 1096 1922 sumant,
1122 1892 1154 1916 et
1174 1881 1296 1917 deinde
1316 1882 1346 1916 in
1362 1881 1444 1917 actis
1462 1887 1643 1924 apponant.

265 1935 415 1970 Decreta
435 1937 658 1970 extendantur
675 1934 692 1967 a
712 1943 808 1979 tergo
824 1933 1024 1968 citationum
1043 1930 1236 1966 immediate
1256 1941 1332 1976 post
1353 1929 1556 1965 audientiam
1573 1951 1584 1967 ‚
1611 1934 1646 1962 et

165 1983 206 2017 de
237 1983 317 2023 dic,
344 1986 470 2029 absque
501 1983 612 2029 aliqua
637 1983 874 2023 excusatione;
901 1983 956 2016 sed
971 1983 1084 2026 quoad
1104 1979 1261 2014 Notarios
1280 1980 1322 2016 A.
1338 1980 1383 2013 C.
1407 1977 1643 2022 indulgemus,

166 2041 204 2066 ut
222 2039 349 2066 tantum
371 2035 504 2068 decreta
522 2041 671 2068 emanata
688 2032 806 2066 diebus
827 2029 1011 2068 mercurii,
1036 2041 1067 2064 et
1084 2027 1237 2068 sabbati,
1266 2027 1296 2062 in
1321 2029 1443 2074 quibus
1470 2027 1514 2060 ob
1534 2036 1646 2059 neces-

152 2080 297 2116 sitatem
315 2081 528 2116 incumbendi
543 2080 816 2124 expeditionibus
832 2104 842 2119 ,
858 2088 1026 2124 nequeunt
1051 2077 1232 2113 Substituti
1254 2078 1378 2112 habere
1395 2073 1558 2120 temporis
1590 2084 1646 2107 co-

166 2129 257 2174 piam
271 2130 310 2163 ad
328 2130 533 2164 extendenda
558 2130 689 2162 decreta
708 2127 903 2171 interposita
918 2127 947 2160 in
963 2127 1142 2161 audientiis
1174 2127 1339 2161 dictarum
1367 2126 1498 2160 dierum
1516 2145 1528 2162 ,
1553 2122 1647 2167 quod

170 2177 307 2212 illorum
322 2179 474 2213 extensio
490 2179 545 2212 fiat
562 2202 572 2217 ‚
590 2186 623 2211 et
653 2176 869 2221 compleatur
889 2187 948 2220 per
967 2183 1071 2208 totam
1089 2175 1177 2209 diem
1205 2173 1397 2208 immediate
1425 2179 1620 2218 sequentem
1635 2194 1645 2204 .

171 2226 359 2261 Citationes
379 2227 410 2260 in
430 2225 492 2260 illis
509 2225 615 2259 causis
633 2225 664 2258 in
680 2225 801 2269 quibus
818 2224 955 2269 procedi
971 2235 1037 2258 non
1055 2232 1166 2269 potest
1184 2223 1215 2257 in
1242 2223 1455 2257 contumacia
1468 2246 1478 2261 ‚
1509 2232 1573 2254 non
1593 2230 1647 2252 re·-

173 2275 339 2318 cipiantur
351 2276 411 2311 nisi
429 2274 532 2309 fuerit
549 2274 566 2307 a
583 2282 677 2318 tergo
691 2281 883 2306 annotatum
914 2284 1036 2307 nomen
1064 2272 1321 2310 Procuratoris,
1350 2272 1403 2306 vel
1431 2269 1532 2316 partis
1561 2266 1647 2303 cita-

172 2321 296 2358 tionem
310 2323 566 2370 reproducentis
582 2346 591 2356 .

272 2373 427 2409 Mandata
442 2375 482 2407 de
499 2372 639 2406 delendo
655 2369 788 2404 vincula
803 2377 958 2403 contenta
977 2369 1009 2402 in
1038 2369 1137 2404 Locis
1159 2370 1325 2404 Montium
1341 2393 1351 2409 ‚
1384 2378 1510 2403 necnon
1546 2377 1647 2411 super

178 2419 328 2465 pecuniis
345 2422 541 2466 depositatis
557 2420 587 2454 in
605 2419 722 2454 Baucis
740 2417 882 2461 publicis
912 2430 976 2451 non
1004 2418 1230 2452 concedantur
1245 2441 1255 2458 ,
1287 2429 1396 2462 neque
1425 2415 1648 2461 expediantur

176 2469 208 2502 in
225 2479 395 2516 posterum
415 2482 473 2514 per
488 2480 720 2515 quoscumque
734 2467 892 2507 judices,
920 2475 984 2500 tam
1003 2466 1201 2500 Ordinarios
1215 2489 1225 2505 ,
1252 2479 1351 2511 quam
1370 2463 1645 2503 Commissarios,

175 2520 275 2557 etiam
296 2520 412 2565 vigore
427 2518 620 2564 specialium
650 2515 925 2553 commissionum
942 2539 954 2556 ‚
981 2524 1014 2549 et
1040 2514 1344 2562 chirographorum
1374 2526 1473 2551 manu
1506 2521 1617 2548 nostra
1634 2533 1646 2549 2

1591 2560 1647 2596 vel
