2075 3167
528 290 587 350 96
829 286 904 328 DE
931 286 1069 337 JURE
1102 284 1442 328 SIGNATURAE
1473 282 1739 341 JUSTITIAE

529 365 614 395 ctae
631 346 932 392 distribuendae
965 358 1062 388 sunt
1082 378 1093 394 ‚
1119 359 1242 402 prout
1274 346 1414 403 legitur
1448 346 1489 387 in
1512 347 1656 388 Edicto
1689 341 1993 386 Notificationis

531 408 720 470 praedicti
739 407 973 450 Cardinalis
1006 405 1129 447 Scotti
1157 407 1232 449 sub
1251 405 1312 446 die
1342 420 1381 461 3.
1420 404 1523 446 iunii
1562 406 1688 461 1726.
1712 406 1794 452 ,ab
1815 402 1992 445 Audito·
2024 404 2026 413 ²

533 486 572 513 re
590 466 844 511 Samonium
874 465 1127 523 subscript03
1160 466 1232 505 hac
1258 478 1389 506 tamen
1418 464 1465 517 in
1503 479 1541 504 re
1573 479 1671 505 usus
1704 464 1905 511 invaluit,
1938 473 1987 501 ne

533 527 780 571 incommodi
812 526 1039 581 quidquam
1065 524 1255 566 sentirent
1277 524 1472 564 Votantes
1492 551 1505 569 ,
1526 521 1800 563 Referendarii
1819 554 1833 572 ,
1851 536 1888 563 et
1909 519 1993 560 Au·

535 588 640 630 ditor
673 587 715 626 in
737 586 893 626 illatum
915 583 1138 638 receptione
1161 611 1172 630 ,
1193 596 1238 624 ut
1256 581 1521 623 immittantur
1551 579 1632 634 jam
1653 580 1780 622 dictae
1806 579 1998 621 informa-

535 647 666 690 tiones
694 645 735 685 in
767 643 920 700 scriptis
943 658 1042 684 cum
1077 640 1312 683 Summariis
1344 642 1384 680 in
1418 641 1598 695 quadam
1626 638 1886 696 capsula,ad
1903 650 1997 678 eum

540 706 661 747 finem
691 704 885 747 destinata
901 734 914 752 ‚
934 716 1037 758 quae
1060 714 1166 743 extat
1195 714 1284 742 ante
1320 699 1424 740 fores
1447 700 1652 741 interiores
1683 700 1831 741 domus
1862 693 1997 748 cujus·
2021 697 2023 699 ’
2044 710 2050 715 ·

541 763 634 806 libet
653 776 820 811 eorum;
847 775 885 803 et
907 764 957 803 ab
982 775 1026 801 ea
1049 761 1091 803 fit
1106 760 1252 802 deinde
1273 759 1428 800 illarum
1445 759 1636 801 extractio
1653 789 1667 809 ,
1684 771 1730 801 ut
1760 754 1997 800 earumdem

538 822 676 865 studio
701 835 865 880 operam
898 820 1124 877 impendere
1151 818 1303 877 possint
1324 848 1333 858 .

658 883 787 937 Apud
823 879 1153 921 Referendarium
1188 880 1408 918 Ponentem
1447 874 1574 925 vero,
1602 877 1645 918 fit
1678 873 1996 918 communicatio

534 941 773 982 ‘earumdem
792 938 1126 979 lnformationum
1138 968 1149 985 ,
1165 936 1244 978 sive
1262 935 1552 990 scripturarum
1573 948 1653 976 tam
1668 933 1762 975 facti
1776 964 1788 981 ‚
1803 931 2002 987 quamju·

542 1000 594 1039 ris
618 1026 629 1043 ‚
656 1012 748 1037 cum
766 1012 905 1037 earum
925 995 1189 1041 Summariis3
1224 995 1318 1032 Pars
1353 1007 1435 1032 una
1455 1022 1467 1040 ,
1509 1007 1648 1048 nempe
1668 1022 1681 1040 ,
1709 988 1823 1032 offert
1855 990 1940 1032 duo
1957 988 2004 1030 il-

541 1056 672 1098 larum
703 1053 938 1109 exemplaria
955 1079 967 1098 ,
995 1066 1126 1092 unum
1145 1065 1219 1107 pro
1238 1049 1379 1090 eodem
1396 1048 1684 1093 Referendario
1701 1050 1881 1091 Ponente
1900 1077 1913 1097 ,
1946 1046 2002 1089 al—

543 1129 673 1159 terum
688 1115 782 1157 vero
800 1111 902 1153 Parti
922 1111 1112 1151 adversae
1140 1108 1467 1163 consignandum
1489 1122 1502 1155 ;
1534 1108 1587 1150 ita
1603 1121 1642 1150 et
1657 1108 1776 1148 altera
1797 1110 1890 1149 Pars
1903 1104 2002 1149 toti-

540 1166 724 1230 dempto
758 1168 899 1211 effectu
931 1168 1135 1225 praedicto
1153 1166 1362 1222 consignat
1382 1165 1621 1221 exemplaria
1655 1179 1750 1207 suae
1789 1165 2003 1207 Defensio-

538 1233 605 1273 nis
633 1264 645 1281 ,
675 1245 712 1273 et
733 1229 973 1278 Summarii·‚
1012 1241 1116 1280 quae
1145 1227 1310 1281 quidem
1339 1225 1656 1279 communicatio
1686 1239 1771 1264 non
1804 1224 2003 1265 immerito

543 1290 617 1339 fit,
650 1291 702 1331 ita
731 1302 904 1344 namque
934 1287 1053 1327 datur
1073 1285 1184 1326 locus
1213 1282 1465 1340 promiscuae
1497 1282 1779 1339 responsioni,
1811 1298 1892 1338 qua
1916 1296 2006 1323 orn-

501 1370 504 1373 <
545 1348 614 1392 nia
632 1349 724 1391 facti
743 1376 756 1395 ,
770 1361 810 1396 et
827 1346 1031 1388 rationum
1048 1355 1247 1385 momenta
1267 1372 1280 1392 ‚
1298 1341 1339 1382 in
1358 1340 1562 1398 prioribus
1582 1341 1795 1399 Scripturis
1813 1342 2006 1393 deducta,

548 1407 820 1454 adssttutinam
848 1420 1088 1447 revocantur
1110 1435 1119 1445 .

666 1468 716 1507 Et
733 1465 876 1506 deinde
907 1464 948 1503 in
971 1464 1032 1503 die
1062 1465 1202 1503 Lunae
1220 1490 1232 1508 ‚
1269 1460 1497 1502 immediate
1539 1460 1788 1503 antecedenti
1814 1461 2008 1519 Signatu-

544 1543 634 1572 ram
659 1526 818 1584 plenam
836 1555 848 1573 ,
867 1520 987 1564 ¹fiunt
1005 1521 1308 1563 informationes
1339 1520 1380 1559 in
1411 1534 1508 1563 voce
1528 1536 1541 1570 ;
1578 1521 1680 1562 itaut
1696 1534 1778 1563 tam
1795 1523 2011 1570 vorantes,

550 1601 676 1644 quam
698 1586 924 1626 ponentem
962 1582 1069 1623 adire
1102 1581 1274 1622 debeant
1303 1582 1615 1628 Procuratores,
1647 1579 1876 1636 eisdemque
1909 1593 2011 1620 con-

549 1659 764 1689 troverstae
798 1656 995 1684 summam
1027 1654 1251 1696 exponere3
1288 1651 1325 1681 et
1359 1652 1511 1680 caetera
1546 1640 1803 1688 summatim,
1832 1652 1937 1694 quae
1965 1637 2010 1678 in

550 1702 908 1754 informationibus
927 1701 966 1740 in
987 1699 1142 1756 scriptis
1171 1699 1342 1739 deducta
1363 1710 1486 1748 sunt3
1519 1698 1561 1738 in
1578 1712 1661 1753 qua
1687 1699 1852 1753 quidem
1879 1695 2012 1737 infor-

550 1762 731 1805 matione
750 1791 762 1808 ,
789 1774 891 1817 quae
912 1760 1029 1800 altera
1053 1761 1162 1799 Parte
1181 1759 1340 1799 absente
1361 1756 1404 1797 fit
1422 1786 1436 1804 ,
1467 1757 1496 1797 si
1524 1758 1673 1799 eisdem
1728 1753 1979 1797 Votantibus
1996 1785 2012 1804 ‚

551 1835 590 1865 et
622 1820 793 1862 Ponenti
826 1818 1037 1858 difficultas
1059 1817 1192 1868 aliqua
1219 1826 1433 1859 occurrat,
1465 1815 1661 1853 solvenda
1689 1814 1839 1870 quippe
1866 1824 1951 1861 est',
1976 1825 2015 1857 et
2062 1830 2064 1832 ·

548 1882 580 1925 si
598 1881 640 1922 in
668 1889 861 1937 promptu
889 1873 1065 1916 satisfieri
1095 1886 1178 1912 non
1199 1870 1348 1928 possit,
1385 1870 1425 1910 in
1444 1871 1775 1927 responsionibus
1795 1869 2024 1913 conficien-·

551 1941 610 1982 dis
629 1969 641 1988 ,
665 1951 702 1979 et
724 1934 1011 1978 distribuendis
1027 1931 1211 1989 proxima
1237 1929 1421 1983 sequenti
1441 1928 1505 1968 die
1523 1929 1670 1968 Martis
1683 1958 1696 1976 ‚
1728 1929 1772 1967 id
1789 1942 1902 1984 agere
1942 1930 2011 1971 de-

552 2002 674 2046 benvt‚
709 2008 755 2037 ut
768 1990 1157 2048 validissimisjuris,
1191 2002 1228 2030 et
1247 1988 1340 2029 facti
1359 1987 1603 2041 argumentis
1632 1999 1654 2025 a
1681 1980 1922 2027 difficultate‘
1943 1987 2009 2030 illa

554 2058 836 2099 dimoveantur
852 2084 865 2102 ‚
893 2066 930 2094 et
950 2052 992 2092 in
1010 2065 1093 2091 eam
1113 2047 1355 2089 descendant
1373 2044 1611 2086 sententiam
1627 2073 1641 2092 ,
1671 2059 1774 2099 quae
1796 2058 2007 2103 promotae

553 2115 762 2158 instantiae
786 2122 1054 2154 consentanea
1072 2106 1124 2147 sit
1145 2135 1154 2144 .

639 2173 718 2215 Hic
736 2184 869 2213 revera
888 2164 1030 2223 agendi
1047 2164 1156 2204 locus
1171 2173 1266 2203 esset
1291 2161 1338 2201 de
1357 2160 1485 2202 forma
1506 2161 1787 2204 conscribendi
1808 2163 2012 2205 Informa-

555 2233 682 2276 tiones
711 2231 752 2270 in
778 2225 932 2283 scriptis
950 2253 963 2272 ,
1003 2223 1164 2278 illasque
1195 2221 1237 2261 in
1262 2235 1357 2263 voce
1386 2221 1610 2276 exequendi
1633 2251 1643 2266 ‚
1665 2236 1710 2262 ac
1738 2221 1857 2263 etiam
1876 2251 1889 2270 ,
1907 2222 2013 2279 quid

558 2291 696 2347 quoad
719 2302 784 2330 eas
811 2298 978 2328 cautum
1011 2283 1257 2339 reperiatur,
1282 2294 1480 2337 exponere
1504 2294 1516 2328 ;
1538 2293 1713 2322 attamen
1739 2295 1787 2321 ex
1816 2295 1865 2322 eo
1898 2282 2013 2338 quod

554 2348 744 2408 peculiari
773 2344 901 2400 capite
938 2344 986 2384 de
1025 2340 1166 2382 ordine
1209 2337 1506 2380 informationis
1543 2368 1557 2386 ‚
1592 2353 1629 2382 et
1666 2340 1886 2396 scripturae
1922 2353 2014 2382 ante

555 2405 869 2465 propositionem
903 2402 1066 2442 Causae
1090 2413 1200 2456 agere
1236 2398 1485 2441 decrevimus
1503 2429 1515 2447 ‚
1551 2414 1683 2455 quum
1712 2414 1796 2440 non
1817 2399 2012 2440 mediocri

556 2468 732 2522 indigeat
755 2459 1101 2504 animadversione
1117 2473 1130 2506 ;
1149 2458 1284 2498 omnia
1304 2456 1451 2498 idcirco
1473 2458 1525 2498 ad
1551 2458 1786 2512 hujusmodi
1802 2458 2014 2500 materiam

559 2522 799 2580 pertinentia
822 2521 969 2564 ibidem
995 2518 1136 2562 referre
1163 2513 1306 2558 merito
1334 2514 1628 2568 existimamus,
1660 2530 1698 2560 et
1727 2517 2012 2561 tantummodo

1950 2575 2015 2617 hic
2067 2604 2074 2610 ·
