<?xml version="1.0" encoding="UTF-8"?>
<!DOCTYPE html PUBLIC "-//W3C//DTD XHTML 1.0 Transitional//EN"
    "http://www.w3.org/TR/xhtml1/DTD/xhtml1-transitional.dtd">
<html xmlns="http://www.w3.org/1999/xhtml" xml:lang="en" lang="en">
 <head>
  <title>
</title>
<meta http-equiv="Content-Type" content="text/html;charset=utf-8" />
  <meta name='ocr-system' content='tesseract 3.04.00' />
  <meta name='ocr-capabilities' content='ocr_page ocr_carea ocr_par ocr_line ocrx_word'/>
</head>
<body>
  <div class='ocr_page' id='page_1' title='image "./dejuresignaturae00vita_0273.png"; bbox 0 0 1993 3195; ppageno 0'>
   <div class='ocr_carea' id='block_1_1' title="bbox 73 214 1575 1276">
    <p class='ocr_par' dir='ltr' id='par_1_1' title="bbox 73 214 1575 1276">
     <span class='ocr_line' id='line_1_1' title="bbox 623 214 1504 266; baseline 0.014 -12"><span class='ocrx_word' id='word_1_1' title='bbox 623 214 662 255; x_wconf 93' lang='lat' dir='ltr'>C</span> <span class='ocrx_word' id='word_1_2' title='bbox 697 217 737 256; x_wconf 82' lang='lat' dir='ltr'><strong>A</strong></span> <span class='ocrx_word' id='word_1_3' title='bbox 769 215 798 255; x_wconf 89' lang='grc' dir='ltr'>Ρ</span> <span class='ocrx_word' id='word_1_4' title='bbox 828 218 868 257; x_wconf 90' lang='lat' dir='ltr'><strong>U</strong></span> <span class='ocrx_word' id='word_1_5' title='bbox 898 216 937 257; x_wconf 92' lang='lat' dir='ltr'>T</span> <span class='ocrx_word' id='word_1_6' title='bbox 1004 220 1062 260; x_wconf 77' lang='lat' dir='ltr'><strong>V.</strong></span> <span class='ocrx_word' id='word_1_7' title='bbox 1480 239 1504 266; x_wconf 80' lang='lat'><em>2</em></span> 
     </span>
     <span class='ocr_line' id='line_1_2' title="bbox 103 238 1572 335; baseline 0.006 -17"><span class='ocrx_word' id='word_1_8' title='bbox 103 277 379 335; x_wconf 77' lang='lat' dir='ltr'>interpositam</span> <span class='ocrx_word' id='word_1_9' title='bbox 399 272 715 330; x_wconf 69' lang='lat' dir='ltr'>appellationem,</span> <span class='ocrx_word' id='word_1_10' title='bbox 736 272 899 323; x_wconf 63' lang='lat' dir='ltr'><strong>filiusve,</strong></span> <span class='ocrx_word' id='word_1_11' title='bbox 908 277 1270 331; x_wconf 78' lang='lat' dir='ltr'><strong>prosequutionem</strong></span> <span class='ocrx_word' id='word_1_12' title='bbox 1289 277 1393 320; x_wconf 85' lang='lat' dir='ltr'><strong>intra</strong></span> <span class='ocrx_word' id='word_1_13' title='bbox 1419 238 1572 326; x_wconf 56' lang='lat' dir='ltr'><strong>statui-g</strong></span> 
     </span>
     <span class='ocr_line' id='line_1_3' title="bbox 103 332 1570 393; baseline -0.001 -10"><span class='ocrx_word' id='word_1_14' title='bbox 103 350 281 393; x_wconf 86' lang='lat' dir='ltr'><strong>tempora</strong></span> <span class='ocrx_word' id='word_1_15' title='bbox 300 365 312 384; x_wconf 88' lang='lat'><strong>,</strong></span> <span class='ocrx_word' id='word_1_16' title='bbox 345 333 531 375; x_wconf 86' lang='lat' dir='ltr'><strong>deductis</strong></span> <span class='ocrx_word' id='word_1_17' title='bbox 549 347 561 381; x_wconf 91' lang='lat'>;</span> <span class='ocrx_word' id='word_1_18' title='bbox 599 333 781 374; x_wconf 88' lang='lat' dir='ltr'><strong>eamdem</strong></span> <span class='ocrx_word' id='word_1_19' title='bbox 797 332 906 374; x_wconf 91' lang='lat' dir='ltr'><strong>enim</strong></span> <span class='ocrx_word' id='word_1_20' title='bbox 925 333 1226 377; x_wconf 82' lang='lat' dir='ltr'>distinctionem</span> <span class='ocrx_word' id='word_1_21' title='bbox 1246 336 1288 377; x_wconf 83' lang='lat' dir='ltr'><strong>in</strong></span> <span class='ocrx_word' id='word_1_22' title='bbox 1310 338 1476 381; x_wconf 82' lang='lat' dir='ltr'><strong>rescribe</strong></span> <span class='ocrx_word' id='word_1_23' title='bbox 1488 342 1570 383; x_wconf 89' lang='lat' dir='ltr'><strong>ndo</strong></span> 
     </span>
     <span class='ocr_line' id='line_1_4' title="bbox 105 392 1571 457; baseline 0.004 -22"><span class='ocrx_word' id='word_1_24' title='bbox 105 394 355 452; x_wconf 75' lang='lat' dir='ltr'>amplectitur</span> <span class='ocrx_word' id='word_1_25' title='bbox 391 394 637 449; x_wconf 85' lang='lat' dir='ltr'><strong>Signatura,</strong></span> <span class='ocrx_word' id='word_1_26' title='bbox 670 406 795 448; x_wconf 87' lang='lat' dir='ltr'><strong>quarn</strong></span> <span class='ocrx_word' id='word_1_27' title='bbox 824 393 1009 450; x_wconf 86' lang='lat' dir='ltr'><strong>superius</strong></span> <span class='ocrx_word' id='word_1_28' title='bbox 1042 392 1220 437; x_wconf 83' lang='lat' dir='ltr'><strong>diximus</strong></span> <span class='ocrx_word' id='word_1_29' title='bbox 1240 423 1252 442; x_wconf 92' lang='lat'><strong>,</strong></span> <span class='ocrx_word' id='word_1_30' title='bbox 1299 409 1399 437; x_wconf 85' lang='lat' dir='ltr'><strong>num</strong></span> <span class='ocrx_word' id='word_1_31' title='bbox 1430 412 1571 457; x_wconf 83' lang='lat' dir='ltr'><strong>nempe</strong></span> 
     </span>
     <span class='ocr_line' id='line_1_5' title="bbox 105 451 1572 510; baseline 0.002 -14"><span class='ocrx_word' id='word_1_32' title='bbox 105 468 215 510; x_wconf 87' lang='lat' dir='ltr'><strong>cepta</strong></span> <span class='ocrx_word' id='word_1_33' title='bbox 241 453 314 503; x_wconf 85' lang='lat' dir='ltr'><strong>sit,</strong></span> <span class='ocrx_word' id='word_1_34' title='bbox 351 454 411 496; x_wconf 91' lang='lat' dir='ltr'><strong>vel</strong></span> <span class='ocrx_word' id='word_1_35' title='bbox 446 453 497 493; x_wconf 74' lang='lat' dir='ltr'><strong>ne</strong></span> <span class='ocrx_word' id='word_1_36' title='bbox 525 451 693 508; x_wconf 79' lang='lat' dir='ltr'><strong>judicati</strong></span> <span class='ocrx_word' id='word_1_37' title='bbox 718 453 938 507; x_wconf 83' lang='lat' dir='ltr'><strong>exequutio</strong></span> <span class='ocrx_word' id='word_1_38' title='bbox 955 469 967 503; x_wconf 87' lang='grc'>;</span> <span class='ocrx_word' id='word_1_39' title='bbox 987 453 1028 494; x_wconf 87' lang='lat' dir='ltr'><strong>in</strong></span> <span class='ocrx_word' id='word_1_40' title='bbox 1063 453 1139 497; x_wconf 91' lang='lat' dir='ltr'><strong>hoc</strong></span> <span class='ocrx_word' id='word_1_41' title='bbox 1176 454 1368 510; x_wconf 85' lang='lat' dir='ltr'><strong>equidem</strong></span> <span class='ocrx_word' id='word_1_42' title='bbox 1394 469 1491 499; x_wconf 84' lang='lat' dir='ltr'><strong>casu</strong></span> <span class='ocrx_word' id='word_1_43' title='bbox 1509 473 1572 499; x_wconf 88' lang='lat' dir='ltr'><strong>re-</strong></span> 
     </span>
     <span class='ocr_line' id='line_1_6' title="bbox 103 510 1571 569; baseline 0.001 -12"><span class='ocrx_word' id='word_1_44' title='bbox 103 514 239 557; x_wconf 85' lang='lat' dir='ltr'><strong>scribit</strong></span> <span class='ocrx_word' id='word_1_45' title='bbox 267 527 361 555; x_wconf 87' lang='lat' dir='ltr'><strong>cum</strong></span> <span class='ocrx_word' id='word_1_46' title='bbox 376 511 554 554; x_wconf 78' lang='lat' dir='ltr'><strong>clausula</strong></span> <span class='ocrx_word' id='word_1_47' title='bbox 569 542 581 560; x_wconf 86' lang='lat'><strong>,</strong></span> <span class='ocrx_word' id='word_1_48' title='bbox 598 512 644 552; x_wconf 78' lang='lat' dir='ltr'><strong>cle</strong></span> <span class='ocrx_word' id='word_1_49' title='bbox 656 510 900 568; x_wconf 80' lang='lat' dir='ltr'><strong>praefixione</strong></span> <span class='ocrx_word' id='word_1_50' title='bbox 915 512 1099 563; x_wconf 84' lang='lat' dir='ltr'><strong>termini,</strong></span> <span class='ocrx_word' id='word_1_51' title='bbox 1120 528 1226 569; x_wconf 89' lang='lat' dir='ltr'><strong>quae</strong></span> <span class='ocrx_word' id='word_1_52' title='bbox 1246 513 1297 555; x_wconf 87' lang='lat' dir='ltr'><strong>ita</strong></span> <span class='ocrx_word' id='word_1_53' title='bbox 1322 516 1571 568; x_wconf 81' lang='lat' dir='ltr'><strong>extenditur,</strong></span> 
     </span>
     <span class='ocr_line' id='line_1_7' title="bbox 102 569 1568 631; baseline 0.001 -14"><span class='ocrx_word' id='word_1_54' title='bbox 102 573 218 617; x_wconf 84' lang='lat' dir='ltr'><strong>alteri</strong></span> <span class='ocrx_word' id='word_1_55' title='bbox 230 571 363 619; x_wconf 78' lang='lat' dir='ltr'><strong>,ludici</strong></span> <span class='ocrx_word' id='word_1_56' title='bbox 378 600 390 617; x_wconf 91' lang='lat'><strong>‚</strong></span> <span class='ocrx_word' id='word_1_57' title='bbox 420 570 487 627; x_wconf 77' lang='lat' dir='ltr'><strong>qui</strong></span> <span class='ocrx_word' id='word_1_58' title='bbox 502 569 695 629; x_wconf 67' lang='lat' dir='ltr'><strong>praefigat</strong></span> <span class='ocrx_word' id='word_1_59' title='bbox 711 571 920 613; x_wconf 79' lang='lat' dir='ltr'><strong>terminum</strong></span> <span class='ocrx_word' id='word_1_60' title='bbox 951 574 1005 614; x_wconf 73' lang='lat' dir='ltr'><strong>acl</strong></span> <span class='ocrx_word' id='word_1_61' title='bbox 1023 573 1239 615; x_wconf 80' lang='lat' dir='ltr'><strong>docendum</strong></span> <span class='ocrx_word' id='word_1_62' title='bbox 1267 573 1314 614; x_wconf 82' lang='lat' dir='ltr'><strong>de</strong></span> <span class='ocrx_word' id='word_1_63' title='bbox 1333 575 1568 631; x_wconf 70' lang='lat' dir='ltr'><strong>appell-ttio-</strong></span> 
     </span>
     <span class='ocr_line' id='line_1_8' title="bbox 103 630 1565 687; baseline 0.003 -15"><span class='ocrx_word' id='word_1_64' title='bbox 103 649 178 682; x_wconf 73' lang='grc' dir='ltr'><strong>ηε,</strong></span> <span class='ocrx_word' id='word_1_65' title='bbox 207 632 359 687; x_wconf 70' lang='lat' dir='ltr'><strong>ejusque</strong></span> <span class='ocrx_word' id='word_1_66' title='bbox 390 630 563 687; x_wconf 78' lang='lat' dir='ltr'><strong>legitima</strong></span> <span class='ocrx_word' id='word_1_67' title='bbox 584 630 878 686; x_wconf 75' lang='lat' dir='ltr'><strong>prosequutione</strong></span> <span class='ocrx_word' id='word_1_68' title='bbox 895 662 907 679; x_wconf 88' lang='lat'><strong>,</strong></span> <span class='ocrx_word' id='word_1_69' title='bbox 939 647 1088 674; x_wconf 78' lang='lat' dir='ltr'><strong>necnon</strong></span> <span class='ocrx_word' id='word_1_70' title='bbox 1119 634 1166 674; x_wconf 85' lang='lat' dir='ltr'><strong>cle</strong></span> <span class='ocrx_word' id='word_1_71' title='bbox 1185 631 1323 674; x_wconf 73' lang='lat' dir='ltr'><strong>Causis</strong></span> <span class='ocrx_word' id='word_1_72' title='bbox 1353 633 1565 676; x_wconf 80' lang='lat' dir='ltr'><strong>restitutio-</strong></span> 
     </span>
     <span class='ocr_line' id='line_1_9' title="bbox 104 688 1571 747; baseline 0.002 -13"><span class='ocrx_word' id='word_1_73' title='bbox 104 692 166 734; x_wconf 79' lang='lat' dir='ltr'><strong>nis</strong></span> <span class='ocrx_word' id='word_1_74' title='bbox 190 691 231 731; x_wconf 86' lang='lat' dir='ltr'><strong>in</strong></span> <span class='ocrx_word' id='word_1_75' title='bbox 248 690 465 747; x_wconf 81' lang='lat' dir='ltr'><strong>integrum:,</strong></span> <span class='ocrx_word' id='word_1_76' title='bbox 495 702 570 745; x_wconf 82' lang='lat' dir='ltr'><strong>quo</strong></span> <span class='ocrx_word' id='word_1_77' title='bbox 588 689 713 744; x_wconf 77' lang='lat' dir='ltr'><strong>elapso</strong></span> <span class='ocrx_word' id='word_1_78' title='bbox 733 718 747 737; x_wconf 94' lang='lat'><strong>,</strong></span> <span class='ocrx_word' id='word_1_79' title='bbox 779 702 817 730; x_wconf 88' lang='lat' dir='ltr'><strong>et</strong></span> <span class='ocrx_word' id='word_1_80' title='bbox 842 688 938 731; x_wconf 71' lang='lat' dir='ltr'><strong>nihil</strong></span> <span class='ocrx_word' id='word_1_81' title='bbox 970 692 1144 733; x_wconf 75' lang='lat' dir='ltr'><strong>relevans</strong></span> <span class='ocrx_word' id='word_1_82' title='bbox 1170 693 1280 735; x_wconf 76' lang='lat' dir='ltr'><strong>docto</strong></span> <span class='ocrx_word' id='word_1_83' title='bbox 1297 721 1309 740; x_wconf 86' lang='lat'>‚</span> <span class='ocrx_word' id='word_1_84' title='bbox 1341 693 1507 736; x_wconf 72' lang='lat' dir='ltr'><strong>conszz‘to</strong></span> <span class='ocrx_word' id='word_1_85' title='bbox 1523 696 1571 737; x_wconf 76' lang='lat' dir='ltr'><strong>cle</strong></span> 
     </span>
     <span class='ocr_line' id='line_1_10' title="bbox 103 747 1569 808; baseline 0.005 -21"><span class='ocrx_word' id='word_1_86' title='bbox 103 765 146 792; x_wconf 83' lang='lat' dir='ltr'><strong>re</strong></span> <span class='ocrx_word' id='word_1_87' title='bbox 168 747 348 804; x_wconf 72' lang='lat' dir='ltr'><strong>judicata</strong></span> <span class='ocrx_word' id='word_1_88' title='bbox 377 780 390 799; x_wconf 90' lang='lat'><strong>,</strong></span> <span class='ocrx_word' id='word_1_89' title='bbox 415 749 475 789; x_wconf 79' lang='lat' dir='ltr'><strong>vel</strong></span> <span class='ocrx_word' id='word_1_90' title='bbox 503 748 612 804; x_wconf 78' lang='lat' dir='ltr'><strong>quod</strong></span> <span class='ocrx_word' id='word_1_91' title='bbox 648 747 746 789; x_wconf 80' lang='lat' dir='ltr'><strong>alias</strong></span> <span class='ocrx_word' id='word_1_92' title='bbox 774 748 1029 806; x_wconf 78' lang='lat' dir='ltr'><strong>exequutioni</strong></span> <span class='ocrx_word' id='word_1_93' title='bbox 1069 751 1177 792; x_wconf 73' lang='lat' dir='ltr'><strong>locus</strong></span> <span class='ocrx_word' id='word_1_94' title='bbox 1212 750 1261 792; x_wconf 79' lang='lat' dir='ltr'><strong>sir</strong></span> <span class='ocrx_word' id='word_1_95' title='bbox 1280 778 1292 796; x_wconf 95' lang='lat'><strong>,</strong></span> <span class='ocrx_word' id='word_1_96' title='bbox 1325 763 1569 808; x_wconf 76' lang='lat' dir='ltr'><strong>exequatur,</strong></span> 
     </span>
     <span class='ocr_line' id='line_1_11' title="bbox 104 805 1571 868; baseline 0.003 -17"><span class='ocrx_word' id='word_1_97' title='bbox 104 809 162 852; x_wconf 76' lang='lat' dir='ltr'><strong>sin</strong></span> <span class='ocrx_word' id='word_1_98' title='bbox 182 808 323 861; x_wconf 51' lang='lat' dir='ltr'><strong>minus¹</strong></span> <span class='ocrx_word' id='word_1_99' title='bbox 345 822 502 851; x_wconf 79' lang='lat' dir='ltr'><strong>causam</strong></span> <span class='ocrx_word' id='word_1_100' title='bbox 536 805 801 863; x_wconf 75' lang='lat' dir='ltr'><strong>appellationis</strong></span> <span class='ocrx_word' id='word_1_101' title='bbox 819 836 833 855; x_wconf 89' lang='lat'><strong>,</strong></span> <span class='ocrx_word' id='word_1_102' title='bbox 858 819 897 850; x_wconf 84' lang='lat' dir='ltr'><strong>et</strong></span> <span class='ocrx_word' id='word_1_103' title='bbox 921 809 1174 852; x_wconf 77' lang='lat' dir='ltr'><strong>restitutionis</strong></span> <span class='ocrx_word' id='word_1_104' title='bbox 1207 809 1249 851; x_wconf 83' lang='lat' dir='ltr'><strong>in</strong></span> <span class='ocrx_word' id='word_1_105' title='bbox 1277 808 1473 868; x_wconf 80' lang='lat' dir='ltr'><strong>integrum</strong></span> <span class='ocrx_word' id='word_1_106' title='bbox 1504 827 1571 855; x_wconf 90' lang='lat' dir='ltr'><strong>co·</strong></span> 
     </span>
     <span class='ocr_line' id='line_1_12' title="bbox 101 864 1572 927; baseline 0.003 -18"><span class='ocrx_word' id='word_1_107' title='bbox 101 878 270 927; x_wconf 81' lang='lat' dir='ltr'><strong>gnoscat</strong></span> <span class='ocrx_word' id='word_1_108' title='bbox 288 898 297 907; x_wconf 91' lang='lat'><strong>.</strong></span> <span class='ocrx_word' id='word_1_109' title='bbox 335 865 473 917; x_wconf 79' lang='lat' dir='ltr'><strong>Cujus</strong></span> <span class='ocrx_word' id='word_1_110' title='bbox 508 866 681 923; x_wconf 86' lang='lat' dir='ltr'><strong>rescripti</strong></span> <span class='ocrx_word' id='word_1_111' title='bbox 716 864 877 910; x_wconf 83' lang='lat' dir='ltr'><strong>effectus</strong></span> <span class='ocrx_word' id='word_1_112' title='bbox 905 868 936 908; x_wconf 81' lang='lat' dir='ltr'><strong>is</strong></span> <span class='ocrx_word' id='word_1_113' title='bbox 963 882 1018 910; x_wconf 89' lang='lat' dir='ltr'><strong>est</strong></span> <span class='ocrx_word' id='word_1_114' title='bbox 1037 897 1050 915; x_wconf 92' lang='lat'>‚</span> <span class='ocrx_word' id='word_1_115' title='bbox 1081 882 1127 910; x_wconf 85' lang='lat' dir='ltr'><strong>ut</strong></span> <span class='ocrx_word' id='word_1_116' title='bbox 1151 868 1382 921; x_wconf 76' lang='lat' dir='ltr'><strong>iudicatum</strong></span> <span class='ocrx_word' id='word_1_117' title='bbox 1407 885 1572 927; x_wconf 88' lang='lat' dir='ltr'><strong>suspen-</strong></span> 
     </span>
     <span class='ocr_line' id='line_1_13' title="bbox 107 924 1573 984; baseline 0.002 -15"><span class='ocrx_word' id='word_1_118' title='bbox 107 929 200 974; x_wconf 89' lang='lat' dir='ltr'><strong>dat,</strong></span> <span class='ocrx_word' id='word_1_119' title='bbox 231 926 360 968; x_wconf 87' lang='lat' dir='ltr'><strong>donec</strong></span> <span class='ocrx_word' id='word_1_120' title='bbox 387 926 521 978; x_wconf 84' lang='lat' dir='ltr'><strong>Judex</strong></span> <span class='ocrx_word' id='word_1_121' title='bbox 553 924 604 967; x_wconf 86' lang='lat' dir='ltr'><strong>ad</strong></span> <span class='ocrx_word' id='word_1_122' title='bbox 625 940 746 981; x_wconf 84' lang='lat' dir='ltr'><strong>quem</strong></span> <span class='ocrx_word' id='word_1_123' title='bbox 773 939 992 983; x_wconf 84' lang='lat' dir='ltr'><strong>cognoscat</strong></span> <span class='ocrx_word' id='word_1_124' title='bbox 1020 927 1068 968; x_wconf 91' lang='lat' dir='ltr'><strong>de</strong></span> <span class='ocrx_word' id='word_1_125' title='bbox 1101 941 1140 968; x_wconf 89' lang='lat' dir='ltr'><strong>re</strong></span> <span class='ocrx_word' id='word_1_126' title='bbox 1160 928 1364 983; x_wconf 76' lang='lat' dir='ltr'><strong>judicata,</strong></span> <span class='ocrx_word' id='word_1_127' title='bbox 1402 926 1573 984; x_wconf 78' lang='lat' dir='ltr'><strong>ejusque</strong></span> 
     </span>
     <span class='ocr_line' id='line_1_14' title="bbox 105 984 1575 1044; baseline 0.001 -16"><span class='ocrx_word' id='word_1_128' title='bbox 105 986 312 1029; x_wconf 80' lang='lat' dir='ltr'><strong>validitate</strong></span> <span class='ocrx_word' id='word_1_129' title='bbox 329 1016 342 1033; x_wconf 88' lang='lat'>‚</span> <span class='ocrx_word' id='word_1_130' title='bbox 368 997 405 1026; x_wconf 86' lang='lat' dir='ltr'><strong>et</strong></span> <span class='ocrx_word' id='word_1_131' title='bbox 422 984 601 1040; x_wconf 78' lang='lat' dir='ltr'><strong>justitia3</strong></span> <span class='ocrx_word' id='word_1_132' title='bbox 630 997 668 1026; x_wconf 93' lang='lat' dir='ltr'><strong>et</strong></span> <span class='ocrx_word' id='word_1_133' title='bbox 687 997 893 1039; x_wconf 85' lang='lat' dir='ltr'><strong>quatenus</strong></span> <span class='ocrx_word' id='word_1_134' title='bbox 913 985 960 1026; x_wconf 92' lang='lat' dir='ltr'><strong>de</strong></span> <span class='ocrx_word' id='word_1_135' title='bbox 982 985 1043 1026; x_wconf 82' lang='lat' dir='ltr'><strong>illa</strong></span> <span class='ocrx_word' id='word_1_136' title='bbox 1061 999 1218 1028; x_wconf 88' lang='lat' dir='ltr'><strong>constet</strong></span> <span class='ocrx_word' id='word_1_137' title='bbox 1237 1018 1249 1036; x_wconf 88' lang='lat'><strong>,</strong></span> <span class='ocrx_word' id='word_1_138' title='bbox 1270 986 1324 1026; x_wconf 89' lang='lat' dir='ltr'><strong>nil</strong></span> <span class='ocrx_word' id='word_1_139' title='bbox 1354 986 1474 1028; x_wconf 87' lang='lat' dir='ltr'><strong>aliud</strong></span> <span class='ocrx_word' id='word_1_140' title='bbox 1492 988 1575 1044; x_wconf 85' lang='lat' dir='ltr'><strong>agit</strong></span> 
     </span>
     <span class='ocr_line' id='line_1_15' title="bbox 106 1042 1571 1099; baseline 0.003 -16"><span class='ocrx_word' id='word_1_141' title='bbox 106 1042 166 1084; x_wconf 87' lang='lat' dir='ltr'><strong>ille</strong></span> <span class='ocrx_word' id='word_1_142' title='bbox 185 1073 199 1090; x_wconf 92' lang='lat'><strong>,</strong></span> <span class='ocrx_word' id='word_1_143' title='bbox 237 1043 360 1098; x_wconf 71' lang='lat' dir='ltr'><strong>quam</strong></span> <span class='ocrx_word' id='word_1_144' title='bbox 388 1044 628 1083; x_wconf 86' lang='lat' dir='ltr'><strong>mandatum</strong></span> <span class='ocrx_word' id='word_1_145' title='bbox 658 1043 833 1083; x_wconf 83' lang='lat' dir='ltr'><strong>relaxare</strong></span> <span class='ocrx_word' id='word_1_146' title='bbox 862 1058 936 1099; x_wconf 87' lang='lat' dir='ltr'><strong>pro</strong></span> <span class='ocrx_word' id='word_1_147' title='bbox 955 1045 1156 1085; x_wconf 87' lang='lat' dir='ltr'><strong>contentis</strong></span> <span class='ocrx_word' id='word_1_148' title='bbox 1179 1044 1221 1084; x_wconf 86' lang='lat' dir='ltr'><strong>in</strong></span> <span class='ocrx_word' id='word_1_149' title='bbox 1248 1046 1442 1086; x_wconf 82' lang='lat' dir='ltr'><strong>sententia</strong></span> <span class='ocrx_word' id='word_1_150' title='bbox 1462 1077 1474 1094; x_wconf 89' lang='lat'><strong>,</strong></span> <span class='ocrx_word' id='word_1_151' title='bbox 1507 1046 1571 1089; x_wconf 76' lang='lat' dir='ltr'><strong>vel</strong></span> 
     </span>
     <span class='ocr_line' id='line_1_16' title="bbox 73 1098 1572 1155; baseline 0.003 -15"><span class='ocrx_word' id='word_1_152' title='bbox 73 1135 81 1140; x_wconf 69' lang='grc'>,</span> <span class='ocrx_word' id='word_1_153' title='bbox 105 1098 186 1155; x_wconf 76' lang='lat' dir='ltr'><strong>jam</strong></span> <span class='ocrx_word' id='word_1_154' title='bbox 219 1102 440 1142; x_wconf 84' lang='lat' dir='ltr'><strong>relaxatum</strong></span> <span class='ocrx_word' id='word_1_155' title='bbox 471 1100 649 1153; x_wconf 82' lang='lat' dir='ltr'><strong>exequi,</strong></span> <span class='ocrx_word' id='word_1_156' title='bbox 673 1113 711 1141; x_wconf 90' lang='lat' dir='ltr'><strong>et</strong></span> <span class='ocrx_word' id='word_1_157' title='bbox 734 1112 934 1155; x_wconf 81' lang='lat' dir='ltr'><strong>expensas</strong></span> <span class='ocrx_word' id='word_1_158' title='bbox 957 1113 1092 1143; x_wconf 80' lang='lat' dir='ltr'><strong>taxare</strong></span> <span class='ocrx_word' id='word_1_159' title='bbox 1117 1116 1128 1149; x_wconf 84' lang='lat'>3</span> <span class='ocrx_word' id='word_1_160' title='bbox 1162 1102 1193 1142; x_wconf 89' lang='lat' dir='ltr'><strong>si</strong></span> <span class='ocrx_word' id='word_1_161' title='bbox 1223 1117 1320 1145; x_wconf 86' lang='lat' dir='ltr'><strong>vero</strong></span> <span class='ocrx_word' id='word_1_162' title='bbox 1355 1104 1572 1154; x_wconf 83' lang='lat' dir='ltr'><strong>sententia,</strong></span> 
     </span>
     <span class='ocr_line' id='line_1_17' title="bbox 108 1156 1571 1218; baseline 0.003 -18"><span class='ocrx_word' id='word_1_163' title='bbox 108 1160 157 1201; x_wconf 88' lang='lat' dir='ltr'><strong>de</strong></span> <span class='ocrx_word' id='word_1_164' title='bbox 181 1174 263 1215; x_wconf 91' lang='lat' dir='ltr'><strong>qua</strong></span> <span class='ocrx_word' id='word_1_165' title='bbox 292 1173 436 1215; x_wconf 73' lang='lat' dir='ltr'><strong>agatur</strong></span> <span class='ocrx_word' id='word_1_166' title='bbox 452 1190 465 1208; x_wconf 93' lang='lat'>‚</span> <span class='ocrx_word' id='word_1_167' title='bbox 491 1157 811 1212; x_wconf 79' lang='lat' dir='ltr'><strong>exequutionem</strong></span> <span class='ocrx_word' id='word_1_168' title='bbox 838 1156 974 1200; x_wconf 84' lang='lat' dir='ltr'><strong>forsan</strong></span> <span class='ocrx_word' id='word_1_169' title='bbox 1003 1174 1087 1201; x_wconf 88' lang='lat' dir='ltr'><strong>non</strong></span> <span class='ocrx_word' id='word_1_170' title='bbox 1108 1174 1308 1202; x_wconf 88' lang='lat' dir='ltr'><strong>mereatur</strong></span> <span class='ocrx_word' id='word_1_171' title='bbox 1326 1190 1338 1207; x_wconf 89' lang='lat'><strong>‚</strong></span> <span class='ocrx_word' id='word_1_172' title='bbox 1369 1175 1407 1204; x_wconf 89' lang='lat' dir='ltr'><strong>et</strong></span> <span class='ocrx_word' id='word_1_173' title='bbox 1431 1177 1571 1218; x_wconf 90' lang='lat' dir='ltr'><strong>eapro-</strong></span> 
     </span>
     <span class='ocr_line' id='line_1_18' title="bbox 108 1216 1575 1276; baseline 0.003 -16"><span class='ocrx_word' id='word_1_174' title='bbox 108 1230 194 1276; x_wconf 84' lang='lat' dir='ltr'><strong>pter</strong></span> <span class='ocrx_word' id='word_1_175' title='bbox 225 1218 272 1259; x_wconf 89' lang='lat' dir='ltr'><strong>de</strong></span> <span class='ocrx_word' id='word_1_176' title='bbox 291 1232 330 1259; x_wconf 89' lang='lat' dir='ltr'><strong>re</strong></span> <span class='ocrx_word' id='word_1_177' title='bbox 345 1217 525 1273; x_wconf 84' lang='lat' dir='ltr'><strong>judicata</strong></span> <span class='ocrx_word' id='word_1_178' title='bbox 544 1249 557 1266; x_wconf 88' lang='lat'>‚</span> <span class='ocrx_word' id='word_1_179' title='bbox 588 1232 659 1258; x_wconf 91' lang='lat' dir='ltr'><strong>seu</strong></span> <span class='ocrx_word' id='word_1_180' title='bbox 677 1216 725 1257; x_wconf 91' lang='lat' dir='ltr'><strong>de</strong></span> <span class='ocrx_word' id='word_1_181' title='bbox 749 1216 852 1258; x_wconf 82' lang='lat' dir='ltr'><strong>illius</strong></span> <span class='ocrx_word' id='word_1_182' title='bbox 871 1217 1075 1261; x_wconf 81' lang='lat' dir='ltr'><strong>validitate</strong></span> <span class='ocrx_word' id='word_1_183' title='bbox 1091 1249 1103 1268; x_wconf 86' lang='lat'>‚</span> <span class='ocrx_word' id='word_1_184' title='bbox 1131 1233 1169 1261; x_wconf 92' lang='lat' dir='ltr'><strong>et</strong></span> <span class='ocrx_word' id='word_1_185' title='bbox 1199 1219 1348 1274; x_wconf 77' lang='lat' dir='ltr'><strong>justitia</strong></span> <span class='ocrx_word' id='word_1_186' title='bbox 1368 1235 1452 1262; x_wconf 88' lang='lat' dir='ltr'><strong>non</strong></span> <span class='ocrx_word' id='word_1_187' title='bbox 1471 1235 1575 1264; x_wconf 81' lang='lat' dir='ltr'><strong>con-</strong></span> 
     </span>
    </p>
   </div>
   <div class='ocr_carea' id='block_1_2' title="bbox 108 1275 1574 1391">
    <p class='ocr_par' dir='ltr' id='par_1_2' title="bbox 108 1275 1574 1391">
     <span class='ocr_line' id='line_1_19' title="bbox 108 1275 1574 1335; baseline 0.003 -16"><span class='ocrx_word' id='word_1_188' title='bbox 108 1289 184 1320; x_wconf 87' lang='lat' dir='ltr'><strong>stet</strong></span> <span class='ocrx_word' id='word_1_189' title='bbox 203 1307 216 1325; x_wconf 93' lang='lat'><strong>,</strong></span> <span class='ocrx_word' id='word_1_190' title='bbox 249 1277 427 1332; x_wconf 82' lang='lat' dir='ltr'><strong>procedit</strong></span> <span class='ocrx_word' id='word_1_191' title='bbox 456 1277 497 1315; x_wconf 86' lang='lat' dir='ltr'><strong>in</strong></span> <span class='ocrx_word' id='word_1_192' title='bbox 516 1289 637 1317; x_wconf 86' lang='lat' dir='ltr'><strong>causa</strong></span> <span class='ocrx_word' id='word_1_193' title='bbox 659 1275 932 1332; x_wconf 80' lang='lat' dir='ltr'><strong>appellationis</strong></span> <span class='ocrx_word' id='word_1_194' title='bbox 952 1309 965 1327; x_wconf 90' lang='lat'>‚</span> <span class='ocrx_word' id='word_1_195' title='bbox 997 1278 1313 1335; x_wconf 78' lang='lat' dir='ltr'><strong>pronunclando</strong></span> <span class='ocrx_word' id='word_1_196' title='bbox 1331 1309 1345 1330; x_wconf 85' lang='lat'><strong>,</strong></span> <span class='ocrx_word' id='word_1_197' title='bbox 1380 1293 1426 1322; x_wconf 86' lang='lat' dir='ltr'><strong>ut</strong></span> <span class='ocrx_word' id='word_1_198' title='bbox 1451 1282 1574 1325; x_wconf 87' lang='lat' dir='ltr'><strong>moris</strong></span> 
     </span>
     <span class='ocr_line' id='line_1_20' title="bbox 110 1334 1123 1391; baseline -0.002 -13"><span class='ocrx_word' id='word_1_199' title='bbox 110 1348 198 1386; x_wconf 87' lang='lat' dir='ltr'><strong>est,</strong></span> <span class='ocrx_word' id='word_1_200' title='bbox 232 1336 334 1378; x_wconf 89' lang='lat' dir='ltr'><strong>bene</strong></span> <span class='ocrx_word' id='word_1_201' title='bbox 372 1334 643 1390; x_wconf 83' lang='lat' dir='ltr'><strong>appellatum,</strong></span> <span class='ocrx_word' id='word_1_202' title='bbox 676 1346 715 1375; x_wconf 84' lang='lat' dir='ltr'><strong>et</strong></span> <span class='ocrx_word' id='word_1_203' title='bbox 750 1334 849 1374; x_wconf 88' lang='lat' dir='ltr'><strong>male</strong></span> <span class='ocrx_word' id='word_1_204' title='bbox 874 1335 1123 1391; x_wconf 82' lang='lat' dir='ltr'><strong>judicatum.</strong></span> 
     </span>
    </p>
   </div>
   <div class='ocr_carea' id='block_1_3' title="bbox 111 1393 1577 2454">
    <p class='ocr_par' dir='ltr' id='par_1_3' title="bbox 111 1393 1577 1861">
     <span class='ocr_line' id='line_1_21' title="bbox 229 1393 1573 1454; baseline 0.003 -19"><span class='ocrx_word' id='word_1_205' title='bbox 229 1394 367 1436; x_wconf 83' lang='lat' dir='ltr'><strong>Altero</strong></span> <span class='ocrx_word' id='word_1_206' title='bbox 383 1405 515 1434; x_wconf 87' lang='lat' dir='ltr'><strong>tamen</strong></span> <span class='ocrx_word' id='word_1_207' title='bbox 538 1407 632 1435; x_wconf 89' lang='lat' dir='ltr'><strong>casu</strong></span> <span class='ocrx_word' id='word_1_208' title='bbox 652 1422 663 1441; x_wconf 76' lang='lat'><strong>,</strong></span> <span class='ocrx_word' id='word_1_209' title='bbox 681 1405 815 1446; x_wconf 87' lang='lat' dir='ltr'><strong>quum</strong></span> <span class='ocrx_word' id='word_1_210' title='bbox 843 1407 984 1450; x_wconf 85' lang='lat' dir='ltr'><strong>nempe</strong></span> <span class='ocrx_word' id='word_1_211' title='bbox 1015 1393 1237 1450; x_wconf 79' lang='lat' dir='ltr'><strong>exequutio</strong></span> <span class='ocrx_word' id='word_1_212' title='bbox 1262 1394 1344 1452; x_wconf 81' lang='lat' dir='ltr'><strong>jam</strong></span> <span class='ocrx_word' id='word_1_213' title='bbox 1361 1408 1471 1454; x_wconf 84' lang='lat' dir='ltr'><strong>cepta</strong></span> <span class='ocrx_word' id='word_1_214' title='bbox 1491 1396 1541 1439; x_wconf 89' lang='lat' dir='ltr'><strong>sit</strong></span> <span class='ocrx_word' id='word_1_215' title='bbox 1557 1425 1573 1446; x_wconf 83' lang='lat'><strong>,</strong></span> 
     </span>
     <span class='ocr_line' id='line_1_22' title="bbox 112 1451 1577 1510; baseline 0.003 -15"><span class='ocrx_word' id='word_1_216' title='bbox 112 1454 164 1495; x_wconf 89' lang='lat' dir='ltr'><strong>de</strong></span> <span class='ocrx_word' id='word_1_217' title='bbox 185 1452 435 1495; x_wconf 82' lang='lat' dir='ltr'><strong>restitutione</strong></span> <span class='ocrx_word' id='word_1_218' title='bbox 468 1452 509 1493; x_wconf 88' lang='lat' dir='ltr'><strong>in</strong></span> <span class='ocrx_word' id='word_1_219' title='bbox 529 1452 729 1508; x_wconf 73' lang='lat' dir='ltr'><strong>integrum</strong></span> <span class='ocrx_word' id='word_1_220' title='bbox 748 1451 864 1494; x_wconf 83' lang='lat' dir='ltr'><strong>etiam</strong></span> <span class='ocrx_word' id='word_1_221' title='bbox 896 1452 1074 1495; x_wconf 86' lang='lat' dir='ltr'><strong>rescribit</strong></span> <span class='ocrx_word' id='word_1_222' title='bbox 1100 1454 1319 1510; x_wconf 76' lang='lat' dir='ltr'><strong>signatura</strong></span> <span class='ocrx_word' id='word_1_223' title='bbox 1351 1487 1364 1505; x_wconf 86' lang='lat'>‚</span> <span class='ocrx_word' id='word_1_224' title='bbox 1396 1456 1465 1497; x_wconf 89' lang='lat' dir='ltr'><strong>sed</strong></span> <span class='ocrx_word' id='word_1_225' title='bbox 1481 1470 1577 1499; x_wconf 80' lang='lat' dir='ltr'><strong>cum</strong></span> 
     </span>
     <span class='ocr_line' id='line_1_23' title="bbox 111 1510 1576 1570; baseline 0.002 -15"><span class='ocrx_word' id='word_1_226' title='bbox 111 1513 291 1555; x_wconf 85' lang='lat' dir='ltr'><strong>clausula</strong></span> <span class='ocrx_word' id='word_1_227' title='bbox 317 1512 399 1553; x_wconf 80' lang='lat' dir='ltr'><strong>sine</strong></span> <span class='ocrx_word' id='word_1_228' title='bbox 409 1511 650 1569; x_wconf 78' lang='lat' dir='ltr'><strong>praejudicio</strong></span> <span class='ocrx_word' id='word_1_229' title='bbox 683 1511 739 1553; x_wconf 83' lang='lat' dir='ltr'><strong>rei</strong></span> <span class='ocrx_word' id='word_1_230' title='bbox 742 1510 974 1568; x_wconf 79' lang='lat' dir='ltr'><strong>jtcdicntne;</strong></span> <span class='ocrx_word' id='word_1_231' title='bbox 1006 1524 1045 1554; x_wconf 89' lang='lat' dir='ltr'><strong>et</strong></span> <span class='ocrx_word' id='word_1_232' title='bbox 1063 1513 1092 1554; x_wconf 88' lang='lat' dir='ltr'><strong>si</strong></span> <span class='ocrx_word' id='word_1_233' title='bbox 1105 1513 1299 1556; x_wconf 86' lang='lat' dir='ltr'><strong>sententia</strong></span> <span class='ocrx_word' id='word_1_234' title='bbox 1317 1513 1576 1570; x_wconf 79' lang='lat' dir='ltr'><strong>deinjustitia</strong></span> 
     </span>
     <span class='ocr_line' id='line_1_24' title="bbox 112 1569 1577 1630; baseline 0.002 -17"><span class='ocrx_word' id='word_1_235' title='bbox 112 1569 396 1627; x_wconf 78' lang='lat' dir='ltr'><strong>redarguitur,</strong></span> <span class='ocrx_word' id='word_1_236' title='bbox 430 1584 529 1613; x_wconf 88' lang='lat' dir='ltr'><strong>tunc</strong></span> <span class='ocrx_word' id='word_1_237' title='bbox 560 1570 797 1613; x_wconf 84' lang='lat' dir='ltr'><strong>examinatis</strong></span> <span class='ocrx_word' id='word_1_238' title='bbox 818 1586 958 1613; x_wconf 81' lang='lat' dir='ltr'><strong>causae</strong></span> <span class='ocrx_word' id='word_1_239' title='bbox 977 1572 1123 1614; x_wconf 88' lang='lat' dir='ltr'><strong>meritis</strong></span> <span class='ocrx_word' id='word_1_240' title='bbox 1156 1573 1287 1630; x_wconf 81' lang='lat' dir='ltr'><strong>signat</strong></span> <span class='ocrx_word' id='word_1_241' title='bbox 1305 1572 1577 1616; x_wconf 83' lang='lat' dir='ltr'><strong>Commissio-</strong></span> 
     </span>
     <span class='ocr_line' id='line_1_25' title="bbox 112 1629 1574 1689; baseline 0.002 -18"><span class='ocrx_word' id='word_1_242' title='bbox 112 1644 210 1671; x_wconf 86' lang='lat' dir='ltr'><strong>nem</strong></span> <span class='ocrx_word' id='word_1_243' title='bbox 232 1644 326 1671; x_wconf 86' lang='lat' dir='ltr'><strong>cum</strong></span> <span class='ocrx_word' id='word_1_244' title='bbox 347 1630 525 1672; x_wconf 83' lang='lat' dir='ltr'><strong>clausula</strong></span> <span class='ocrx_word' id='word_1_245' title='bbox 539 1659 553 1678; x_wconf 89' lang='lat'>‚</span> <span class='ocrx_word' id='word_1_246' title='bbox 591 1629 705 1671; x_wconf 81' lang='lat' dir='ltr'><strong>alteri</strong></span> <span class='ocrx_word' id='word_1_247' title='bbox 721 1661 734 1679; x_wconf 91' lang='lat'><strong>,</strong></span> <span class='ocrx_word' id='word_1_248' title='bbox 776 1629 842 1686; x_wconf 77' lang='lat' dir='ltr'><strong>qui</strong></span> <span class='ocrx_word' id='word_1_249' title='bbox 856 1630 911 1671; x_wconf 81' lang='lat' dir='ltr'><strong>nd</strong></span> <span class='ocrx_word' id='word_1_250' title='bbox 923 1631 1135 1673; x_wconf 79' lang='lat' dir='ltr'><strong>ulteriorem</strong></span> <span class='ocrx_word' id='word_1_251' title='bbox 1155 1631 1365 1689; x_wconf 77' lang='lat' dir='ltr'><strong>legitimam</strong></span> <span class='ocrx_word' id='word_1_252' title='bbox 1399 1647 1574 1688; x_wconf 77' lang='lat' dir='ltr'><strong>exequu-</strong></span> 
     </span>
     <span class='ocr_line' id='line_1_26' title="bbox 112 1685 1573 1748; baseline 0.001 -17"><span class='ocrx_word' id='word_1_253' title='bbox 112 1689 258 1731; x_wconf 74' lang='lat' dir='ltr'><strong>tionem</strong></span> <span class='ocrx_word' id='word_1_254' title='bbox 282 1685 500 1744; x_wconf 78' lang='lat' dir='ltr'><strong>procedat,</strong></span> <span class='ocrx_word' id='word_1_255' title='bbox 518 1689 576 1729; x_wconf 64' lang='lat' dir='ltr'><strong>sin</strong></span> <span class='ocrx_word' id='word_1_256' title='bbox 596 1688 726 1729; x_wconf 72' lang='lat' dir='ltr'><strong>minus</strong></span> <span class='ocrx_word' id='word_1_257' title='bbox 741 1704 901 1731; x_wconf 77' lang='lat' dir='ltr'><strong>causam</strong></span> <span class='ocrx_word' id='word_1_258' title='bbox 933 1690 1204 1746; x_wconf 77' lang='lat' dir='ltr'><strong>appellationis</strong></span> <span class='ocrx_word' id='word_1_259' title='bbox 1229 1701 1469 1748; x_wconf 81' lang='lat' dir='ltr'><strong>cognoscat;</strong></span> <span class='ocrx_word' id='word_1_260' title='bbox 1495 1691 1573 1732; x_wconf 87' lang='lat' dir='ltr'><strong>hu-</strong></span> 
     </span>
     <span class='ocr_line' id='line_1_27' title="bbox 112 1743 1575 1803; baseline 0.002 -14"><span class='ocrx_word' id='word_1_261' title='bbox 112 1745 222 1801; x_wconf 81' lang='lat' dir='ltr'><strong>jusce</strong></span> <span class='ocrx_word' id='word_1_262' title='bbox 257 1745 458 1788; x_wconf 81' lang='lat' dir='ltr'><strong>clausulae</strong></span> <span class='ocrx_word' id='word_1_263' title='bbox 493 1743 678 1787; x_wconf 86' lang='lat' dir='ltr'><strong>effectum</strong></span> <span class='ocrx_word' id='word_1_264' title='bbox 711 1746 775 1785; x_wconf 90' lang='lat' dir='ltr'><strong>hic</strong></span> <span class='ocrx_word' id='word_1_265' title='bbox 794 1747 988 1801; x_wconf 83' lang='lat' dir='ltr'><strong>explicare</strong></span> <span class='ocrx_word' id='word_1_266' title='bbox 1007 1762 1353 1803; x_wconf 87' lang='lat' dir='ltr'><strong>supervacaneum</strong></span> <span class='ocrx_word' id='word_1_267' title='bbox 1369 1749 1575 1792; x_wconf 79' lang='lat' dir='ltr'><strong>existima-</strong></span> 
     </span>
     <span class='ocr_line' id='line_1_28' title="bbox 114 1803 1363 1861; baseline -0.001 -13"><span class='ocrx_word' id='word_1_268' title='bbox 114 1821 205 1848; x_wconf 88' lang='lat' dir='ltr'><strong>mus</strong></span> <span class='ocrx_word' id='word_1_269' title='bbox 225 1833 238 1853; x_wconf 90' lang='lat'><strong>‚</strong></span> <span class='ocrx_word' id='word_1_270' title='bbox 271 1811 401 1861; x_wconf 86' lang='lat' dir='ltr'><strong>quum</strong></span> <span class='ocrx_word' id='word_1_271' title='bbox 419 1803 512 1846; x_wconf 88' lang='lat' dir='ltr'><strong>satis</strong></span> <span class='ocrx_word' id='word_1_272' title='bbox 538 1804 705 1845; x_wconf 83' lang='lat' dir='ltr'><strong>abunde</strong></span> <span class='ocrx_word' id='word_1_273' title='bbox 732 1804 920 1857; x_wconf 88' lang='lat' dir='ltr'><strong>superius</strong></span> <span class='ocrx_word' id='word_1_274' title='bbox 952 1804 999 1846; x_wconf 89' lang='lat' dir='ltr'><strong>de</strong></span> <span class='ocrx_word' id='word_1_275' title='bbox 1017 1819 1062 1845; x_wconf 85' lang='lat' dir='ltr'><strong>ea</strong></span> <span class='ocrx_word' id='word_1_276' title='bbox 1083 1806 1238 1848; x_wconf 87' lang='lat' dir='ltr'><strong>dictum</strong></span> <span class='ocrx_word' id='word_1_277' title='bbox 1264 1806 1317 1847; x_wconf 87' lang='lat' dir='ltr'><strong>sit</strong></span> <span class='ocrx_word' id='word_1_278' title='bbox 1353 1838 1363 1847; x_wconf 91' lang='lat'><strong><em>.</em></strong></span> 
     </span>
    </p>

    <p class='ocr_par' dir='ltr' id='par_1_4' title="bbox 113 1862 1577 2454">
     <span class='ocr_line' id='line_1_29' title="bbox 232 1862 1576 1919; baseline 0.003 -14"><span class='ocrx_word' id='word_1_279' title='bbox 232 1863 412 1905; x_wconf 89' lang='lat' dir='ltr'><strong>Demum</strong></span> <span class='ocrx_word' id='word_1_280' title='bbox 447 1876 535 1919; x_wconf 89' lang='lat' dir='ltr'><strong>post</strong></span> <span class='ocrx_word' id='word_1_281' title='bbox 551 1875 624 1904; x_wconf 90' lang='lat' dir='ltr'><strong>tres</strong></span> <span class='ocrx_word' id='word_1_282' title='bbox 641 1862 855 1904; x_wconf 84' lang='lat' dir='ltr'><strong>sententias</strong></span> <span class='ocrx_word' id='word_1_283' title='bbox 887 1864 1144 1914; x_wconf 82' lang='lat' dir='ltr'><strong>conformes,</strong></span> <span class='ocrx_word' id='word_1_284' title='bbox 1174 1865 1238 1908; x_wconf 91' lang='lat' dir='ltr'><strong>vel</strong></span> <span class='ocrx_word' id='word_1_285' title='bbox 1274 1866 1382 1910; x_wconf 11' lang='lat' dir='ltr'><strong>duas,</strong></span> <span class='ocrx_word' id='word_1_286' title='bbox 1410 1863 1459 1907; x_wconf 77' lang='lat' dir='ltr'><strong>in</strong></span> <span class='ocrx_word' id='word_1_287' title='bbox 1477 1880 1576 1909; x_wconf 90' lang='lat' dir='ltr'><strong>casu</strong></span> 
     </span>
     <span class='ocr_line' id='line_1_30' title="bbox 113 1921 1576 1981; baseline 0.001 -16"><span class='ocrx_word' id='word_1_288' title='bbox 113 1922 286 1969; x_wconf 76' lang='lat' dir='ltr'><strong>statuti,</strong></span> <span class='ocrx_word' id='word_1_289' title='bbox 318 1921 379 1966; x_wconf 91' lang='lat' dir='ltr'><strong>vel</strong></span> <span class='ocrx_word' id='word_1_290' title='bbox 398 1921 494 1965; x_wconf 88' lang='lat' dir='ltr'><strong>alias</strong></span> <span class='ocrx_word' id='word_1_291' title='bbox 512 1923 895 1978; x_wconf 85' lang='lat' dir='ltr'><strong>quomodocumque</strong></span> <span class='ocrx_word' id='word_1_292' title='bbox 928 1936 1015 1980; x_wconf 89' lang='lat' dir='ltr'><strong>post</strong></span> <span class='ocrx_word' id='word_1_293' title='bbox 1034 1938 1115 1964; x_wconf 90' lang='lat' dir='ltr'><strong>rem</strong></span> <span class='ocrx_word' id='word_1_294' title='bbox 1146 1923 1368 1981; x_wconf 85' lang='lat' dir='ltr'><strong>judicatam</strong></span> <span class='ocrx_word' id='word_1_295' title='bbox 1399 1952 1414 1973; x_wconf 90' lang='lat'><strong>,</strong></span> <span class='ocrx_word' id='word_1_296' title='bbox 1445 1939 1576 1980; x_wconf 85' lang='lat' dir='ltr'><strong>quum</strong></span> 
     </span>
     <span class='ocr_line' id='line_1_31' title="bbox 115 1981 1577 2041; baseline 0 -17"><span class='ocrx_word' id='word_1_297' title='bbox 115 1981 235 2024; x_wconf 76' lang='lat' dir='ltr'><strong>semel</strong></span> <span class='ocrx_word' id='word_1_298' title='bbox 262 1995 451 2024; x_wconf 83' lang='lat' dir='ltr'><strong>concessa</strong></span> <span class='ocrx_word' id='word_1_299' title='bbox 470 1981 594 2023; x_wconf 88' lang='lat' dir='ltr'><strong>fuerit</strong></span> <span class='ocrx_word' id='word_1_300' title='bbox 626 1982 668 2022; x_wconf 87' lang='lat' dir='ltr'><strong>in</strong></span> <span class='ocrx_word' id='word_1_301' title='bbox 694 1982 894 2037; x_wconf 80' lang='lat' dir='ltr'><strong>integrum</strong></span> <span class='ocrx_word' id='word_1_302' title='bbox 914 1981 1108 2025; x_wconf 86' lang='lat' dir='ltr'><strong>restitutio</strong></span> <span class='ocrx_word' id='word_1_303' title='bbox 1125 2014 1138 2032; x_wconf 91' lang='lat'><strong>,</strong></span> <span class='ocrx_word' id='word_1_304' title='bbox 1166 1982 1351 2036; x_wconf 71' lang='lat' dir='ltr'><strong>etjudex</strong></span> <span class='ocrx_word' id='word_1_305' title='bbox 1369 1982 1577 2041; x_wconf 15' lang='lat' dir='ltr'><strong>hujuslin-</strong></span> 
     </span>
     <span class='ocr_line' id='line_1_32' title="bbox 117 2039 1576 2095; baseline 0.001 -11"><span class='ocrx_word' id='word_1_306' title='bbox 117 2040 284 2084; x_wconf 81' lang='lat' dir='ltr'><strong>stantiae</strong></span> <span class='ocrx_word' id='word_1_307' title='bbox 302 2039 498 2084; x_wconf 84' lang='lat' dir='ltr'><strong>taxaverit</strong></span> <span class='ocrx_word' id='word_1_308' title='bbox 516 2053 708 2095; x_wconf 87' lang='lat' dir='ltr'><strong>expensas</strong></span> <span class='ocrx_word' id='word_1_309' title='bbox 727 2067 740 2086; x_wconf 90' lang='lat'>‚</span> <span class='ocrx_word' id='word_1_310' title='bbox 761 2052 893 2080; x_wconf 85' lang='lat' dir='ltr'><strong>actum</strong></span> <span class='ocrx_word' id='word_1_311' title='bbox 914 2039 993 2093; x_wconf 77' lang='lat' dir='ltr'><strong>jam</strong></span> <span class='ocrx_word' id='word_1_312' title='bbox 1019 2041 1065 2080; x_wconf 86' lang='lat' dir='ltr'><strong>de</strong></span> <span class='ocrx_word' id='word_1_313' title='bbox 1095 2056 1213 2083; x_wconf 83' lang='lat' dir='ltr'><strong>causa</strong></span> <span class='ocrx_word' id='word_1_314' title='bbox 1233 2056 1333 2084; x_wconf 87' lang='lat' dir='ltr'><strong>tunc</strong></span> <span class='ocrx_word' id='word_1_315' title='bbox 1357 2054 1443 2092; x_wconf 88' lang='lat' dir='ltr'><strong>est,</strong></span> <span class='ocrx_word' id='word_1_316' title='bbox 1470 2042 1576 2085; x_wconf 90' lang='lat' dir='ltr'><strong>itaut</strong></span> 
     </span>
     <span class='ocr_line' id='line_1_33' title="bbox 119 2097 1575 2156; baseline 0.001 -15"><span class='ocrx_word' id='word_1_317' title='bbox 119 2099 268 2142; x_wconf 87' lang='lat' dir='ltr'><strong>dicitur</strong></span> <span class='ocrx_word' id='word_1_318' title='bbox 285 2101 435 2156; x_wconf 81' lang='lat' dir='ltr'><strong>integre</strong></span> <span class='ocrx_word' id='word_1_319' title='bbox 456 2097 639 2156; x_wconf 85' lang='lat' dir='ltr'><strong>expedita</strong></span> <span class='ocrx_word' id='word_1_320' title='bbox 656 2127 668 2146; x_wconf 92' lang='lat'><strong>,</strong></span> <span class='ocrx_word' id='word_1_321' title='bbox 681 2111 718 2140; x_wconf 89' lang='lat' dir='ltr'><strong>et</strong></span> <span class='ocrx_word' id='word_1_322' title='bbox 737 2098 948 2140; x_wconf 87' lang='lat' dir='ltr'><strong>terminata</strong></span> <span class='ocrx_word' id='word_1_323' title='bbox 969 2129 982 2147; x_wconf 85' lang='lat'>‚</span> <span class='ocrx_word' id='word_1_324' title='bbox 1000 2098 1182 2155; x_wconf 80' lang='lat' dir='ltr'><strong>nihilque</strong></span> <span class='ocrx_word' id='word_1_325' title='bbox 1201 2100 1312 2140; x_wconf 88' lang='lat' dir='ltr'><strong>aliud</strong></span> <span class='ocrx_word' id='word_1_326' title='bbox 1329 2101 1575 2151; x_wconf 78' lang='lat' dir='ltr'><strong>rescribitur,</strong></span> 
     </span>
     <span class='ocr_line' id='line_1_34' title="bbox 122 2157 1576 2214; baseline 0.001 -14"><span class='ocrx_word' id='word_1_327' title='bbox 122 2159 192 2200; x_wconf 88' lang='lat' dir='ltr'><strong>sed</strong></span> <span class='ocrx_word' id='word_1_328' title='bbox 215 2158 503 2202; x_wconf 76' lang='lat' dir='ltr'><strong>tantummodo</strong></span> <span class='ocrx_word' id='word_1_329' title='bbox 535 2158 655 2199; x_wconf 86' lang='lat' dir='ltr'><strong>datur</strong></span> <span class='ocrx_word' id='word_1_330' title='bbox 682 2157 804 2199; x_wconf 82' lang='lat' dir='ltr'><strong>unica</strong></span> <span class='ocrx_word' id='word_1_331' title='bbox 832 2157 1043 2214; x_wconf 82' lang='lat' dir='ltr'><strong>appellatio</strong></span> <span class='ocrx_word' id='word_1_332' title='bbox 1067 2159 1117 2199; x_wconf 78' lang='lat' dir='ltr'><strong>ab</strong></span> <span class='ocrx_word' id='word_1_333' title='bbox 1138 2158 1336 2201; x_wconf 73' lang='lat' dir='ltr'><strong>excessivo</strong></span> <span class='ocrx_word' id='word_1_334' title='bbox 1368 2159 1576 2201; x_wconf 77' lang='lat' dir='ltr'><strong>taxatione</strong></span> 
     </span>
     <span class='ocr_line' id='line_1_35' title="bbox 122 2214 1576 2274; baseline 0.001 -16"><span class='ocrx_word' id='word_1_335' title='bbox 122 2231 421 2274; x_wconf 76' lang='lat' dir='ltr'><strong>expensarumz,</strong></span> <span class='ocrx_word' id='word_1_336' title='bbox 451 2216 525 2273; x_wconf 74' lang='lat' dir='ltr'><strong>nisi</strong></span> <span class='ocrx_word' id='word_1_337' title='bbox 552 2214 744 2267; x_wconf 80' lang='lat' dir='ltr'><strong>injustitia</strong></span> <span class='ocrx_word' id='word_1_338' title='bbox 774 2216 866 2259; x_wconf 83' lang='lat' dir='ltr'><strong>satis</strong></span> <span class='ocrx_word' id='word_1_339' title='bbox 883 2216 1087 2260; x_wconf 85' lang='lat' dir='ltr'><strong>manifesta</strong></span> <span class='ocrx_word' id='word_1_340' title='bbox 1111 2217 1219 2260; x_wconf 88' lang='lat' dir='ltr'><strong>aliter</strong></span> <span class='ocrx_word' id='word_1_341' title='bbox 1246 2218 1444 2268; x_wconf 82' lang='lat' dir='ltr'><strong>suadeat,</strong></span> <span class='ocrx_word' id='word_1_342' title='bbox 1470 2218 1576 2259; x_wconf 88' lang='lat' dir='ltr'><strong>itaut</strong></span> 
     </span>
     <span class='ocr_line' id='line_1_36' title="bbox 124 2274 1577 2332; baseline 0 -16"><span class='ocrx_word' id='word_1_343' title='bbox 124 2276 243 2318; x_wconf 74' lang='lat' dir='ltr'><strong>altera</strong></span> <span class='ocrx_word' id='word_1_344' title='bbox 275 2278 360 2320; x_wconf 84' lang='lat' dir='ltr'><strong>vice</strong></span> <span class='ocrx_word' id='word_1_345' title='bbox 395 2275 656 2321; x_wconf 86' lang='lat' dir='ltr'><strong>concedenda</strong></span> <span class='ocrx_word' id='word_1_346' title='bbox 678 2274 727 2316; x_wconf 83' lang='lat' dir='ltr'><strong>sit</strong></span> <span class='ocrx_word' id='word_1_347' title='bbox 759 2274 953 2316; x_wconf 86' lang='lat' dir='ltr'><strong>restitutio</strong></span> <span class='ocrx_word' id='word_1_348' title='bbox 985 2276 1025 2315; x_wconf 90' lang='lat' dir='ltr'><strong>in</strong></span> <span class='ocrx_word' id='word_1_349' title='bbox 1058 2274 1261 2332; x_wconf 84' lang='lat' dir='ltr'><strong>integrum</strong></span> <span class='ocrx_word' id='word_1_350' title='bbox 1287 2292 1380 2319; x_wconf 84' lang='lat' dir='ltr'><strong>cum</strong></span> <span class='ocrx_word' id='word_1_351' title='bbox 1397 2275 1577 2317; x_wconf 82' lang='lat' dir='ltr'><strong>clausula</strong></span> 
     </span>
     <span class='ocr_line' id='line_1_37' title="bbox 125 2333 1577 2395; baseline -0.002 -17"><span class='ocrx_word' id='word_1_352' title='bbox 125 2335 275 2384; x_wconf 80' lang='lat' dir='ltr'><strong>Alteri,</strong></span> <span class='ocrx_word' id='word_1_353' title='bbox 295 2337 361 2393; x_wconf 77' lang='lat' dir='ltr'><strong>qui</strong></span> <span class='ocrx_word' id='word_1_354' title='bbox 380 2340 433 2379; x_wconf 77' lang='grc' dir='ltr'><strong>(ια’</strong></span> <span class='ocrx_word' id='word_1_355' title='bbox 447 2336 663 2395; x_wconf 77' lang='lat' dir='ltr'><strong>legitimam</strong></span> <span class='ocrx_word' id='word_1_356' title='bbox 685 2366 696 2384; x_wconf 81' lang='grc'>,</span> <span class='ocrx_word' id='word_1_357' title='bbox 713 2334 826 2391; x_wconf 85' lang='lat' dir='ltr'><strong>quod</strong></span> <span class='ocrx_word' id='word_1_358' title='bbox 849 2348 938 2374; x_wconf 89' lang='lat' dir='ltr'><strong>raro</strong></span> <span class='ocrx_word' id='word_1_359' title='bbox 955 2335 1112 2376; x_wconf 87' lang='lat' dir='ltr'><strong>evenire</strong></span> <span class='ocrx_word' id='word_1_360' title='bbox 1136 2334 1259 2385; x_wconf 73' lang='lat' dir='ltr'><strong>solett,</strong></span> <span class='ocrx_word' id='word_1_361' title='bbox 1276 2336 1371 2377; x_wconf 83' lang='lat' dir='ltr'><strong>hinc</strong></span> <span class='ocrx_word' id='word_1_362' title='bbox 1388 2346 1475 2391; x_wconf 91' lang='lat' dir='ltr'><strong>post</strong></span> <span class='ocrx_word' id='word_1_363' title='bbox 1492 2333 1577 2390; x_wconf 85' lang='lat' dir='ltr'><strong>pri-</strong></span> 
     </span>
     <span class='ocr_line' id='line_1_38' title="bbox 126 2390 1577 2454; baseline -0.002 -17"><span class='ocrx_word' id='word_1_364' title='bbox 126 2410 234 2438; x_wconf 83' lang='lat' dir='ltr'><strong>mam</strong></span> <span class='ocrx_word' id='word_1_365' title='bbox 255 2396 542 2440; x_wconf 88' lang='lat' dir='ltr'><strong>restitutionem</strong></span> <span class='ocrx_word' id='word_1_366' title='bbox 559 2396 639 2454; x_wconf 81' lang='lat' dir='ltr'><strong>jam</strong></span> <span class='ocrx_word' id='word_1_367' title='bbox 659 2409 885 2437; x_wconf 84' lang='lat' dir='ltr'><strong>concessam</strong></span> <span class='ocrx_word' id='word_1_368' title='bbox 900 2425 911 2441; x_wconf 83' lang='lat'><strong>,</strong></span> <span class='ocrx_word' id='word_1_369' title='bbox 927 2393 957 2434; x_wconf 90' lang='lat' dir='ltr'><strong>si</strong></span> <span class='ocrx_word' id='word_1_370' title='bbox 985 2395 1123 2435; x_wconf 89' lang='lat' dir='ltr'><strong>denuo</strong></span> <span class='ocrx_word' id='word_1_371' title='bbox 1155 2407 1337 2435; x_wconf 82' lang='lat' dir='ltr'><strong>recursus</strong></span> <span class='ocrx_word' id='word_1_372' title='bbox 1366 2393 1435 2436; x_wconf 86' lang='lat' dir='ltr'><strong>fiat</strong></span> <span class='ocrx_word' id='word_1_373' title='bbox 1453 2393 1493 2433; x_wconf 89' lang='lat' dir='ltr'><strong>in</strong></span> <span class='ocrx_word' id='word_1_374' title='bbox 1519 2390 1577 2434; x_wconf 83' lang='lat' dir='ltr'><strong>Si-</strong></span> 
     </span>
    </p>
   </div>
   <div class='ocr_carea' id='block_1_4' title="bbox 125 2452 1588 2557">
    <p class='ocr_par' dir='ltr' id='par_1_5' title="bbox 125 2452 1588 2557">
     <span class='ocr_line' id='line_1_39' title="bbox 125 2452 1580 2556; baseline -0.003 -58"><span class='ocrx_word' id='word_1_375' title='bbox 125 2470 331 2516; x_wconf 80' lang='lat' dir='ltr'><strong>gnatura,</strong></span> <span class='ocrx_word' id='word_1_376' title='bbox 350 2456 447 2499; x_wconf 89' lang='lat' dir='ltr'><strong>haec</strong></span> <span class='ocrx_word' id='word_1_377' title='bbox 477 2456 686 2500; x_wconf 87' lang='lat' dir='ltr'><strong>rescribere</strong></span> <span class='ocrx_word' id='word_1_378' title='bbox 714 2454 843 2505; x_wconf 85' lang='lat' dir='ltr'><strong>solet,</strong></span> <span class='ocrx_word' id='word_1_379' title='bbox 875 2452 998 2505; x_wconf 73' lang='lat' dir='ltr'><strong>nihil,</strong></span> <span class='ocrx_word' id='word_1_380' title='bbox 1030 2453 1137 2556; x_wconf 52' lang='lat' dir='ltr'><strong>81]sz</strong></span> <span class='ocrx_word' id='word_1_381' title='bbox 1156 2452 1351 2497; x_wconf 79' lang='lat' dir='ltr'><strong>excessivo</strong></span> <span class='ocrx_word' id='word_1_382' title='bbox 1381 2463 1534 2553; x_wconf 55' lang='lat' dir='ltr'><strong>tantari}</strong></span> <span class='ocrx_word' id='word_1_383' title='bbox 1565 2480 1580 2499; x_wconf 87' lang='lat'><em>‚</em></span> 
     </span>
     <span class='ocr_line' id='line_1_40' title="bbox 1138 2524 1588 2557; baseline -0.004 -2"><span class='ocrx_word' id='word_1_384' title='bbox 1138 2526 1154 2555; x_wconf 71' lang='grc' dir='ltr'><strong><em>ι</em></strong></span> <span class='ocrx_word' id='word_1_385' title='bbox 1187 2527 1212 2557; x_wconf 86' lang='lat'>2</span> <span class='ocrx_word' id='word_1_386' title='bbox 1534 2524 1588 2554; x_wconf 85' lang='lat' dir='ltr'><strong>oc</strong></span> 
     </span>
    </p>
   </div>
  </div>
 </body>
</html>
