1993 3195
602 372 916 415 CAPUT
977 376 1064 417 111.
1483 393 1566 440 2¹7

116 457 171 486 est
187 457 197 482 ε
212 448 380 493 tempore
393 464 406 484 ‚
424 447 497 491 quo
515 431 660 474 Orator
669 433 900 489 praedictus
925 445 1010 476 erat
1038 435 1078 474 in
1098 435 1240 478 minori
1254 445 1378 478 aetate
1394 440 1572 481 constitu-

114 513 175 544 tus
191 515 200 539 ε
219 498 268 538 Et
282 493 464 552 postalia
482 493 603 535 verba
625 505 635 531 τ
654 492 756 534 nullo
772 492 943 547 confecto
963 493 1180 536 inventario
1210 496 1257 536 de
1277 495 1383 538 bonis
1397 497 1572 539 haeredi-

113 556 221 603 tariis
238 586 251 605 ,
289 554 528 595 addendum
546 564 633 593 est:
673 552 814 595 Verum
844 552 1012 594 minorili
1042 564 1168 595 aetate
1200 569 1353 597 excessa
1372 585 1384 604 ‚
1411 555 1572 610 effluxit

112 612 401 676 quadriennium
423 641 436 661 ‚
453 611 554 653 intra
577 610 688 667 cujus
703 622 844 652 metam
861 612 899 653 in
915 612 1106 671 integrum
1121 613 1270 655 restitui
1279 615 1455 673 neglexit
1473 645 1483 655 .
1505 618 1572 660 Iti-

114 677 205 718 dem
221 675 252 717 si
267 686 439 729 tempore
458 700 471 719 ‚
486 685 571 727 quo
603 671 749 726 petitur
766 671 962 714 restitutio
980 672 1022 712 in
1042 672 1241 730 integrum
1259 703 1271 722 ‚
1300 675 1411 718 heres
1427 689 1573 732 passus

113 733 197 790 jam
215 734 263 777 sit
279 732 566 773 mandatorum
584 730 863 772 executionem
883 731 923 771 in
947 731 1063 774 bonis
1080 732 1280 790 propriis,
1304 749 1351 776 eo
1371 749 1466 776 casu
1483 748 1573 792 post

115 795 177 835 illa
195 793 314 837 verba
347 805 357 831 ε
388 791 626 832 contendant
657 789 827 831 obtinere
860 792 1048 832 mandata
1097 802 1230 834 contra
1266 793 1468 836 Personam
1487 827 1499 845 ,
1531 805 1569 839 et

115 854 225 895 Bona
245 850 404 909 propria
423 849 518 891 dicti
535 849 590 889 N.
612 849 666 889 N.
693 848 865 892 Oratoris
882 879 894 899 ,
919 849 1156 892 addendum
1187 865 1270 893 est:
1303 868 1414 909 quem
1448 855 1564 897 etiam

113 913 172 955 N.
191 914 247 953 N.
284 910 456 952 Creditor
489 922 623 966 urgere
656 907 755 966 cepit
787 924 916 951 coram
943 909 999 949 N.
1023 911 1080 951 N.
1114 911 1317 953 obtinendo
1344 914 1566 957 mandatum

109 987 185 1030 pro
211 987 252 1013 sc
255 1001 394 1012 .....
416 1003 429 1021 ,
461 968 574 1024 cujus
599 967 731 1027 vigore
760 967 1000 1011 consumavit
1027 970 1139 1010 etiam
1159 971 1418 1012 executionem
1450 988 1568 1030 super

114 1029 305 1072 nonnullis
323 1031 404 1071 suis
424 1029 534 1071 bonis
553 1058 562 1067 .
599 1029 775 1068 Domum
789 1027 830 1068 in
853 1043 948 1069 casu
964 1042 1099 1084 pass-ae
1127 1029 1389 1079 executionis,
1408 1031 1460 1072 ad
1479 1031 1567 1074 effe-

117 1103 228 1132 ctum
247 1089 460 1130 obtinendi
482 1087 630 1128 dictam
649 1085 990 1128 Commissionem
1025 1087 1141 1131 debet
1175 1087 1291 1130 citari
1323 1103 1459 1132 coram
1477 1092 1568 1133 Au·-

121 1149 250 1191 ditore
269 1148 489 1194 Pontificis‚
507 1158 627 1202 prout
654 1145 757 1186 infra
774 1176 784 1186 .

237 1206 267 1246 C
267 1207 387 1246 iretur
412 1205 468 1245 N.
489 1204 548 1244 N.
563 1204 834 1244 addicendum
854 1218 1009 1247 causam
1027 1219 1146 1261 quare
1162 1207 1194 1247 C
1193 1207 1389 1249 ommissio
1405 1239 1417 1257 ,
1453 1209 1565 1265 cujus

117 1265 228 1322 copia
253 1264 324 1306 sibi
338 1263 579 1321 originaliter
594 1261 892 1311 transmittitur,
907 1263 1061 1322 signari
1086 1279 1163 1305 non
1180 1265 1315 1307 debeat
1333 1296 1346 1314 ,
1379 1277 1418 1307 et
1434 1269 1566 1309 decre-

116 1338 198 1367 tum
222 1334 294 1366 etc.
318 1353 328 1362 .
364 1322 473 1365 Haec
507 1320 642 1363 citatio
676 1321 719 1363 fit
749 1336 770 1362 a
799 1334 909 1378 tergo
946 1322 1261 1366 Commissionis
1280 1353 1292 1371 ,
1328 1338 1433 1377 quae
1461 1326 1566 1368 Parti

117 1383 400 1426 transmittitur
419 1411 430 1428 ‚
450 1393 573 1439 prout
591 1380 634 1421 fit
652 1379 692 1420 in
708 1379 1005 1424 commissione
1024 1414 1037 1431 ‚
1052 1397 1158 1438 quae
1191 1383 1472 1426 transmittitur
1491 1400 1566 1443 pro

118 1441 308 1485 adeunda
345 1440 464 1495 plena
497 1439 710 1493 Signatura
744 1469 754 1479 .
791 1440 870 1480 Die
887 1442 1056 1495 juridica
1087 1442 1370 1496 reproducitur
1387 1443 1523 1485 citatio
1553 1475 1567 1493 ,

117 1515 155 1544 et
170 1499 397 1559 praedictus
415 1498 594 1539 Auditor
612 1496 725 1536 edere
746 1498 840 1538 solet
861 1498 1162 1554 infrascriptum
1183 1499 1388 1541 decretum
1407 1515 1417 1541 :
1452 1503 1568 1544 Rela-

117 1562 220 1603 tione
235 1558 348 1613 facta
376 1556 590 1616 comparuit
610 1555 663 1595 D.
682 1555 728 1596 N
744 1556 798 1597 N.
822 1557 963 1614 peciit,
995 1569 1031 1598 et
1044 1556 1209 1599 obtinuit
1220 1569 1264 1600 ut
1296 1575 1413 1617 supra
1443 1591 1455 1609 ‚
1486 1576 1565 1603 non

117 1620 315 1662 retardato
346 1628 476 1661 tamen
505 1630 620 1660 cursu
647 1615 797 1660 Causae
818 1645 831 1665 ,
861 1633 927 1660 seu
945 1617 1162 1660 Causarum
1182 1649 1196 1668 ‚
1218 1632 1255 1661 ec
1272 1620 1440 1678 amplius
1448 1631 1565 1679 parte

115 1690 321 1737 praesente
341 1709 351 1720 .

121 1737 363 1782 Commissio
392 1738 434 1780 in
459 1738 601 1782 Causa
631 1740 917 1798 exequutionis
943 1739 1167 1784 litterarum
1194 1737 1526 1795 Apostolicarum
1548 1770 1559 1782 .

751 1803 789 1847 V
788 1802 956 1844 iterbien.

639 1857 865 1901 Beatissime
898 1863 1013 1901 Pater
1037 1884 1049 1899 a
1198 1911 1201 1913 -
1264 1913 1267 1915 -

241 1917 414 1963 Vacante
435 1915 585 1975 Capella
605 1915 659 1956 N.
678 1917 732 1956 Ν.
751 1918 823 1959 sita
843 1919 883 1959 in
899 1915 1071 1958 Ecclesia
1087 1917 1143 1957 N.
1163 1914 1219 1957 N.
1238 1917 1285 1959 de
1293 1919 1568 1975 Jurepatrona=

117 1987 161 2019 tu
195 1978 381 2021 laicorum
408 1993 459 2019 ex
470 1975 664 2018 dotatione
683 2007 694 2023 ‚
712 1986 751 2016 et
767 1975 1015 2030 fundatione,
1026 1990 1098 2032 per
1115 1975 1257 2018 obitum
1278 1979 1336 2023 Ν.
1357 1978 1413 2021 Ν.
1436 1979 1567 2021 ultimi

117 2035 221 2078 illius
255 2037 425 2080 Rectoris
450 2068 462 2085 ,
504 2045 542 2076 et
554 2036 780 2092 possessor-is
812 2051 924 2079 extra
961 2038 1174 2078 Romanam
1211 2035 1366 2079 Curiam
1397 2036 1569 2093 defuncti

120 2096 266 2138 valoris
306 2095 613 2153 vigintiquatuor
648 2095 874 2138 ducatorum
907 2095 998 2138 auri
1036 2096 1084 2135 cle
1111 2094 1270 2137 Camera
1296 2097 1524 2144 excedentis
1555 2124 1569 2145 ,

119 2151 196 2204 fuit
209 2171 232 2196 a
253 2154 430 2197 Patronis
441 2165 706 2211 praesentatus
719 2156 771 2193 ad
786 2155 889 2194 illam
910 2168 1039 2195 coram
1061 2153 1352 2203 Ordinario‚N.
1372 2157 1428 2198 N.
1447 2157 1490 2197 S.
1516 2156 1565 2200 V.

127 2211 265 2257 Orator
283 2244 295 2261 ,
314 2215 383 2272 qui
397 2214 444 2254 ab
462 2212 591 2254 eodem
617 2209 826 2254 Ordinario
845 2212 1043 2254 institutus
1058 2242 1071 2261 ‚
1098 2210 1266 2265 eJusdem
1286 2215 1568 2273 Beneficiipos-

126 2273 324 2330 sessionem
359 2282 587 2329 assequutus
601 2269 683 2324 fuit
701 2302 713 2320 ‚
743 2287 866 2332 nuper
895 2275 982 2314 vero
994 2272 1050 2312 N.
1067 2271 1123 2312 N.
1151 2270 1406 2316 Adversarius
1438 2275 1484 2316 de
1501 2289 1568 2316 eo-

128 2331 213 2372 dem
250 2332 440 2391 Beneficio
460 2362 473 2381 ‚
508 2329 567 2371 uti
581 2329 723 2374 libero,
757 2342 794 2372 et
819 2345 1035 2380 reservato,
1067 2330 1171 2372 nulla
1203 2331 1300 2374 dicti
1322 2332 1565 2390 Jurispatro-

127 2399 269 2439 natus,
299 2404 366 2434 aut
378 2388 672 2451 praemissorum
693 2388 803 2441 facta
827 2391 1020 2431 mentione
1034 2421 1048 2439 ‚
1080 2390 1302 2446 subreptitie
1316 2423 1328 2441 ,
1344 2403 1382 2433 et
1400 2389 1567 2447 obrepti-

128 2449 181 2491 tie
203 2465 227 2491 α
246 2450 290 2490 S.
311 2452 361 2493 V.
377 2451 447 2494 sibi
475 2446 668 2507 provideri
698 2448 889 2498 obtinuit,
920 2459 958 2490 et
987 2449 1036 2490 ab
1071 2446 1122 2487 A.
1145 2448 1190 2488 C.
1223 2450 1279 2489 Ν.
1295 2451 1334 2491 in
1362 2449 1567 2504 hujusmo-

127 2508 168 2550 di
195 2508 422 2565 provisionis
453 2507 745 2565 exequutionem
776 2508 998 2550 sententiam
1015 2505 1269 2560 favorabilem
1289 2523 1404 2565 super
1425 2507 1569 2551 immis-

99 2572 102 2575 '
128 2567 234 2611 sione
248 2599 262 2620 ,
291 2584 339 2613 ac
355 2567 640 2612 declaratoriam
667 2568 830 2612 extorsit
845 2600 858 2619 ‚
889 2568 935 2610 ob
951 2567 1110 2609 ididem
1127 2567 1171 2607 S.
1200 2567 1248 2610 V.
1275 2570 1414 2612 Orator
1437 2569 1486 2610 ab
1503 2583 1570 2610 ea-

1047 2628 1082 2667 E
1112 2640 1132 2667 e
1495 2629 1577 2673 dem
