1993 3195
587 337 698 377 (].A
732 340 759 377 P
792 338 901 378 LJ‘r
965 339 1052 380 IIL
1482 357 1497 382 1

103 415 169 445 tur
188 431 200 449 ‚
235 409 284 437 ex
312 409 359 435 eo
385 394 643 450 praesertim,
670 409 716 438 ut
747 395 1134 451 dignoscaturlocus
1152 428 1163 446 ,
1193 398 1232 437 in
1269 410 1354 451 quo
1387 357 1570 454 peculi?

104 459 198 501 riter
232 453 500 496 controversia
534 453 611 502 sit3
645 466 682 495 et
707 469 733 494 a
766 454 1026 497 Mai-chemae
1054 455 1128 511 (ι)
1166 455 1387 497 adnotatur
1408 486 1420 503 ‚
1461 472 1571 511 qua-

103 532 142 560 re
171 516 211 555 in
239 514 367 567 capite
402 513 635 554 earumdem
664 513 913 556 describatur
945 515 1075 571 primo
1112 515 1200 555 loco
1235 530 1382 556 nomen
1414 514 1573 559 Civita-

101 575 176 617 tis:
202 584 245 614 ut
262 588 397 628 nempe
420 572 593 613 Civitatis
610 571 842 628 inspectione
874 574 1111 615 considerata
1133 603 1145 621 ,
1172 573 1212 614 in
1239 573 1418 631 precibus
1435 576 1562 617 Causa

100 635 240 676 inserta
256 631 403 673 secerni
414 632 562 686 possit,
595 647 646 672 an
673 630 843 686 profana
875 647 1018 681 necne,
1057 633 1120 674 vel
1142 635 1195 675 acl
1225 633 1344 674 alium
1374 634 1569 690 pertineat

103 694 319 747 Principem
342 719 353 736 ,
386 691 465 731 siue
491 690 566 732 alio
597 691 646 732 sit
659 690 860 749 privilegio
890 693 1054 749 suffulta
1074 724 1087 742 ,
1119 702 1277 741 contra,
1304 694 1405 748 quod
1430 693 1576 735 νιίςϊνιὲ-Ι

101 753 140 794 bi
166 768 240 793 non
258 751 418 798 debeat,
450 749 563 806 idque
588 751 740 806 puriter
760 750 815 808 fit
833 783 844 799 ,
878 762 921 793 ut
955 751 1189 794 considerari
1216 751 1368 808 possit,
1398 767 1570 808 quomo⁶

102 809 1567 868 ώηωαῶωώωήῃιῖῳο,ωίαφῶωρωωωωω,ωἰπω

103 881 306 926 exemptus
325 897 335 914 ‚
365 869 424 909 vel
447 868 715 928 privilegiatus
732 901 743 919 ‚
777 884 820 912 ut
854 870 1022 927 exempli
1046 871 1180 927 gratia
1213 869 1360 911 Civitas
1379 869 1567 912 Anconae

101 930 142 971 in
161 929 298 972 causis
314 927 578 970 Mercatornm
599 961 611 975 ,
638 929 701 981 cui
726 945 799 986 per
820 929 889 983 fel.
923 931 1070 972 record.
1103 930 1336 972 Clementem
1373 943 1470 973 v111.
1502 944 1566 971 se-

102 991 251 1032 cundae
267 1021 279 1036 ,
315 1000 350 1028 et
367 987 501 1028 tertiae
526 988 738 1029 Instantine
758 1004 964 1040 concessae
977 988 1144 1042 suerunt
1158 1019 1166 1027 .

227 1047 392 1088 Initium
419 1061 515 1089 vero
533 1048 848 1089 Commissiones
880 1047 1085 1103 accipiunt
1114 1063 1136 1088 a
1166 1049 1298 1091 verbis
1326 1050 1426 1098 illis,
1462 1050 1567 1090 Bea-

105 1108 250 1149 tissime
266 1123 406 1163 puter,
438 1121 485 1147 ex
503 1122 550 1147 eo
584 1107 832 1164 potissimum
853 1137 864 1154 ‚
899 1105 1014 1164 quod
1039 1106 1081 1146 in
1117 1111 1236 1149 rebus
1257 1137 1270 1154 ‚
1308 1124 1351 1151 ac
1376 1108 1568 1165 negotiis,

105 1167 148 1206 S.
171 1171 376 1206 Romanae
409 1165 600 1205 Ecclesiae
630 1166 958 1217 jurisdictionem
979 1163 1292 1220 respicientibus
1311 1198 1322 1214 ‚
1357 1169 1409 1208 ad
1426 1167 1563 1207 solum

104 1226 251 1282 Papam
272 1238 454 1265 recursus
485 1223 656 1264 habetur
677 1254 689 1271 ,
724 1235 862 1279 utpote
893 1223 1074 1264 fidelium
1093 1223 1278 1263 omnium
1300 1225 1456 1265 Patrem
1472 1254 1485 1273 ,
1519 1238 1566 1265 ac

104 1298 336 1340 supremum
371 1282 649 1330 Sacerdotem,
685 1282 855 1323 adnotat
885 1283 1173 1325 Marclaesanus
1194 1311 1204 1322 .
1241 1282 1435 1324 Attamen
1470 1296 1573 1336 qua-

105 1358 146 1386 re
177 1358 225 1401 eo
245 1356 415 1383 utantur
453 1341 564 1382 titulo
597 1341 769 1382 Romani
807 1341 1018 1382 Causidici
1040 1369 1052 1387 ,
1086 1341 1400 1383 luculentissime
1442 1354 1566 1398 patet,

106 1402 205 1443 dum
230 1401 271 1441 in
304 1415 475 1442 mentem
494 1414 699 1442 revocetur
716 1432 728 1448 ‚
763 1400 1021 1457 Signaturam
1038 1400 1219 1446 ‚iustitiae
1242 1402 1485 1442 Pontificem
1513 1414 1571 1440 re-

105 1474 360 1517 praesentare
380 1489 392 1505 ‚
424 1475 483 1515 ac·
503 1458 606 1500 illius
641 1459 805 1498 nornine
830 1460 1074 1506 rescribere:,
1106 1458 1229 1498 ferme
1262 1473 1307 1499 ac
1339 1458 1573 1516 Neapolita-

106 1536 208 1562 num
239 1519 471 1561 Consilium
491 1549 503 1567 ,
546 1532 780 1575 supremum
802 1516 1001 1559 Tribunal
1027 1548 1039 1566 ,
1067 1529 1104 1558 et
1125 1515 1317 1573 Principis
1351 1517 1569 1559 Consisto-

107 1580 214 1622 rium
238 1607 251 1626 ‚
283 1582 333 1622 ab
352 1580 563 1635 Alphonso
597 1580 625 1618 1.
659 1577 917 1633 Aragonensi
951 1587 1161 1625 erectum,
1200 1576 1314 1631 quod
1346 1577 1570 1619 hodiedum

105 1654 266 1681 sacrum
282 1639 402 1681 etiam
420 1638 640 1695 appellatur
658 1667 669 1685 ,
690 1651 888 1693 tanquam
905 1635 936 1678 si
958 1636 1140 1678 adstaret
1157 1636 1301 1676 eadem
1317 1651 1428 1678 sacra
1450 1636 1571 1676 Prin-

106 1698 203 1756 cijns
232 1713 428 1756 pemona,
462 1699 802 1744 secunihabens‚
836 1693 1567 1752 utandquuus,etin1nffinaevasui

105 1757 361 1800 institutione
381 1769 494 1806 erat,
525 1757 744 1815 prudentes
760 1789 772 1807 ‚
802 1771 839 1799 et
859 1756 1057 1813 sapientes
1088 1755 1197 1795 viros
1237 1753 1279 1794 in
1307 1752 1507 1802 consili03
1531 1765 1570 1795 et

110 1814 260 1859 idcirco
279 1816 542 1872 Litigantium
561 1815 774 1872 petitiones
793 1817 844 1857 ad
861 1816 1031 1857 formam
1042 1819 1210 1870 precum
1231 1812 1381 1854 ibidem
1413 1813 1455 1852 in
1475 1812 1574 1853 scri-

106 1875 184 1931 ptis
196 1874 315 1915 hodie
337 1875 576 1930 rediguntur
594 1875 695 1926 Regi
712 1874 882 1914 directae
907 1875 1128 1914 eademmet
1144 1870 1364 1921 ratione,ae
1384 1871 1416 1912 si
1437 1870 1573 1927 ipsum

110 1935 258 1991 Regem
295 1947 364 1989 per
398 1932 595 1988 supplices
631 1931 779 1972 libellos
814 1931 841 1971 ii
877 1929 1066 1973 adirent.

231 1992 456 2032 Continere
501 1991 645 2031 deinde
673 1990 991 2032 Commissiones
1025 1991 1172 2032 debent
1206 2004 1356 2030 nomen
1387 2019 1401 2038 ,
1432 2001 1474 2030 et
1505 2003 1577 2030 co-

110 2066 286 2112 gnomen
315 2049 596 2106 Appellamus,
632 2062 670 2091 et
701 2050 900 2106 Appellati
919 2081 932 2099 ,
963 2065 1008 2091 ac
1027 2049 1217 2102 judicis,
1253 2051 1275 2090 ἐι
1314 2064 1430 2104 qu0‚
1464 2061 1502 2090 et
1520 2047 1574 2089 ad

112 2127 232 2168 quem
252 2109 474 2166 appellatur
494 2136 507 2155 ,
541 2108 639 2148 dum
677 2109 806 2162 agitur
823 2110 874 2148 de
908 2109 1172 2164 appellatione
1194 2136 1207 2155 ,
1240 2108 1325 2149 sive
1353 2107 1541 2150 instantis
1560 2135 1575 2154 ,

113 2172 192 2214 sive
225 2170 328 2210 illius
363 2167 510 2216 etiam,
550 2166 742 2208 adversus
769 2180 891 2220 quem
932 2166 1168 2221 imploratur
1204 2197 1215 2206 .
1257 2167 1445 2223 Qualitas
1477 2165 1570 2208 facti

116 2229 277 2273 fideliter
297 2241 464 2284 quoque
485 2257 498 2275 ,
533 2239 578 2266 ac
599 2224 710 2266 brevi
732 2224 922 2265 methodo
941 2225 1184 2281 exponenda
1209 2240 1268 2266 est
1285 2256 1298 2274 ,
1329 2240 1368 2267 et
1403 2226 1574 2268 circum·

119 2288 282 2330 stantiae
311 2287 363 2328 ad
383 2300 561 2342 unguem
595 2283 749 2325 narrari
770 2283 947 2334 debent;
983 2285 1013 2325 si
1033 2299 1158 2326 causa
1192 2298 1333 2341 nempe
1354 2285 1577 2326 Beneficia·

121 2346 166 2388 lis
180 2346 279 2395 erit,
308 2345 438 2387 annui
453 2343 637 2387 redditus
652 2342 903 2398 exprimendi
921 2357 1047 2394 sunt,
1076 2358 1113 2386 et
1138 2358 1322 2392 caetera,
1353 2358 1456 2396 quae
1488 2357 1578 2399 pas·

89 2405 196 2448 ‘sim
223 2433 237 2451 ‚
277 2405 375 2445 dum
414 2400 765 2447 Commissionum
804 2400 996 2445 formulas
1044 2403 1212 2443 inferius
1257 2416 1532 2458 proponemus
1564 2428 1579 2448 ,

1076 2458 1107 2499 B
1141 2461 1165 2502 b
1449 2460 1580 2501 adno-

749 2530 1581 2547 ———*—--

173 2597 228 2636 (1)
246 2599 328 2628 Part.
350 2604 378 2627 ι.
410 2601 476 2636 cap.
493 2596 526 2626 6.
552 2605 584 2628 n.
599 2596 631 2626 6.
