1952 3167
328 297 408 354 196
606 303 681 344 DE
711 305 845 352 JURE
878 305 1218 351 SIGNATURAE
1257 309 1522 364 JUSTlTlAE

325 372 438 407 sam,
465 356 580 415 juxta
600 377 761 405 sensum
779 366 873 422 Cap.
896 367 1149 425 Significante
1166 382 1239 424 34.
1282 372 1326 412 cle
1345 371 1542 427 rescriptis
1563 401 1571 410 .
1619 370 1661 412 ld
1694 386 1789 415 vero

326 414 368 456 in
417 418 729 470 Commissionis
777 425 1010 479 hujusmodi
1048 430 1320 482 exequutione
1365 432 1593 471 cavendum
1624 444 1707 480 est,
1742 444 1789 474 ut

326 489 470 519 omnes
491 478 517 518 ii
541 480 581 520 in
602 496 746 530 genere.
764 486 963 535 expressi,
985 486 1025 524 in
1044 489 1171 540 specie
1193 487 1336 527 deinde
1355 489 1653 544 exprimantur,
1669 503 1790 547 prout

329 536 382 575 ad
400 549 406 553 ’
427 526 506 578 rein
527 539 581 581 ait
601 527 790 583 laudatus
815 543 986 584 [scs-tritis
1003 544 1074 598 (1)
1095 546 1141 584 de
1163 545 1423 587 citationibus
1444 577 1452 586 .
1474 547 1653 589 Additur
1671 550 1788 590 etiam

324 592 522 643 clausula:
552 614 636 640 cum
647 600 834 652 facultate
860 601 1002 641 'citandi
1019 602 1193 643 in'Curia
1213 635 1224 652 ‚
1255 605 1314 644 vel
1329 620 1439 647 extra
1457 637 1469 655 ,
1496 620 1543 647 ex
1572 621 1619 647 eo
1641 608 1734 662 quia
1752 607 1785 648 si

321 652 440 696 Reus
465 657 608 710 aliquis
624 659 830 705 citandus,
851 673 871 698 a
895 661 1077 701 Romana
1096 661 1227 704 Curia
1249 664 1364 712 absit,
1392 679 1489 707 tunc
1507 680 1610 722 opus
1630 680 1714 715 est,
1741 678 1786 709 ut

329 711 574 756 Commissio
600 717 664 757 det
684 731 902 773 expressam
920 718 1070 761 citandi
1088 717 1316 764 facultatem
1333 753 1346 772 ‚
1371 723 1484 780 juxta
1515 738 1686 766 mentem
1707 726 1784 768 Ve-

319 771 437 820 strii,
483 787 519 816 et
546 776 801 817 Mat-cliesani
835 777 934 832 (¹2);
965 778 1184 820 indubium
1222 782 1328 823 enim
1361 797 1443 833 est,
1479 798 1588 825 extra
1607 783 1778 827 Curiam

321 831 522 873 neminem
540 834 651 875 citari
672 849 786 891 posse
803 865 817 885 ,
852 837 927 877 nisi
960 837 1007 878 de
1026 838 1322 883 Commissione
1341 871 1354 891 ,
1380 852 1419 883 et
1456 844 1649 886 mandato
1669 846 1777 887 Pon-

312 886 429 930 tificis
460 892 532 946 (3)
550 923 560 932 .
1666 949 1668 951 ,

434 948 660 992 Clausulae
681 969 776 995 vero
796 970 933 997 omnes
950 987 963 1004 ,
982 972 1085 1011 quae
1104 975 1199 1001 sunt
1221 976 1373 1016 praeter
1390 964 1464 1015 Jus
1478 994 1490 1012 ‚
1508 964 1550 1003 in
1569 963 1775 1005 Commis—

315 1002 507 1046 sionibus
542 1013 820 1063 proponendis
854 1013 893 1053 in
929 1014 1145 1070 Signatum
1178 1019 1358 1071 Justitiae
1397 1022 1551 1079 apponi
1586 1037 1669 1063 non
1704 1022 1777 1064 de·-

311 1060 431 1110 bent;
469 1063 574 1106 inter
592 1066 674 1108 illas
693 1084 947 1112 recensentur
965 1073 1167 1117 decretum
1186 1077 1345 1120 irritans
1365 1110 1378 1128 ,
1417 1094 1454 1122 et
1472 1081 1665 1124 clausula:
1681 1081 1774 1123 sub-

308 1119 387 1160 lam
411 1136 521 1164 secus
546 1124 755 1179 judicandi
764 1128 954 1183 facultate
986 1146 1058 1174 etc.
1080 1163 1091 1174 .
1125 1135 1166 1175 Si
1189 1137 1296 1177 enim
1317 1139 1364 1179 de
1386 1140 1456 1180 illis
1483 1141 1632 1182 mentio
1655 1142 1774 1199 ‘fieret

306 1176 350 1218 in
377 1179 749 1228 Commissionibus
770 1219 782 1237 ‚
811 1189 985 1229 omnine>
1006 1191 1187 1235 delentur
1202 1223 1213 1241 ‚
1244 1196 1339 1250 quia
1358 1198 1574 1252 Signatura
1589 1200 1768 1262 ‚iustitiae

307 1249 372 1277 eas
390 1253 473 1279 non
491 1244 675 1285 concedit
691 1276 704 1293 ,
741 1260 778 1288 et
794 1251 1076 1291 tantummodo
1110 1252 1324 1308 Signatura
1346 1257 1507 1296 Gratiae
1532 1271 1544 1303 ;
1578 1256 1685 1298 idem
1704 1259 1770 1298 dl·-

311 1297 488 1337 cendum
518 1299 565 1340 de
584 1301 759 1345 clausula
775 1336 788 1353 ‚
818 1320 899 1359 qua
921 1308 1148 1361 postulatur
1169 1311 1404 1354 demandari
1422 1314 1580 1361 judici,
1609 1329 1654 1357 ut
1673 1331 1770 1372 pro-

309 1355 424 1397 cedat
442 1360 652 1401 summarie
671 1390 683 1409 ,
713 1362 940 1420 simpliciter
957 1396 970 1414 ‚
987 1377 1024 1407 et
1041 1368 1088 1407 de
1101 1369 1220 1424 plano
1238 1399 1251 1417 ‚
1284 1371 1363 1412 sola
1381 1372 1486 1424 facti
1515 1374 1672 1415 veritate
1704 1374 1770 1417 ἰη-

304 1425 431 1467 Specta
454 1446 464 1455 .
506 1418 657 1459 Omnia
683 1436 860 1474 namque
888 1425 1078 1465 recensita
1113 1430 1234 1468 verba
1255 1430 1382 1470 omitti
1410 1431 1587 1480 debent,
1613 1447 1768 1488 praeter

307 1473 476 1514 verbum
493 1478 726 1527 summat-1⁸23
743 1491 780 1520 et
798 1479 915 1520 etiam
936 1481 1189 1537 addipotest,
1210 1500 1247 1528 et
1259 1487 1429 1542 prouticz
1446 1490 1764 1546 Beneficialc'bus;

302 1526 358 1570 ita
378 1532 488 1574 enim
508 1535 759 1591 restringitur
791 1537 879 1587 vis,
918 1552 954 1580 et
972 1537 1134 1583 effectus
1162 1544 1364 1587 clausulae
1381 1550 1590 1591 summarie*
1607 1552 1658 1592 ad
1677 1567 1765 1609 pro-

303 1602 461 1631 cessum
495 1592 536 1632 in
556 1593 897 1645 Beneficialibus3
930 1611 967 1639 et
989 1602 1226 1644 conceditur
1252 1605 1425 1647 maxime
1455 1607 1495 1647 in
1518 1609 1649 1653 causis
1682 1613 1764 1653 Pu-

300 1644 498 1700 pillorum
515 1680 529 1698 ,
570 1651 805 1695 Viduarum
819 1688 833 1705 ,
865 1669 902 1698 et
919 1656 1090 1700 aliorum
1112 1661 1455 1720 privilegiatorum
1475 1666 1497 1707 a
1513 1668 1606 1713 Jure
1627 1700 1638 1710 .
1675 1671 1765 1711 Da-

297 1715 364 1745 tur
389 1709 483 1748 vero
515 1709 620 1752 dicta
657 1712 835 1757 clausula
872 1715 914 1756 in
933 1715 1246 1763 Beneficialibus
1267 1754 1280 1772 ‚
1315 1724 1413 1778 quia
1447 1725 1489 1766 in
1523 1726 1759 1783 hujusmodi

303 1761 455 1806 Causis
493 1768 616 1825 magis
632 1774 849 1815 summarie
877 1778 1112 1831 proceditur
1131 1811 1142 1821 .

417 1824 537 1866 Edito
556 1829 742 1885 rescripto
756 1832 894 1888 plenae
913 1833 1154 1890 Signaturae
1169 1867 1181 1885 ,
1216 1854 1469 1900 quamquam
1492 1846 1523 1889 is
1541 1877 1554 1896 ,
1585 1861 1659 1904 pro
1675 1865 1760 1906 quo
1812 1882 1814 1886 ,

292 1877 418 1924 latum
447 1898 518 1932 est,
538 1885 636 1928 illud
654 1890 922 1945 exequutioni
941 1895 1207 1947 mandaverit,
1227 1900 1478 1960 incapsando
1506 1906 1558 1947 ad
1571 1905 1657 1959 ejus
1673 1909 1759 1950 for-

290 1951 398 1983 mam
428 1942 770 1991 commissionem
785 1981 798 1998 ,
827 1964 1002 1994 attamen
1021 1954 1052 1996 si
1069 1955 1161 1998 velit
1178 1959 1230 2000 ad
1245 1964 1426 2003 eamdem
1444 1964 1757 2021 plenam-Signa-

290 2006 432 2042 turam
468 2004 626 2055 redire,
652 2007 876 2052 dummodo
905 2011 946 2053 in
964 2015 1213 2058 antecedenti
1241 2019 1447 2078 Rescripto
1481 2037 1565 2062 non
1584 2023 1754 2067 extiterit

292 2056 507 2104 clausula:
543 2075 580 2105 et
606 2067 785 2122 amplius,
819 2070 872 2111 ad
890 2085 978 2112 eam
996 2073 1123 2113 redire
1155 2090 1239 2114 non
1258 2080 1522 2130 prohibetur;
1556 2092 1594 2120 et
1609 2080 1751 2124 Causa

287 2114 426 2160 denuo
445 2123 702 2178 proponitur;
723 2140 770 2168 ut
787 2128 920 2169 evenit
935 2129 977 2167 in
989 2128 1197 2178 Fundana,
1211 2134 1414 2188 proposita
1426 2135 1487 2178 die
1509 2149 1576 2192 14.
1587 2138 1750 2193 februa-

285 2171 337 2214 rii
362 2190 376 2216 ι
390 2179 489 2232 788.
1552 2237 1557 2241 ,

408 2236 552 2292 Quum
572 2239 612 2280 in
630 2239 785 2296 judicio
819 2242 954 2300 aliquo
987 2248 1126 2292 existat
1162 2251 1433 2305 commissio,
1461 2257 1612 2316 signata
1643 2274 1663 2301 a
1683 2259 1747 2301 Si-

283 2305 461 2347 gnatura
481 2297 686 2341 Pontificis
704 2328 717 2348 ,
735 2315 809 2357 pro
828 2317 935 2346 certo
955 2306 1137 2350 habetur
1150 2338 1163 2358 ,
1184 2310 1416 2368 Signaturae
1443 2317 1628 2370 Justitiae
1646 2319 1746 2360 Tri-

283 2419 1741 2462 ——-———-——-—-—-——-——-

328 2450 378 2489 (1)
405 2454 536 2486 Lac-cit.
548 2456 631 2487 tit-2.
643 2468 667 2488 c.
681 2468 712 2496 9.
725 2461 838 2492 n.228.
852 2462 962 2504 usq.ad
974 2472 1050 2506 239.
1143 2469 1196 2509 (3)
1221 2472 1404 2511 Cassadorus
1429 2476 1531 2510 decis.
1551 2487 1584 2518 4.
1601 2489 1634 2511 η.
1653 2488 1685 2520 3·
1698 2475 1738 2510 de

327 2493 381 2531 (2)
405 2498 482 2538 Cap.
501 2508 532 2530 2.
543 2500 597 2532 lib.
621 2512 652 2541 4.
669 2512 702 2532 n.
720 2512 749 2534 1.
761 2505 798 2537 de
815 2508 1043 2551 commiss-Ap·
1090 2513 1262 2557 Rescriptz's
1277 2538 1284 2547 .

269 2536 384 2578 pellat.
397 2551 466 2583 cap.
485 2552 512 2582 ς.
535 2554 574 2587 p.
595 2555 625 2577 2.
646 2557 678 2578 n.
696 2557 748 2587 57.
