1952 3167
335 271 399 315 158
699 263 758 298 DE
787 262 900 304 JURF„
929 258 1212 296 SIGNATURAE
1239 258 1449 299 JUSTlTIAE

954 361 1015 408 N.
1038 361 1205 406 XLV1.'
1430 382 1437 387 -

336 441 403 487 SS.
419 442 478 487 D.
491 439 553 486 N.
573 438 642 485 ΡΠ
673 438 753 483 ΡΡ.
772 436 851 482 V1.
868 434 1021 481 Literae
1041 435 1085 479 in
1105 430 1244 477 forma
1263 433 1414 476 Brevis
1429 462 1442 482 ‚
1455 433 1496 475 in
1514 427 1661 496 quibus
1678 431 1812 480 Motu

405 514 585 583 proptio
616 508 928 557 confirmantur
957 505 1104 549 omnia
1138 534 1151 554 ,
1180 514 1224 548 et
1254 500 1415 563 singula
1447 501 1669 564 privilegia
1699 504 1815 549 Emi-

407 585 646 632 nentissimi
679 578 881 646 Episcopi
899 576 1111 621 Ostiensis
1127 605 1141 626 ,
1171 587 1214 620 et
1234 575 1275 620 V
1279 572 1503 620 eliternen.
1533 591 1656 643 super
1683 576 1819 641 priva-

411 661 496 706 τίνει
515 660 600 718 ejus
618 649 912 715 jurisdictione
930 650 974 695 in
993 646 1115 694 dictis
1136 646 1376 693 civitatibus
1390 680 1403 700 ,
1425 659 1512 694 tam
1531 649 1576 693 in
1595 645 1788 694 civilibus
1801 679 1817 702 ,

409 724 698 777 criminalibus
711 757 725 778 ³
744 735 788 771 et
805 722 1095 771 oeconornicis
1120 717 1334 766 exclusive
1353 717 1406 766 ad
1424 737 1706 788 quaecuinque,
1720 721 1822 766 Tri-

409 800 577 849 bunalia
591 796 755 856 Urbis;
775 798 906 843 etiam
923 794 1292 857 Congregationis
1320 791 1373 838 ad
1393 792 1689 840 Consultanda
1710 796 1821 839 Pon-

409 873 547 922 tificiae
565 872 761 918 Ditionis
781 870 956 931 negotia
977 865 1207 930 designatae
1224 897 1238 918 ‚
1256 877 1301 912 et
1317 864 1521 934 praecipue
1538 868 1821 928 reintegratur

412 948 498 1007 ejus
521 939 759 1005 jurisdictio
775 941 986 1009 privativa
1005 955 1128 1006 super
1157 935 1355 984 omnibus
1372 939 1662 985 oeeonomicis
1683 939 1824 985 Com-

411 1016 630 1064 munitatis
647 1012 915 1062 Velitrarum
949 1011 1165 1059 exclusive
1204 1008 1258 1058 ad
1296 1013 1464 1059 Sacram
1502 1012 1825 1075 Congregatio-

409 1105 519 1136 nem>
545 1086 651 1134 boni
685 1087 907 1150 regiminis
927 1119 939 1131 .

430 1185 456 1218 T
472 1183 618 1230 primum
637 1181 735 1216 nullis
754 1182 950 1216 meritorum
972 1189 1162 1216 nostrorum
1191 1179 1354 1225 suffragiis
1370 1203 1380 1219 ‚
1408 1182 1465 1216 sed
1486 1180 1739 1226 Omnipoteptis
1755 1176 1823 1213 Dei

442 1233 646 1278 benignitate
670 1231 709 1265 ad
741 1230 900 1264 Universa
929 1231 1084 1265 Ecclesia:
1114 1231 1338 1276 gubernacula
1363 1229 1488 1264 admoti
1513 1231 1638 1265 fuimus
1667 1254 1676 1268 ,
1712 1227 1823 1261 statim

339 1283 449 1317 animo
468 1280 700 1326 perspeximus
723 1279 949 1314 molestiarum
969 1303 979 1318 ‚
1007 1287 1039 1312 et
1069 1277 1294 1323 procellarum
1326 1278 1430 1313 moles
1449 1303 1459 1318 ‚
1485 1290 1558 1323 quae
1584 1277 1615 1311 in
1643 1286 1710 1312 tam
1739 1273 1824 1319 peri-

338 1331 480 1369 culoso,
508 1329 705 1374 difficilique
731 1328 951 1373 navigationis
985 1339 1084 1361 cursu
1115 1328 1222 1361 Nobis
1254 1327 1403 1371 undique
1437 1327 1672 1371 impenderent
1700 1351 1709 1360 .
1744 1324 1823 1369 Qua

338 1379 543 1425 cogitatione
579 1377 729 1412 deterriti
746 1378 849 1423 prope
877 1375 1021 1410 animum
1040 1377 1276 1415 abjecissemus
1293 1400 1302 1415 ,
1332 1375 1393 1410 nisi
1409 1375 1630 1410 infirmitatem
1661 1375 1822 1409 Nostram

339 1429 538 1468 iactavimus
567 1427 597 1462 in
623 1426 733 1460 Deum
752 1451 762 1466 ‚
790 1427 846 1471 qui
868 1426 1010 1470 imperat
1025 1426 1133 1459 ventis
1149 1449 1159 1464 ,
1186 1434 1217 1458 et
1237 1424 1343 1463 mari,
1360 1437 1396 1458 ac
1413 1434 1550 1470 repente
1580 1425 1615 1458 fit
1635 1417 1823 1466 tranquilli⁶

337 1488 385 1511 tas
417 1488 535 1520 magna
551 1499 560 1508 .
593 1475 675 1508 Mox
704 1475 814 1508 edocti
832 1475 989 1516 exemplo
1004 1474 1082 1511 Jesu
1104 1473 1233 1506 Christi
1254 1497 1264 1511 ‚
1293 1472 1350 1517 qui
1365 1473 1443 1507 licet
1457 1474 1590 1505 efficere
1611 1479 1719 1514 posset
1738 1477 1821 1502 unus

337 1525 473 1562 omnia,
506 1533 578 1567 quat
607 1521 737 1560 vellet,
771 1531 879 1555 tamen
914 1519 1096 1563 Apostolos
1130 1521 1298 1559 adjutores
1319 1544 1329 1557 ‚
1368 1519 1581 1553 administros
1607 1541 1617 1554 ‚
1650 1515 1821 1560 operarios

338 1571 490 1607 adhibuit
515 1571 555 1602 ad
571 1568 769 1602 fundandam
807 1567 1013 1606 Ecclfsiam,
1042 1579 1139 1611 quarn
1168 1567 1348 1611 acquisivit
1373 1565 1539 1610 Sanguine
1570 1576 1656 1603 suo,
1684 1573 1716 1599 et
1748 1564 1822 1597 Nos

341 1619 446 1655 multo
476 1616 579 1662 magis
606 1617 638 1650 in
655 1624 780 1659 partem
808 1613 996 1659 Apostolici
1015 1616 1159 1649 muneris
1189 1614 1427 1647 advocavimus
1458 1612 1673 1648 Venerabiles
1693 1613 1822 1647 Fratres

338 1670 483 1704 Nostros
512 1663 729 1704 Cardinales‚
761 1672 797 1698 ut
809 1663 996 1699 Nobiscum
1024 1664 1160 1696 sedeant
1178 1662 1208 1696 in
1227 1661 1358 1706 puppi,
1390 1671 1558 1706 etpraesto
1588 1662 1652 1697 sint
1667 1660 1822 1699 consilio,

339 1716 561 1756 auctoritate,
594 1715 682 1753 fide,
710 1724 853 1757 quorum
883 1710 1123 1745 benevolentiae
1152 1710 1274 1744 debere
1302 1711 1373 1745 Nos
1391 1710 1573 1755 plurimum
1601 1722 1699 1746 nemo
1727 1710 1822 1756 igno-

340 1776 408 1805 rat,
455 1774 485 1798 et
501 1765 574 1798 Nos
589 1762 795 1808 praeferimus
815 1786 825 1796 .
854 1759 924 1805 Ipsi
953 1759 1040 1794 enim
1056 1759 1162 1794 Nobis
1179 1783 1189 1798 ,
1218 1759 1296 1793 licet
1325 1771 1387 1794 non
1404 1759 1510 1794 multo
1541 1768 1632 1794 antea
1654 1759 1684 1794 in
1703 1769 1822 1793 eorum

339 1813 533 1860 Collegium
553 1810 699 1856 cooptati
716 1811 885 1845 fueramus
901 1834 910 1849 ‚
940 1818 1047 1843 tamen
1077 1809 1208 1843 clavum
1229 1808 1430 1845 Christianae
1449 1808 1677 1853 Reipublicae,
1707 1817 1741 1842 et
1755 1816 1823 1841 tan-

336 1874 444 1898 tarum
465 1874 574 1896 rerum
607 1859 928 1894 administrationem
946 1860 1076 1892 tradere
1093 1870 1154 1891 non
1171 1857 1365 1892 dubitarunt
1384 1883 1394 1893 .
1418 1858 1504 1903 Quae
1517 1868 1628 1893 tamen
1649 1856 1824 1902 suffragio-

340 1924 412 1948 rum
444 1910 672 1956 pulcherrim-a
687 1908 910 1955 significatio,
939 1917 975 1942 ut
1004 1907 1034 1941 in
1051 1907 1128 1952 ipsis
1143 1907 1374 1942 vehementius
1404 1908 1573 1953 quoddam
1591 1906 1737 1942 caritatis
1753 1914 1824 1940 stu-

339 1962 432 1996 dium
456 1960 665 1994 inflammare
693 1960 792 1992 debet
819 1959 856 1992 ad
873 1957 1090 1996 adiuvandam
1124 1956 1390 1990 imbecillitatem
1413 1957 1568 1991 Nostram
1585 1981 1596 1995 ‚
1622 1955 1668 1990 ita
1698 1956 1731 1989 in
1753 1954 1822 1988 No-

339 2010 387 2044 bis
418 2018 541 2055 gratam
558 2007 822 2042 recordationem
854 2005 977 2040 excitat
1006 2007 1114 2044 adeo,
1144 2003 1319 2039 utnullam
1355 2005 1439 2039 elabi
1469 2006 1681 2040 occasionem
1719 2001 1821 2047 patia-

343 2069 439 2097 mur,
466 2060 522 2101 qui
553 2066 689 2101 paterno
717 2055 859 2094 affeetu,
898 2065 930 2088 et
948 2053 1125 2088 Pontificia
1154 2052 1352 2088 liberalitate
1383 2054 1608 2088 benemeritos
1636 2055 1678 2087 de
1709 2047 1816 2084 Nobis

344 2105 558 2140 Venerabiles
589 2106 718 2139 Fratres
744 2106 890 2139 Nostros
917 2113 1182 2147 prosequamur,
1212 2111 1248 2135 ut
1279 2113 1498 2145 Quaecumque
1528 2101 1591 2134 illis
1621 2098 1739 2135 utilia,
1771 2104 1820 2130 at·

340 2166 404 2198 que
431 2154 614 2187 honorifica
632 2165 701 2186 esse
728 2152 971 2197 dignoscuntur
988 2174 998 2189 ‚
1027 2150 1243 2183 libentissime
1258 2151 1466 2181 deferamus.
1500 2146 1596 2192 Quos
1627 2147 1712 2179 inter
1738 2156 1816 2178 cum

341 2202 448 2236 Nobis
473 2200 677 2244 Episcopalis
705 2199 851 2232 muneris
880 2196 1126 2229 necessitudine
1157 2195 1401 2235 conjunctiores
1429 2195 1493 2227 sint
1522 2194 1718 2227 Cardinales
1747 2192 1821 2238 Epi-

342 2249 461 2292 scopi,
503 2259 585 2289 quos
614 2244 870 2279 Suburbicarios
900 2252 1045 2279 vocant,
1075 2252 1109 2276 et
1136 2241 1318 2285 praesertim
1353 2242 1539 2286 Episcopus
1565 2241 1731 2276 OstIensis
1749 2266 1758 2280 ‚
1788 2248 1820 2274 et

341 2296 604 2333 Veliternensis‚
633 2293 689 2337 qui
719 2294 918 2335 plerumque
941 2291 1095 2323 Decanus
1129 2290 1217 2323 Sacri
1250 2288 1401 2335 collegii
1433 2292 1518 2324 solet
1547 2303 1645 2330 esse,
1683 2289 1818 2333 aeq'uitas

343 2345 514 2390 postulat,
544 2352 579 2376 ut
596 2342 754 2380 maiorem
782 2341 957 2384 quamdam
981 2337 1334 2372 rationemehabeamus
1355 2338 1425 2376 eius
1442 2338 1610 2384 dignitatis
1625 2362 1635 2377 ‚
1664 2351 1760 2383 quam
1779 2337 1819 2372 ad

342 2394 442 2427 totius
471 2390 665 2436 amplissimi
694 2386 844 2433 Collegii
882 2387 1094 2431 splendorem
1114 2411 1124 2426 ‚
1165 2389 1292 2425 decus,
1325 2387 1672 2431 existimationemque
1701 2387 1820 2420 redun-

342 2443 416 2476 dare
448 2439 696 2474 intelleximus.
729 2437 759 2471 Is
775 2435 861 2470 enim
879 2447 917 2470 ex
949 2435 1211 2480 omnitemporis
1235 2446 1404 2481 vetustate
1435 2437 1533 2470 habet
1562 2436 1817 2481 praerogativam

342 2502 414 2525 sane
445 2489 609 2524 illustrem
639 2485 886 2525 consecrandi,
917 2486 1166 2530 coronandique
1196 2485 1387 2519 Romanum
1418 2483 1561 2521 electum
1590 2485 1818 2522 Pontificem,

1563 2547 1566 2551 ·
1787 2539 1825 2566 ut
