1993 3195
596 320 625 353 Α
667 319 693 352 Ρ
729 321 754 353 P
792 321 814 353 E
855 320 888 353 N
929 321 963 352 D
1001 322 1015 354 Ι
1054 321 1082 354 X
1533 332 1596 356 101

138 380 175 403 su
191 369 231 402 Α.
249 367 293 400 C.
310 389 320 404 ‚
352 363 405 400 vel
423 367 494 405 eius
515 366 835 400 Locumtenentibus
868 367 993 400 Causas
1021 366 1212 404 hujusmodi
1248 377 1451 402 reassumere
1487 379 1548 402 non
1566 369 1602 403 li·

136 423 233 453 ceat,
269 413 329 448 nisi
345 413 376 448 in
392 422 505 453 statu,
534 424 566 448 et
581 414 754 453 terminis,
783 415 913 448 refectis
943 415 1129 458 sumptibus
1158 427 1264 458 usque
1295 425 1371 449 tunc
1384 414 1479 449 factis
1507 417 1544 448 ab
1560 416 1603 449 al-

136 471 206 496 tera
220 463 315 496 Parte
331 486 341 501 ,
369 471 401 496 et
415 461 640 506 transportatis
666 462 747 496 actis
763 462 914 505 expensis
933 461 1017 496 illius
1036 485 1045 501 ,
1069 461 1124 506 qui
1146 462 1268 496 Forum
1297 462 1423 496 variare
1438 462 1599 501 voluerit,

132 519 172 544 ut
186 513 342 545 hactenus
359 510 571 544 laudabiliter
588 511 799 544 observatum
817 510 881 544 fuit
894 534 904 543 .

229 558 400 604 Qoniam
418 559 501 593 vero
528 559 645 602 passim
661 558 754 592 citari
783 557 866 592 solet
882 570 957 593 cum
977 557 1068 591 hisce
1097 557 1176 601 ipsis
1191 556 1419 592 Citationibus
1443 559 1603 593 Camera-

132 606 219 642 libus
235 618 298 641 non
313 608 424 641 solum
442 607 472 639 in
490 607 611 640 Causis
627 630 637 645 ,
667 615 703 640 ut
716 616 813 650 supra
829 631 838 645 ‚
884 605 1104 651 privilegiatis
1130 617 1241 640 coram
1256 608 1298 641 A.
1315 607 1359 640 C.
1376 631 1387 646 ,
1423 608 1486 641 sub
1506 608 1600 645 cuius

129 656 263 689 nomine
287 657 410 689 eaedem
437 654 650 693 Citationes,
687 664 723 688 ut
741 654 926 699 plurimum
947 654 1189 696 imprimuntur
1208 678 1218 693 ,
1266 655 1322 688 sed
1340 655 1437 688 etiam
1471 655 1503 688 in
1530 654 1601 689 aliis

133 703 254 738 Causis
271 702 533 736 indifferentibus
564 714 676 737 coram
704 702 875 736 Cardinali
909 701 1094 745 Signaturae
1119 703 1252 736 Nostrae
1276 703 1417 743 justitiae
1445 713 1506 747 pro
1522 712 1602 738 tem-

133 763 216 797 pore
242 751 402 785 Praefecto
420 774 430 790 ,
459 752 574 790 eteius
589 750 774 791 Auditore;
803 750 906 794 quue
935 749 966 782 in
984 760 1128 795 quatuor
1155 751 1326 794 potissime
1343 752 1495 791 casibus,
1514 763 1603 786 nem-

130 811 174 844 pe
192 811 267 834 cum
303 799 429 843 petitur
468 799 710 838 supersessoria
747 799 787 832 ad
816 798 968 832 effectum
999 798 1143 831 adeundi
1184 797 1311 841 plenam
1354 799 1560 843 Signaturam
1590 811 1600 839 ;

132 849 224 882 Cum
239 847 362 882 citatur
376 859 437 892 pro
452 847 726 892 subdelegatione
756 845 884 886 Judicis
901 845 933 879 in
951 845 1102 879 Partibus
1119 845 1148 878 in
1166 847 1270 889 gradu
1294 858 1446 880 recursus
1468 860 1478 886 ;
1509 848 1601 881 Cum

130 896 258 941 petitur
272 894 431 929 declarari
449 895 592 929 Causam
629 903 778 939 spectare
794 895 834 927 ad
853 906 960 942 unum·
977 893 1088 937 potius
1103 917 1112 932 ‚
1139 905 1234 938 quam
1252 894 1290 927 ad
1309 893 1407 928 alium
1426 895 1602 934 judicem,

130 944 173 979 Et
191 944 335 989 denique
365 956 439 978 curn
456 943 582 988 petitur
608 943 761 987 purgatio
789 951 1023 976 attentatorum
1047 966 1058 981 ,
1094 941 1124 975 in
1141 949 1287 985 spretum
1321 941 1422 986 ipsius
1452 943 1603 988 Signatu-

130 1003 174 1027 rae
192 992 450 1027 commissorum
472 1015 481 1025 .
526 992 705 1036 Propterea
732 991 802 1024 Nos
831 1001 871 1024 ex
889 1002 951 1024 una
970 998 1063 1034 parte
1090 989 1335 1024 considerantes
1376 988 1468 1023 nullo
1501 991 1602 1024 modo

131 1041 344 1075 auferendam
373 1053 441 1076 esse
462 1065 472 1080 ,
501 1040 579 1084 quin
607 1039 719 1083 potius
740 1038 920 1083 diligenter
943 1039 1202 1072 conservandam
1231 1037 1379 1072 Subditis
1399 1038 1601 1072 Nostrarum

128 1089 402 1128 Provinciarum,
434 1098 466 1123 et
483 1087 698 1132 Legationum
730 1086 916 1121 libertatem
948 1085 1033 1121 illam
1052 1099 1139 1131 ,qua
1165 1097 1298 1130 semper
1323 1087 1480 1120 hactenus
1498 1085 1602 1130 gavisi

127 1138 284 1177 fuerunt,
313 1137 500 1172 recurrendi
531 1136 660 1170 scilicet
703 1147 763 1178 pro
805 1135 953 1178 ipsorum
978 1134 1115 1168 arbitrio
1134 1133 1187 1168 vel
1218 1135 1257 1168 ad
1285 1134 1516 1177 praelaudatam
1532 1135 1603 1167 No-

128 1194 230 1220 stram
261 1186 466 1231 signaturam
496 1184 661 1224 Justitiae,
689 1183 740 1216 vel
772 1184 810 1216 ad
842 1183 1046 1228 Signatiiram
1067 1207 1078 1222 ,
1106 1195 1204 1227 quarn
1230 1182 1349 1216 habere
1383 1182 1540 1216 dicuntur
1570 1181 1603 1215 in

127 1243 246 1269 ventre
278 1234 309 1268 in
336 1247 394 1269 sua
423 1233 564 1278 quisque
590 1231 768 1265 Provincia
791 1231 907 1276 Legati
936 1232 1027 1265 Sedis
1063 1230 1294 1273 Apostolicae,
1331 1240 1516 1274 eorumque
1548 1228 1605 1262 Vi-

127 1283 328 1327 ce-Legati=
358 1284 408 1316 Ac
439 1283 479 1315 de
506 1291 626 1314 caetero
660 1279 956 1313 animadvertentes
976 1303 986 1318 ,
1017 1291 1081 1313 non
1116 1278 1257 1313 absurde
1299 1290 1353 1313 eos
1382 1279 1514 1317 facere,
1544 1277 1603 1321 qui

127 1330 238 1374 potius
271 1331 310 1365 ad
337 1330 546 1375 Signaturam
590 1328 755 1368 justitiae,
788 1329 884 1372 quarn
919 1329 957 1361 ad
998 1327 1129 1362 alteram
1177 1327 1405 1371 Legatorum,
1432 1337 1488 1361 aut
1519 1325 1604 1359 Vice

126 1379 331 1422 legatorum
357 1386 558 1416 recurrunt3
588 1376 666 1419 quia
693 1387 812 1419 nempe
843 1374 897 1409 illa
927 1377 1078 1414 Causas,
1110 1386 1249 1420 quarum
1282 1374 1376 1409 valor
1401 1387 1464 1408 non
1492 1385 1605 1408 ascen-

125 1425 178 1459 dit
206 1427 246 1459 ad
279 1435 374 1460 scuta
405 1434 539 1459 centum
560 1448 570 1463 ,
599 1425 853 1468 haudquaquam
880 1423 1027 1462 retinet,
1057 1436 1114 1457 seu
1135 1422 1315 1456 committit
1332 1423 1363 1456 in
1382 1422 1490 1455 Curia
1509 1445 1520 1460 ,
1546 1420 1603 1455 sed

125 1474 220 1514 iuxta
247 1472 403 1517 providas
436 1473 721 1506 Praedecessorum
748 1472 955 1505 Nostrorum
982 1470 1263 1508 reformationes,
1291 1479 1323 1503 et
1343 1468 1525 1513 praesertim
1556 1479 1606 1502 re-

127 1521 193 1556 col.
224 1532 327 1556 mem.
356 1519 531 1555 Benedicti
562 1520 656 1553 XIII.
675 1544 683 1558 ,
713 1530 766 1552 eas
793 1518 937 1552 remittit
964 1520 1003 1551 ad
1042 1518 1180 1556 Partes,
1207 1516 1374 1551 mediante
1405 1516 1605 1561 subdelega-

129 1569 220 1604 tione
252 1568 386 1603 alterius
411 1564 545 1607 judicis'
569 1567 601 1600 in
632 1568 745 1601 eadem
777 1566 952 1605 Civitate,
982 1578 1041 1599 seu
1074 1566 1175 1604 loco,
1206 1566 1263 1599 ubi
1307 1565 1434 1608 primus
1460 1575 1605 1608 pronun-

127 1617 257 1657 ciavit,
286 1618 323 1651 ad
351 1616 504 1649 effectum
539 1615 739 1659 procedendi
766 1614 796 1647 in
828 1617 929 1658 gradu
961 1625 1114 1647 recursus
1144 1624 1203 1656 per
1228 1621 1300 1646 acta
1333 1613 1481 1653 eiusdem
1497 1612 1603 1645 Nota-

125 1665 192 1705 rii,
221 1673 255 1700 et
283 1672 525 1709 consequenter
565 1663 690 1704 absque
722 1660 788 1694 ulla
814 1661 1095 1702 transportatione
1124 1669 1274 1694 actorum
1292 1683 1302 1699 ,
1330 1668 1427 1704 atque
1469 1658 1609 1704 insuper

128 1713 198 1748 sine
230 1713 396 1748 solutione
415 1710 592 1756 Propinae:
624 1710 751 1742 Contra
777 1709 859 1741 vero
888 1709 1065 1753 Signatura
1083 1709 1307 1753 Legatorum,
1335 1716 1367 1742 et
1396 1707 1603 1751 Vice-Lega-

130 1771 240 1796 torum
259 1759 330 1800 ,*et
356 1759 538 1804 praesertim
568 1757 621 1792 illa
648 1755 835 1790 Cardinalis
867 1767 925 1801 pro
953 1767 1101 1800 tempore
1132 1757 1272 1802 Legati,
1291 1764 1346 1790 aut
1381 1753 1602 1801 Vice-Legati

126 1809 316 1843 Provinciae
350 1807 598 1844 Romandiolae,
626 1804 759 1850 quoties
805 1804 924 1839 Causae
969 1805 1131 1838 excedunt
1172 1803 1397 1838 tenuissimam
1439 1814 1603 1837 summam

126 1867 298 1892 scutorum
331 1865 477 1902 quatuor
497 1880 507 1895 ,
536 1854 679 1889 retinere
697 1864 770 1891 eas,
801 1861 838 1886 ut
865 1852 1051 1896 plurimum
1069 1851 1154 1885 solet
1183 1853 1212 1886 in
1235 1852 1304 1896 ipsa
1330 1852 1460 1891 Curia,
1488 1852 1520 1885 in
1539 1861 1605 1895 qua

126 1907 252 1941 residet
283 1906 425 1949 Legatus
442 1929 452 1945 ,
479 1912 535 1938 aut
563 1902 830 1945 Vice-Legatus;
858 1901 905 1935 Ex
939 1912 1008 1945 quo
1038 1900 1218 1943 sequitur,
1246 1909 1282 1934 ut
1309 1900 1426 1934 Partes
1451 1911 1515 1934 non
1532 1899 1604 1933 sine

128 1967 251 1998 magno
281 1953 480 1998 dispendio,
506 1961 604 1996 atque
630 1949 868 1987 incommodo,
896 1957 929 1982 et
953 1957 1026 1983 acta
1052 1948 1171 1993 prioris
1200 1947 1327 1989 Judicis
1343 1949 1382 1981 ad
1404 1949 1508 1992 ipsam
1535 1947 1608 1981 Cu-

127 2001 209 2035 riam
236 2001 427 2047 Legationis
453 2007 704 2043 transportare,
733 2006 763 2031 et
792 1997 969 2041 Propinam
998 1996 1215 2037 novoJudici
1246 1997 1392 2036 ejusdem
1408 1996 1522 2031 Curiae
1541 1994 1605 2029 sol·

125 2059 208 2083 vere
237 2059 426 2094 cogantur3
452 2048 563 2083 Immo
592 2046 692 2081 etiam
721 2054 770 2079 tot
797 2045 984 2089 Propinas,
1011 2054 1093 2090 quot
1116 2054 1192 2079 sunt
1212 2045 1336 2088 Capita
1363 2053 1536 2087 separata,
1563 2055 1604 2078 ex

128 2098 247 2141 quibus
275 2109 335 2141 pro
363 2097 609 2140 multiplicitate
646 2094 855 2128 diversarum
898 2094 1136 2137 exceptionum
1172 2093 1338 2129 sententia
1361 2093 1523 2131 secundi,
1550 2090 1604 2127 vel

128 2144 300 2180 ulterioris
334 2145 457 2179 Indicis
486 2155 587 2188 quam
614 2142 779 2186 saepissme
806 2141 1022 2185 componitur
1039 2165 1050 2175 .

224 2194 358 2226 Idcirco
384 2191 562 2226 statuimus
594 2201 630 2223 ac
661 2189 878 2228 mandamus,
904 2188 1002 2222 etiam
1036 2190 1145 2232 quoad
1182 2189 1350 2231 praedictas
1383 2189 1575 2223 citationes
1594 2209 1605 2225 2

130 2252 209 2285 quas
232 2240 304 2275 fieri
339 2239 509 2284 contingat
539 2248 649 2272 coram
682 2236 856 2271 Cardinali
883 2236 1066 2282 Signaturae
1098 2236 1284 2276 Praefecto,
1313 2238 1366 2271 vel
1400 2237 1470 2275 eius
1498 2234 1607 2271 Audi-

133 2298 231 2327 tore,
257 2289 452 2332 praedictum
487 2283 758 2329 antiquissimum
803 2295 894 2317 usum
927 2285 958 2316 in
995 2293 1168 2327 posterum
1200 2285 1395 2322 observari,
1420 2286 1505 2319 itaut
1535 2281 1606 2326 qui-

129 2347 274 2373 cumque
298 2338 338 2371 de
364 2336 453 2370 dicta
487 2331 670 2378 Legatione
716 2329 974 2370 Romandiolae,
1003 2339 1058 2364 aut
1087 2331 1129 2364 de
1168 2331 1237 2365 ali-is
1266 2332 1451 2365 Provinciis
1470 2355 1480 2369 ,
1504 2332 1606 2375 Lega-

129 2383 300 2421 tionibus,
331 2384 385 2417 vel
412 2380 599 2417 Guberniis
634 2379 744 2412 Status
780 2377 900 2411 Nostri
927 2376 1178 2416 Ecclesiastici,
1205 2390 1376 2414 recurrere
1400 2378 1511 2425 potius
1527 2376 1606 2413 velit

127 2434 166 2467 ad
198 2432 405 2474 signaturam
434 2432 596 2466 Nostram
627 2426 794 2463 Iustitiae‚
824 2437 924 2469 quam
952 2425 990 2458 ad
1024 2425 1232 2469 Signaturam
1268 2427 1407 2473 Legati,
1433 2437 1488 2461 aut
1520 2426 1605 2461 Vice

125 2479 265 2524 Legati,
307 2481 368 2512 hoc
399 2490 460 2522 pro
488 2477 627 2512 arbitrio
656 2484 717 2508 suo
744 2473 861 2507 facere
891 2472 1022 2517 possit,
1053 2473 1186 2507 citando
1215 2475 1349 2510 alteram
1383 2476 1511 2510 Partem
1527 2487 1604 2510 cum

127 2527 226 2563 dictis
253 2525 484 2562 citationibus
513 2522 773 2563 cameralibus‚
809 2520 962 2568 nullique
989 2521 1088 2557 liceat
1115 2533 1227 2559 earum
1264 2524 1525 2571 exequutionem
1555 2533 1605 2557 re-

1533 2579 1596 2606 tat-
