1952 3167
323 309 374 343 50
680 302 741 336 DE
770 303 882 343 JURE
924 302 1204 339 SIGNATURAE
1233 305 1440 340 IUSTITIAE

324 352 398 390 eis,
426 357 460 384 et
486 360 604 384 eorum
633 350 776 386 cuilibet
807 351 922 397 quavis
955 351 1053 386 aliter
1078 353 1273 393 judicandi,
1302 365 1333 388 er
1362 354 1597 400 interpretandi
1616 354 1775 391 facultate
1795 382 1806 397 ,

320 410 355 436 et
386 399 583 435 auctoritate
611 399 779 439 iudicari,
807 410 839 434 ct
867 400 998 434 deliniri
1029 401 1177 441 debere,
1206 415 1240 436 ac
1269 403 1419 441 irritum,
1450 412 1482 438 et
1512 404 1605 438 inane
1623 427 1633 443 ‚
1664 405 1689 438 si
1709 417 1807 440 secus

320 461 424 495 super
439 449 488 484 his
515 462 530 483 a
554 460 724 494 quoquam
751 449 868 495 quavis
897 450 1098 484 auctoritate
1123 449 1293 490 scienter,
1326 453 1378 485 vel
1407 452 1599 496 ignoranter
1627 454 1808 500 contigerit

319 506 475 534 attentari
495 523 503 533 .

370 547 432 582 111.
477 548 555 582 Non
587 548 797 581 obstantibus
832 545 1166 584 Constitutionibus,
1200 555 1232 579 et
1260 546 1542 582 Ordinationibus
1573 550 1778 592 Apostolicis
1799 577 1809 592 ‚

321 595 518 640 caeterisque
534 596 707 630 contrariis
723 595 991 640 quibuscumque
1006 616 1016 626 .

418 645 542 679 Datum
562 645 675 677 Romae
703 645 790 686 apud
811 644 966 676 Sanctum
986 643 1122 676 Petrum
1150 644 1211 677 snb
1230 643 1343 678 Anulo
1371 643 1550 680 Piscatoris
1578 643 1632 682 die
1650 645 1726 681 XII.
1741 648 1804 688 Ju-

321 692 357 729 lii
376 693 666 729 MDCCXXVII.
689 691 908 726 Pontificatus
924 690 1029 725 nostri
1047 693 1144 724 Anno
1161 691 1222 726 IV.

392 867 666 915 Constitutio
683 861 909 913 Benedicti
927 868 1043 913 XIII.
1064 864 1139 914 sub
1156 864 1243 913 dat.
1268 880 1327 913 lv.
1343 862 1441 912 Kal.
1457 866 1558 913 maii
1579 882 1600 913 1
1613 883 1677 922 7²
1689 869 1730 914 8.

471 955 564 1005 quae
597 939 712 984 varia
749 935 922 987 decreta
938 972 953 993 ,
975 937 1268 986 ordinationes
1284 971 1298 992 ,
1330 950 1374 987 et
1398 940 1666 1008 provisiones

571 1026 654 1081 pro
682 1019 801 1056 recta
834 1012 880 1056 in
898 1012 1042 1060 Curiis
1068 1008 1203 1058 Urbis
1224 1011 1392 1074 justitiae
1424 1009 1559 1059 admi-

753 1082 1009 1134 nistratione
1043 1084 1353 1157 complectitur
1374 1117 1388 1131 .

517 1204 797 1248 BENEDICTDS
825 1208 1062 1238 EPISCOPvS
1095 1210 1253 1246 SERVvS
1280 1207 1514 1247 SERVORvM
1539 1208 1617 1238 DEI

762 1253 824 1285 .Ad
849 1260 1041 1300 perpetuam
1067 1255 1115 1288 rei
1147 1255 1338 1291 memoriam
1355 1278 1364 1288 .

324 1300 500 1400 Quum
532 1357 685 1383 nostrum
710 1348 741 1383 in
765 1348 881 1393 primis
907 1349 1058 1385 officium
1087 1350 1132 1387 sit
1148 1349 1331 1397 providere
1356 1358 1420 1385 etc.

429 1455 495 1496 De
527 1453 710 1497 Custodia.
726 1454 1027 1513 Scripturarum
1043 1482 1061 1505 2
1092 1454 1333 1514 illarumque
1352 1441 1668 1514 productionibus
1682 1483 1698 1497 .
1730 1440 1733 1443 ,

407 1566 584 1601 Ustodiant
611 1566 790 1612 diligenter
803 1567 936 1603 Notarii
967 1569 1151 1614 scripturas
1181 1581 1298 1605 omnes
1322 1595 1333 1610 ,
1358 1581 1534 1615 processus
1568 1569 1610 1602 de
1633 1566 1810 1614 partibus,

417 1624 587 1650 extractus
604 1638 615 1654 ,
631 1624 665 1649 et
683 1616 824 1661 registra
839 1626 1062 1663 quacumque
1078 1633 1088 1652 ι
1105 1629 1137 1653 et
1154 1628 1317 1664 quatenus
1336 1618 1510 1663 contingat
1525 1616 1596 1652 illas
1615 1626 1810 1652 accommo-

320 1665 396 1698 dare
416 1687 425 1702 ‚
465 1672 602 1698 caveant
629 1676 668 1698 ne
687 1665 920 1700 accomodatio
947 1667 1002 1700 fiat
1025 1667 1269 1711 principalibus
1285 1691 1296 1708 ,
1325 1669 1383 1702 sed
1401 1666 1681 1701 Procuratoribus
1697 1665 1730 1700 in
1750 1664 1811 1698 Ur-

319 1712 363 1747 be
394 1713 565 1758 cognitis,
595 1713 719 1758 praevia
743 1713 973 1758 descriptione
1005 1716 1201 1761 qualitatis,
1235 1726 1268 1751 et
1298 1716 1491 1751 substantia}
1520 1715 1704 1755 cuiuslibet
1733 1711 1812 1747 scri-

319 1770 452 1805 pturoe,
481 1774 544 1796 non
572 1761 604 1796 in
633 1763 798 1803 confuso,
829 1764 886 1797 sed
904 1765 1058 1808 specifice
1075 1765 1225 1800 facienda
1242 1767 1272 1800 in
1307 1765 1396 1800 libro
1425 1765 1737 1799 Accomodatorum
1770 1762 1810 1796 ad

319 1811 408 1845 hunc
435 1810 595 1846 effectum
621 1812 822 1851 retinendo,
851 1812 882 1845 in
912 1825 979 1857 quo
1006 1814 1106 1848 etiam
1135 1814 1329 1859 specificare
1362 1822 1544 1849 teneantur
1572 1812 1653 1847 folia
1679 1824 1721 1847 ex
1736 1809 1811 1857 qui·

320 1859 380 1893 bus
412 1869 662 1905 componuntur
697 1862 775 1907 ipsse
804 1860 1002 1906 scripturae,
1034 1862 1124 1898 diem
1157 1887 1167 1902 ‚
1196 1875 1368 1903 mensem,
1403 1872 1436 1898 et
1463 1875 1584 1897 annum
1615 1860 1812 1907 productio-

317 1907 367 1942 nis
397 1909 640 1955 scripturarum
658 1935 668 1950 ‚
695 1922 767 1956 qux
800 1913 1130 1953 accommodantur,
1160 1924 1220 1947 nec
1246 1911 1317 1947 illas
1351 1914 1504 1952 tradant,
1534 1911 1596 1946 m'si
1622 1923 1699 1946 cum
1722 1919 1810 1945 rece·

320 1964 402 1999 puta
424 1957 527 2002 ipsius
560 1958 709 1995 Curialis
725 1959 880 2005 cogniti,
909 1961 1061 1997 facienda
1076 1960 1109 1996 in
1126 1963 1246 1996 eodem
1265 1962 1350 1997 libro
1377 1962 1409 1997 in
1435 1960 1528 1996 calce
1544 1959 1699 2006 partitae,
1730 1967 1807 1993 cum

317 2004 524 2049 obligatione
541 2008 641 2053 ipsius
657 2009 849 2054 recipientis
877 2010 916 2043 de
934 2010 1004 2046 illas
1024 2012 1225 2056 reportando
1243 2012 1274 2046 i'n
1301 2012 1448 2047 termino
1477 2019 1557 2046 octo
1571 2010 1703 2044 dierum
1719 2029 1731 2044 9
1747 2002 1807 2059 'vel

316 2052 487 2099 longiori,
518 2057 544 2091 si
576 2067 694 2103 agatur
727 2058 768 2094 cle
782 2059 1024 2104 processibus,
1057 2061 1296 2101 extractibus‚
1325 2071 1383 2096 aut
1401 2058 1593 2105 registris.⁴
1611 2058 1651 2090 Et
1687 2052 1808 2088 nihilo-

316 2102 427 2138 minus
461 2106 676 2149 ipsiNotarii
697 2118 818 2143 curent
844 2108 928 2143 infra
958 2121 1079 2144 annum
1110 2110 1199 2144 adie
1217 2107 1536 2144 accommodationis
1562 2104 1634 2138 illas
1663 2113 1804 2146 recupe-

316 2161 388 2183 rare
404 2175 414 2190 7
444 2163 476 2187 et
496 2165 707 2199 recuperatas
721 2165 883 2190 annotare
914 2157 945 2189 in
961 2158 1078 2189 eodem
1092 2156 1181 2187 ‘libro
1197 2154 1549 2188 Accommodatorum
1577 2164 1653 2187 curn
1672 2159 1806 2196 expres·

317 2197 409 2232 sione
440 2200 507 2234 diei
534 2201 664 2236 illarum
697 2202 932 2245 reportationis
959 2225 970 2240 ,
995 2202 1057 2235 sub
1087 2212 1185 2246 poena
1208 2202 1382 2236 reficiendi
1413 2203 1454 2236 de
1484 2202 1618 2246 proprio
1648 2210 1805 2246 expensas

319 2257 379 2289 pro
412 2247 528 2282 iterata
556 2249 718 2283 dictarum
735 2248 980 2293 scripturarum
998 2249 1230 2289 extractione,
1257 2260 1314 2285 aut
1328 2250 1607 2294 transcriptione,
1641 2258 1804 2296 quatenus

317 2295 499 2338 deperditas
521 2297 655 2331 ‚fuerint
673 2321 683 2336 ‚
712 2306 745 2331 et
771 2297 810 2331 ad
840 2299 954 2331 omnia
981 2299 1101 2332 damna
1127 2299 1278 2342 partibus
1308 2323 1318 2339 ‚
1349 2298 1493 2345 aliisque
1524 2299 1661 2334 arbitrio
1702 2306 1805 2332 reser-

321 2347 398 2380 vata
425 2345 551 2380 eisdem
579 2345 729 2380 Notariis
753 2346 886 2381 actione
917 2358 981 2391 pro
1005 2346 1210 2391 repetitione
1235 2347 1401 2384 dictarum
1440 2359 1656 2394 expensarum
1686 2356 1803 2382 contra

319 2404 398 2433 σος,
428 2393 460 2428 in
492 2407 636 2440 quorum
667 2394 819 2430 manibus
839 2395 1022 2441 deperditae
1047 2395 1199 2431 fuerint.
1238 2396 1325 2443 Qae
1340 2407 1447 2432 tamen
1474 2397 1596 2432 annalis
1622 2396 1738 2433 dilatio
1757 2393 1821 2428 eis>

322 2453 385 2478 non
413 2443 614 2489 suffragetur
645 2444 678 2478 in
694 2456 773 2479 casu
786 2444 922 2484 obitus,
955 2445 1009 2479 vel
1036 2445 1372 2490 perpetuidiscessus
1393 2447 1657 2482 Procuratorum
1691 2447 1731 2481 ab
1745 2442 1804 2477 ΠΥ·

317 2490 385 2530 be,
414 2501 493 2528 tunc
521 2493 608 2528 enim
626 2493 690 2527 sub
717 2494 842 2528 eisdem
863 2493 969 2540 poenis
986 2502 1159 2530 teneantur
1187 2495 1324 2530 Notarii
1357 2496 1495 2530 solliciti
1523 2507 1594 2531 esse
1623 2498 1665 2532 de
1692 2491 1801 2529 statim

320 2544 548 2588 recuperando
576 2541 761 2589 scripturas
790 2543 837 2578 eis
852 2542 1121 2580 accommodatas
1155 2545 1217 2579 sub
1235 2544 1362 2582 eisdem
1391 2545 1535 2592 poenis.·
1718 2590 1737 2624 S
1779 2587 1788 2595 ι

1741 2600 1803 2624 cri-
