1952 3167
365 310 460 366 148
641 310 719 352 DE
748 313 887 360 JURE
920 313 1261 358 SIGNATURAE
1297 314 1555 364 JUSTITIAE
1788 371 1799 381 .

364 370 414 413 tis
443 368 661 412 recurritur
691 376 977 417 tantummodo
1006 377 1056 416 ad
1087 377 1453 432 Congregationem
1477 371 1739 432 praepositam
1759 371 1823 412 dt-

367 442 450 471 ctae
488 429 744 484 Inquisitioni
770 448 782 481 :‚
807 449 910 488 quae
947 435 979 474 si
1009 430 1310 491 appellationem
1340 436 1587 489 impertiatur
1606 464 1617 481 ‚
1651 433 1820 489 pertinet

366 488 419 529 ad
451 488 658 545 ipsummet
676 489 922 533 Assessorem
942 495 1132 548 deputare
1152 495 1272 535 alium
1293 492 1463 544 judicem
1481 524 1493 542 ‚
1524 507 1654 533 unum
1675 504 1815 546 nempe

366 561 386 588 e
406 546 591 589 Praelatis
612 549 930 592 Consultoribus
948 549 1125 603 ejusdem
1146 551 1482 609 Congregationis
1500 581 1510 590 .

484 607 516 647 C
516 620 772 651 onservatores
793 610 905 651 Urbis
923 612 962 650 in
985 611 1147 661 Causis,
1167 610 1470 668 respicientibus
1488 607 1688 649 Vassallos
1710 609 1814 649 Feu-

364 661 509 705 dorum
524 693 535 711 ‚
568 681 671 721 quae
692 667 764 723 ipsi
787 669 1017 724 possident,
1036 672 1213 724 gaudent
1247 669 1450 727 privilegio
1472 682 1536 709 eas
1561 676 1809 722 cognoscen-

366 718 432 769 di,
452 736 489 764 et
519 724 735 766 definiendi
770 727 811 767 in
831 729 1005 769 secunda
1028 729 1213 770 instantia
1234 744 1301 786 per
1319 728 1501 785 ipsosmet
1518 755 1530 774 ‚
1558 741 1627 767 seu
1645 738 1810 766 eorum-

360 778 449 820 dem
468 782 744 840 Asse‘ssoreiu,j
754 801 846 828 uxta
867 788 1068 829 Srarurum
1082 788 1202 830 Urbis
1221 818 1233 836 ‚
1249 803 1285 830 et
1301 787 1603 845 Chirograpltum
1625 785 1809 848 Clemen-

358 836 408 878 tis
425 838 592 897 x11.(1)
623 843 777 886 Carent
800 845 899 889 vero
928 846 1013 902 jure
1040 848 1325 904 subtlelegandi
1342 847 1503 900 Judices
1533 845 1573 884 in
1593 844 1774 908 partibus
1791 874 1802 885 .

355 894 577 954 Eapropter
597 901 829 954 hujusmodi
848 905 1189 960 subdelegationes
1209 905 1516 960 circumscripsit
1533 915 1611 946 tam
1629 902 1807 943 Auditor

353 952 588 1009 Signaturae
608 991 619 1007 ‚
634 975 758 1013 quam
779 962 904 1002 Effius
927 963 1147 1004 Praefectus
1161 964 1203 1004 -in
1221 979 1348 1005 mense
1364 963 1523 1020 augusti
1559 963 1706 1024 ¹787·‚

479 1013 727 1057 Consuetudo
746 1047 758 1064 ,
789 1019 958 1073 quando
978 1032 1033 1060 est
1055 1034 1194 1061 contra
1225 1022 1288 1075 jus
1316 1035 1530 1072 nunquam
1558 1018 1778 1060 attenditur
1795 1045 1806 1059 .

358 1067 479 1111 Etita
517 1072 736 1117 declaravit
754 1076 930 1117 Auditor
950 1077 1152 1118 pontificis
1180 1078 1338 1120 decreto
1365 1078 1442 1119 diei
1464 1089 1504 1132 5.
1527 1077 1623 1133 julii
1652 1090 1774 1132 1785.
1792 1106 1808 1127 ‚

354 1142 440 1182 quo
459 1132 649 1187 abrogata
682 1133 1029 1177 fuitconsuetudo
1059 1136 1202 1192 agendi
1226 1137 1266 1177 in
1296 1136 1450 1192 judicio
1468 1137 1551 1178 sine
1586 1137 1802 1178 citatione.

354 1185 548 1243 Idemque
563 1192 780 1235 resolutum
797 1194 875 1235 fuit
891 1209 911 1234 a
930 1195 1045 1249 plena
1067 1195 1284 1251 Signatura
1303 1207 1374 1236 20.
1389 1195 1593 1237 decembris
1610 1196 1732 1251 1787.
1756 1193 1799 1235 in

356 1243 494 1288 Causa
524 1248 555 1288 C
555 1249 699 1292 ivitatis
709 1252 833 1308 plebis
850 1253 880 1293 C
881 1252 1218 1310 ircumscriptionis
1235 1285 1245 1295 .

471 1307 522 1347 Et
557 1312 742 1361 quamvis
759 1342 771 1360 ,
811 1325 854 1353 ut
887 1311 1061 1353 diximus
1090 1313 1141 1353 ab
1180 1313 1378 1358 Auditore
1406 1313 1608 1357 pontificis
1642 1313 1801 1372 saepius

352 1361 557 1407 decretum
576 1367 695 1410 fuerit
731 1384 816 1411 non
850 1371 1005 1412 obstare
1040 1375 1260 1428 quamlibet
1295 1374 1630 1417 consuetudinem
1649 1400 1663 1419 2
1694 1386 1800 1427 quae

349 1419 434 1478 juri
465 1426 665 1467 contraria
682 1429 752 1477 sit,
779 1444 817 1470 et
838 1429 1012 1484 proinde
1030 1445 1115 1473 acta
1141 1448 1427 1489 quaecumque
1461 1431 1665 1483 judicialia
1695 1446 1799 1472 sem-

345 1493 419 1535 per
439 1482 545 1524 nulla
562 1514 573 1533 ,
588 1496 627 1527 et
645 1485 752 1530 irrita
777 1488 961 1530 habenda
981 1505 1058 1531 esse
1083 1519 1094 1537 ‚
1109 1492 1140 1532 si
1159 1492 1361 1548 praeviam
1388 1491 1511 1533 Partis
1541 1488 1799 1546 collitigantis

348 1539 584 1584 citationem
601 1575 614 1594 ‚
631 1548 814 1588 omissam
833 1562 911 1589 esse
929 1563 976 1589 ex
993 1551 1292 1592 consuetudine
1315 1553 1407 1592 Pars
1424 1550 1540 1592 altera
1561 1548 1793 1590 contendat.

343 1597 536 1641 Attamen
558 1619 641 1644 non
663 1606 752 1647 ideo
776 1605 1046 1662 infrequentes
1063 1623 1158 1652 sunt
1183 1610 1254 1650 hac
1272 1610 1320 1650 de
1341 1624 1379 1651 re
1396 1608 1604 1664 judiciales
1622 1608 1797 1664 disputa-

345 1656 490 1707 tiones,
508 1675 609 1714 quas
626 1663 727 1706 inter
746 1665 906 1708 celebris
929 1665 1007 1708 fuit
1030 1667 1093 1708 illa
1112 1696 1124 1714 ‚
1142 1668 1311 1710 excitata
1330 1668 1371 1709 in
1392 1667 1531 1708 Causa
1551 1668 1792 1708 Avetzionen.

276 1725 283 1733 ’
343 1729 456 1757 anno
480 1721 607 1774 1788.
626 1723 668 1763 in
688 1739 769 1779 qua
803 1724 864 1765 ille
885 1723 992 1766 idem
1010 1726 1252 1785 Mongolfier
1270 1755 1282 1774 ‚
1313 1727 1384 1782 qui
1412 1741 1519 1769 novo
1536 1726 1706 1767 excitato
1737 1724 1798 1767 iti-

344 1787 438 1816 nere
456 1791 532 1832 per·
551 1780 737 1824 sinuosos
758 1783 857 1825 aeris
887 1784 1054 1827 vortices
1071 1817 1085 1834 ‚
1103 1786 1266 1828 cuidam
1286 1785 1366 1826 folli
1386 1815 1398 1831 ‚
1413 1799 1500 1826 aere
1520 1782 1795 1826 inflammabili

341 1833 494 1889 repleto
516 1865 528 1884 ,
554 1853 673 1891 atque
713 1840 882 1882 distento
914 1842 1131 1883 inhaerens
1148 1873 1161 1891 ,
1190 1858 1257 1899 per
1291 1845 1449 1884 aethera
1468 1843 1632 1886 volitare
1660 1843 1796 1900 cepit,

341 1894 559 1938 maximam
588 1894 835 1955 Populorum
854 1898 978 1941 Orbis
999 1913 1150 1956 partem
1184 1901 1225 1942 in
1246 1901 1549 1944 admirationem
1579 1901 1796 1957 rapiendo;

342 1949 546 2007 judicium
576 1957 765 1999 instruxit
799 1959 987 2001 adversus
1014 1960 1180 2002 heredes
1208 1960 1403 2003 Advocati
1426 1960 1592 2006 Ioannis
1609 1959 1795 2001 IsVillelmi

338 2010 384 2050 de
405 2012 554 2056 Villeles
571 2015 611 2055 in
633 2015 843 2059 Tribunale
861 2019 1104 2067 Consulatus,
1124 2019 1317 2062 Avenionz'
1330 2019 1532 2066 existente,
1552 2018 1607 2059 ob
1624 2019 1794 2061 societa-

338 2080 416 2109 tem
446 2071 586 2115 initam
616 2090 734 2133 super
765 2077 1021 2134 impressione
1041 2109 1053 2125 ,
1084 2089 1124 2118 et
1151 2078 1368 2134 respective
1413 2077 1650 2122 venditione
1684 2092 1792 2131 quo-

336 2129 528 2172 rumdam
549 2133 731 2190 Operum
749 2165 762 2183 ‚
790 2149 862 2174 seu
894 2134 1086 2174 librorum
1106 2165 1119 2182 ,
1149 2148 1187 2176 et
1207 2135 1313 2176 nulla
1331 2137 1442 2194 prius
1458 2136 1641 2179 citatione
1658 2141 1790 2185 oblata

338 2185 453 2227 dictis
487 2190 701 2231 heredibus
717 2220 730 2237 ,
761 2189 997 2231 sententiam
1030 2190 1237 2243 obtinuitt,
1273 2209 1293 2234 a
1313 2210 1394 2251 qua
1415 2195 1441 2236 ii
1460 2197 1789 2254 appellaruntco.

336 2257 423 2286 ram
440 2246 669 2304 Pro-legato
683 2246 966 2296 Αυεηὶοηεηεε,
984 2262 1022 2291 et
1046 2251 1097 2292 ab
1115 2253 1255 2294 eodem
1274 2255 1440 2297 admissa
1460 2258 1669 2314 appellatio
1686 2275 1788 2305 ram-

333 2316 457 2357 quam
487 2305 528 2344 in
548 2306 750 2361 prima,et
767 2307 937 2365 proinde
958 2308 1231 2353 circumducta
1252 2313 1331 2356 fuit
1357 2318 1607 2363 Consulatus
1632 2342 1786 2373 senten-

333 2360 386 2402 tia
408 2391 417 2401 .
437 2362 482 2401 In
502 2363 577 2404 hoc
594 2378 728 2405 rerum
743 2379 850 2408 statu
869 2367 1132 2424 Mougoffier,
1155 2371 1226 2424 qui
1242 2385 1402 2419 strenue
1422 2384 1692 2428 contendebat
1709 2404 1785 2430 an-

333 2419 600 2473 tiquissimam
619 2438 697 2466 esse
717 2423 812 2467 dicti
825 2424 1076 2469 Consulatus
1093 2434 1428 2481 consuetudinem
1445 2439 1497 2482 ita
1515 2420 1783 2500 procedendi,

330 2548 489 2564 ψ

368 2606 425 2648 (x)
449 2608 599 2652 Append.
620 2619 699 2655 pag.
725 2621 779 2655 79·
810 2613 854 2647 ad
878 2611 931 2646 80.
