1952 3167
324 309 414 354 228
639 315 715 357 DE
732 313 865 363 JURE
894 314 1236 358 SIGNATURAE
1261 313 1524 368 JUSTITIAE

447 365 696 418 commissio
729 390 802 433 pro
835 377 1056 418 obtinenda
1087 374 1330 417 admissione
1359 377 1413 418 ad
1438 373 1677 419 beneficium

888 436 995 492 Cap.
1016 436 1266 477 odoardus.

823 495 1003 538 Cimtatz's
1030 495 1277 535 Castellanae
1304 519 1314 531 ο

867 552 1087 595 Beatissime
1123 555 1242 596 Pater
1275 585 1287 595 .

452 613 679 670 Exponimr
709 613 920 654 humillime
951 613 994 652 S.
1032 614 1081 657 V.
1105 629 1180 670 pro
1207 624 1325 671 parte
1355 611 1488 660 devoti
1512 613 1556 654 S.
1579 613 1627 657 V.
1657 614 1796 659 Orata.

332 673 390 715 ris
418 674 472 714 N.
497 674 550 715 N.
587 671 797 730 Presbyteri
825 687 891 713 seu
914 671 1056 716 Clerici
1084 673 1264 715 Ciuitatis
1283 672 1524 716 Castellanae
1543 702 1556 721 ,
1580 675 1682 730 quod
1708 688 1792 716 cum

333 731 415 788 ipse
432 732 609 773 maximo
637 747 712 772 aere
746 731 875 775 alieno
905 735 977 776 sub
994 732 1220 776 arctissimis
1245 730 1469 780 clausulis,
1498 748 1546 776 ac
1563 732 1680 774 etiam
1698 731 1796 775 obli-

329 789 491 846 gatiane
508 790 701 833 Carnerali
725 805 922 836 contracto
942 822 955 841 ,
969 804 1160 852 gravatus
1187 792 1440 849 reperiatur,
1451 792 1636 858 adeoque
1644 806 1796 849 pauper

330 849 500 898 existat,
533 861 570 890 et
586 849 671 891 suis
706 853 962 894 Creditmibus
991 851 1213 920 satisfacere
1248 861 1418 908 nequeat
1449 882 1461 899 ‚
1495 863 1532 892 et
1562 850 1636 893 nisi
1671 853 1715 891 S.
1737 851 1786 894 V

329 908 460 963 aliquo
477 922 529 948 ex
547 910 741 965 beneficiis
763 913 990 960 Canonum,
1017 912 1085 968 qui
1103 911 1296 978 incipiunt
1315 910 1560 958 odoardus,
1580 925 1645 951 seu
1663 911 1792 951 Perve-

335 965 394 1004 nit
421 996 433 1012 ,
460 966 746 1016 subveniatur,
778 968 981 1010 Car-cerum
1013 970 1188 1010 servituti
1223 969 1388 1023 adjicere
1407 999 1420 1016 ,
1453 982 1490 1008 et
1522 968 1562 1009 in
1595 968 1669 1008 illis
1693 967 1794 1009 diem

332 1023 518 1065 claudere
562 1039 804 1074 extremum,
839 1028 900 1066 vel
927 1026 1148 1067 mendicare
1197 1038 1353 1069 coactus
1376 1027 1451 1067 erit
1492 1025 1533 1066 in
1567 1025 1789 1067 maximum

337 1080 605 1124 Presbiteralis
631 1084 875 1142 Dignitatis‚
909 1086 971 1126 vel
986 1084 1174 1127 clericalis
1199 1085 1361 1127 Ordinis
1392 1083 1663 1141 opprobrium
1654 1117 1666 1134 ‚
1700 1084 1792 1127 ideo

339 1141 463 1182 dictus
490 1144 650 1184 deuotus
667 1146 710 1184 S.
737 1145 782 1185 V
805 1146 953 1186 Orator
977 1143 1172 1185 humiliter
1186 1144 1376 1212 supplicat
1391 1146 1434 1185 S
1468 1144 1516 1186 V.
1532 1154 1721 1199 quatenus
1739 1143 1797 1185 cli-

335 1212 487 1265 gaetur
505 1202 720 1243 committam
721 1218 756 1248 e,
777 1218 814 1243 et
829 1206 1018 1245 mandare
1035 1203 1224 1260 Episcopo
1253 1201 1428 1245 Civitatis
1445 1202 1685 1243 castellanae
1701 1231 1713 1249 ‚
1729 1207 1796 1243 seu'

337 1273 423 1313 esus
446 1260 602 1300 Vicatio
635 1261 815 1303 Geneiali
831 1294 843 1310 ‚
874 1274 917 1304 ut
945 1262 1101 1304 constito
1126 1263 1172 1302 de
1204 1261 1323 1316 ipsius
1345 1260 1521 1302 Oratoris
1535 1273 1769 1315 paupertate
1786 1288 1800 1308 ‚

338 1318 519 1358 eumdem
540 1319 593 1358 acl
607 1321 767 1360 alterum
790 1335 842 1361 ex
855 1321 969 1361 clzctis
987 1318 1201 1374 beneficiis,
1214 1330 1332 1374 prout
1351 1319 1398 1358 de
1407 1318 1715 1374 Jure‚adm1ttat,
1724 1320 1800 1359 ad-

336 1375 578 1433 missumque
595 1388 752 1419 tueatur
773 1411 785 1428 ,
804 1389 841 1420 et
858 1378 1037 1433 defendat
1051 1407 1062 1426 ‚
1079 1392 1150 1418 nec
1164 1377 1364 1435 amplius
1350 1393 1390 1416 ιη
1408 1379 1574 1419 Persona
1590 1377 1794 1419 molestari

335 1435 558 1490 permittat,
571 1447 608 1475 et
621 1438 818 1493 assignata
837 1438 958 1478 eidem
979 1436 1133 1477 Oratori
1146 1451 1198 1477 ex
1202 1436 1398 1488 fructibus
1411 1436 1598 1477 bonorum
1619 1450 1794 1486 suorum,

338 1494 402 1533 vel
429 1493 772 1535 ecclesiasticorum
796 1525 810 1543 ,
825 1496 885 1536 vel
908 1494 1143 1536 secularium
1163 1525 1176 1542 ‚
1194 1494 1228 1535 si
1246 1509 1343 1551 quae
1369 1493 1446 1534 sint
1461 1525 1473 1543 ,
1495 1496 1670 1550 portione
1703 1510 1797 1537 con·

335 1565 438 1607 grua
468 1567 543 1607 pro
560 1552 663 1593 victu
683 1585 696 1602 ‚
714 1564 752 1594 et
777 1555 1054 1595 sustentatione
1079 1554 1296 1595 necessaria
1313 1585 1326 1603 ,
1354 1567 1441 1594 cum
1468 1553 1662 1606 facultate
1679 1554 1801 1596 citam

339 1609 410 1657 di,
427 1610 623 1651 inhibendi
640 1627 733 1666 quos
750 1643 762 1660 ‚
777 1612 942 1668 quilius,
957 1611 1102 1668 quoties
1119 1641 1131 1659 ‚
1148 1613 1235 1661 ubi,
1255 1627 1292 1654 et
1307 1613 1463 1669 quando
1486 1628 1581 1668 opus
1593 1612 1743 1683 fuerit,
1759 1623 1798 1656 et

341 1677 531 1724 quatenus
547 1669 586 1710 in
603 1670 818 1712 carceribus
836 1671 1080 1727 mancipatus
1101 1672 1318 1728 reperiatur
1334 1700 1347 1719 ,
1363 1682 1481 1713 ettam
1513 1672 1554 1713 in
1569 1672 1740 1740 primis,
1757 1681 1797 1713 et

337 1737 430 1768 ante
447 1728 574 1768 omnia
593 1759 605 1776 ‚
619 1740 738 1784 prout
756 1729 908 1785 dejure
934 1731 1242 1782 excarcemzndi,
1271 1741 1488 1787 caeteraque
1518 1731 1559 1772 ia
1574 1731 1798 1788 praemissis

342 1786 580 1833 necessaria,
595 1798 633 1828 et
648 1800 862 1845 opportuna
874 1788 1023 1843 ficien.
1037 1821 1051 1839 ‚
1069 1804 1245 1831 exercen.
1265 1789 1516 1846 praemissis,
1529 1805 1693 1832 necnon
1688 1791 1801 1833 Con-

339 1844 608 1886 stitutioatbus
626 1875 638 1893 ‚
672 1858 710 1888 et
728 1847 1042 1889 Ordinationibus
1057 1847 1311 1904 Apostolicis‚
1332 1848 1552 1905 caeterisque
1581 1850 1622 1890 in
1648 1860 1800 1892 contra·

338 1902 437 1945 rium
464 1918 540 1945 non
561 1906 801 1948 obstantibus
827 1907 1161 1964 quibuscumque,
1179 1918 1321 1949 statum
1355 1922 1424 1951 etc.
1445 1923 1522 1964 pro
1537 1909 1649 1966 plene
1666 1920 1737 1952 etc.

459 1964 617 2019 Quoad
638 1965 743 2008 hanc
762 1966 1102 2009 Commissionem
1119 1966 1525 2011 animadvertendum
1545 1982 1600 2009 est
1615 1967 1751 2021 ‚quod
1773 1980 1796 2007 a

338 2022 538 2063 sententia
559 2024 783 2068 declarante
802 2026 1046 2068 beneficium
1062 2027 1158 2084 Cap.
1182 2027 1390 2070 Odoardus
1406 2057 1419 2076 ,
1438 2038 1477 2069 et
1493 2026 1641 2070 salvam
1657 2039 1794 2080 perso-

339 2095 436 2121 nam
465 2110 478 2129 2
518 2082 742 2148 itidemque
779 2085 1101 2149 assignationem
1135 2101 1340 2140 congruae
1371 2083 1673 2127 sustentationis
1706 2096 1791 2124 non

343 2140 586 2197 competiisse
606 2174 620 2192 ‚
656 2157 787 2196 neque
820 2154 1039 2195 competere
1088 2141 1131 2179 in
1168 2154 1264 2180 casu
1308 2141 1357 2180 de
1395 2155 1478 2195 quo
1509 2140 1641 2197 agitur
1668 2170 1681 2189 ,
1704 2155 1790 2184 non

339 2195 462 2238 datur
497 2199 707 2254 appellatio
741 2200 818 2240 sub
856 2200 1017 2245 banca,
1051 2196 1121 2239 sed
1145 2198 1261 2239 debet
1289 2198 1389 2241 adiri
1425 2199 1682 2256 Signaturam
1712 2201 1793 2258 ple-

344 2269 468 2304 nam,
489 2269 595 2308 quae
616 2255 826 2298 rescribere
859 2256 984 2298 solet:
1020 2258 1068 2298 de
1092 2257 1353 2314 appellatione
1383 2274 1463 2301 non
1481 2260 1681 2302 retardata
1700 2273 1795 2302 exe-

343 2313 492 2355 cutione
508 2314 708 2356 mandati.
730 2315 769 2354 A
785 2314 979 2357 sententia
997 2315 1107 2364 vero,
1125 2315 1358 2359 admittente
1380 2318 1534 2360 dictum
1553 2319 1792 2361 beneficium

340 2371 436 2427 Cap.
456 2372 792 2414 Odoarclusdatur
807 2373 1017 2440 appellatio
1043 2374 1120 2415 sub
1140 2375 1309 2416 banca·
1299 2408 1312 2425 ‚
1345 2388 1390 2419 ut
1423 2376 1556 2420 videre
1588 2389 1645 2420 est
1679 2377 1789 2436 apud

341 2430 511 2488 Capucc.
535 2431 638 2487 (1),
679 2430 752 2485 qui
766 2431 881 2474 refert
897 2447 1010 2489 prax
1002 2448 1052 2475 m
1070 2431 1302 2491 hujusmodi
1321 2449 1557 2493 processus.

663 2562 1792 2585 —ss——Qmss—-w

382 2616 439 2657 (ι)
460 2623 505 2649 to.
526 2627 638 2662 1.par.
660 2629 691 2661 3.
709 2628 777 2664 cap.
801 2626 926 2661 13.aert.
944 2620 977 2652 6.
997 2629 1081 2653 num.
1103 2621 1179 2660 158.
