1952 3167
276 291 322 334 78
625 283 687 318 DE
715 282 826 324 JURE
868 280 1148 317 SIGNATURAE
1177 277 1384 315 IUSTITIAE

278 336 388 382 prima
415 330 659 380 supersessoria
677 356 686 371 ,
713 343 745 366 et
771 344 836 366 una
867 329 1087 375 prorogati03
1117 341 1152 363 ac
1182 329 1358 363 ulteriores
1377 325 1556 361 citationes
1584 327 1704 365 factae,
1729 333 1764 361 et

281 383 442 419 faciendae
470 395 531 416 non
559 383 801 421 attenduntur,
829 380 891 415 nisi
917 379 1115 423 subscripta:
1143 377 1265 413 fuerint
1295 387 1355 423 per
1385 387 1467 416 nOS‚
1501 384 1535 409 et
1560 386 1621 420 per
1646 377 1691 410 D.
1710 387 1767 409 no-

280 442 386 469 strum
426 433 628 466 Auditorem
648 457 657 466 .

333 481 465 516 XXIII.
516 479 734 525 Praecipimus
755 478 880 522 pariter
892 476 1047 511 omnibus
1065 474 1215 508 Notariis
1231 497 1240 511 ,
1268 474 1329 506 sub
1350 473 1456 516 poenis
1472 494 1481 509 ,
1510 480 1548 505 ut
1563 482 1663 514 supra
1681 496 1692 512 ,
1728 482 1767 506 ne

285 532 450 567 audeant,
478 541 538 564 seu
555 537 754 574 praesumant
771 527 917 569 recipere
935 549 945 564 ,
974 533 1006 557 et
1023 523 1132 567 legere
1157 522 1269 566 copias
1285 520 1486 554 citationum
1503 542 1513 558 ‚
1545 519 1607 553 nisi
1636 522 1677 554 de
1709 532 1770 554 no-

285 587 351 613 stra
385 577 516 612 licentia
531 602 541 616 ‚
568 577 622 611 vel
653 577 698 609 D.
718 575 820 608 nostri
837 571 1011 607 Auditoris
1028 594 1036 603 .

334 627 460 661 XXIV.
511 627 595 660 Item
617 624 799 661 volumus,
827 631 857 654 ct
880 618 1204 664 manda1nus‚quod
1235 617 1306 652 aliz
1333 615 1506 651 citationes
1536 628 1614 651 cum
1646 615 1771 650 inhibi-

286 675 376 710 tione
407 677 445 709 ad
463 674 572 709 statim
593 683 706 706 coram
737 670 828 704 dicto
856 670 902 703 D.
926 668 1093 703 Auditore
1123 677 1300 712 exequutae
1331 674 1406 710 post
1435 665 1600 710 primam,
1633 664 1768 710 quando

288 724 390 758 fuerit
418 721 634 769 personaliter
675 726 866 764 exequuta,
893 727 925 751 et
955 729 1018 751 non
1054 718 1254 761 reproducta
1272 739 1281 754 ‚
1309 723 1341 749 et
1368 724 1443 759 post
1487 714 1578 749 binas
1600 738 1610 754 ‚
1634 714 1771 759 quando

291 772 393 807 fuerit
422 779 588 817 exequuta
614 769 705 804 dorni
735 767 870 802 dimissa
895 765 1014 810 copia,
1048 765 1191 810 amplius
1224 776 1287 798 non
1313 764 1480 803 afficiant,
1509 764 1567 798 sed
1601 762 1726 809 possint
1757 774 1775 797 a

292 821 442 864 partibus
473 821 607 864 impune
635 816 743 862 sperni
766 817 890 860 absque
917 814 988 849 uilo
1023 812 1107 848 vitio
1137 822 1377 848 attentatorum
1395 837 1405 852 ‚
1432 821 1465 846 et
1492 812 1580 846 idem
1614 820 1775 847 servetur

291 868 323 904 in
349 868 565 904 citationibus
593 878 706 903 coram
733 865 902 899 nobismet
927 863 1158 909 exequendis,
1185 864 1243 897 sed
1286 869 1361 906 post
1400 862 1530 895 unicam
1565 869 1694 895 tantum
1740 860 1773 894 in

289 926 434 962 utroque
467 929 545 951 casu
570 940 580 950 .
1527 911 1544 931 ”

341 965 446 998 XXV.
499 964 784 998 Praedecessorum
813 970 1003 995 nostrorum
1031 960 1174 994 decretis
1207 960 1400 995 inhaerentes
1417 981 1427 996 ,
1453 966 1486 992 et
1503 958 1673 1003 praecipue
1695 956 1775 991 alias

290 1013 386 1048 factis
413 1023 473 1057 per
503 1012 819 1056 Congregationem
852 1020 951 1055 super
982 1008 1219 1043 reformatione
1253 1006 1488 1041 Tribunalium
1518 1006 1615 1040 Urbis
1641 1007 1683 1040 de
1702 1007 1776 1040 An-

293 1074 336 1096 no
368 1062 470 1103 1658.
496 1072 594 1105 quam
630 1071 690 1104 per
715 1059 795 1094 clar.
826 1071 926 1093 mem.
953 1058 1059 1091 Card.
1088 1057 1247 1092 Chisium
1275 1057 1336 1091 sub
1369 1055 1424 1089 die
1452 1056 1485 1090 8.
1503 1055 1633 1099 Aprilis
1669 1058 1779 1099 1677.

292 1122 420 1145 necnon
456 1120 516 1154 per
543 1109 620 1143 clar.
657 1120 757 1142 mem.
786 1108 928 1141 Cardin.
958 1106 1062 1140 Scotti
1099 1107 1159 1140 sub
1187 1106 1240 1140 die
1273 1117 1326 1139 12.
1360 1104 1448 1139 lunii
1489 1115 1596 1149 ¹719·
1619 1103 1779 1149 praecipi-

294 1171 392 1198 mus,
431 1167 463 1193 et
494 1159 686 1192 mandamus
718 1157 874 1191 omnibus
896 1155 1068 1194 Notariis‚
1097 1167 1136 1190 ne
1164 1157 1304 1189 audeant
1333 1153 1508 1198 recipere,
1535 1162 1569 1186 et
1589 1151 1703 1200 legere
1732 1154 1779 1186 ci-

295 1210 431 1242 tationes
449 1231 458 1246 ,
488 1206 549 1240 nisi
580 1207 610 1240 in
638 1205 744 1241 causis
772 1205 980 1239 vertentibus
1007 1204 1038 1238 in
1066 1215 1186 1238 eornm
1210 1202 1341 1238 Officiis
1369 1204 1430 1236 sub
1461 1201 1565 1245 poenis
1591 1201 1686 1236 nobis
1704 1225 1714 1240 ,
1745 1208 1779 1235 et

295 1256 403 1291 eidem
429 1256 474 1289 D.
498 1256 656 1289 Auditori
685 1254 878 1293 benevisis;
907 1253 1082 1287 citationes
1102 1264 1184 1286 vero
1210 1264 1326 1286 omnes
1346 1275 1356 1290 ‚
1372 1262 1444 1295 quae
1460 1251 1544 1285 fiunt
1562 1259 1629 1284 tam
1662 1259 1778 1284 coram

296 1304 417 1343 nobis,
449 1316 548 1349 quam
581 1303 627 1337 D.
660 1312 773 1338 nostro
804 1303 972 1336 Auditore
1001 1303 1034 1335 in
1060 1301 1167 1336 causis
1195 1299 1406 1334 vertentibus
1427 1299 1459 1332 in
1477 1297 1627 1342 partibus
1661 1308 1779 1332 coram

296 1352 468 1388 Iudicibus
499 1352 674 1398 Delegatis
693 1352 759 1386 aS.
774 1352 858 1385 Sede
890 1350 1111 1395 Apostolica,
1139 1358 1173 1384 et
1199 1349 1271 1383 aliis
1287 1348 1584 1394 quibuscumque,
1612 1345 1778 1381 volumus

295 1402 367 1436 fieri
396 1413 456 1445 per
480 1411 551 1436 acta
570 1400 770 1445 infrascripti
795 1399 975 1444 Scriptoris
1001 1398 1239 1438 Archivii‚'et
1265 1398 1341 1431 alias
1369 1395 1463 1430 factae
1502 1395 1567 1429 sint
1598 1395 1670 1439 ipso
1701 1396 1779 1434 iure

298 1449 396 1484 nulla:
424 1458 526 1484 etiam
566 1461 643 1483 cum
665 1449 842 1486 decretis,
872 1459 944 1491 quac
974 1448 1004 1481 in
1049 1446 1111 1480 illis
1140 1448 1370 1483 emanabant,
1397 1453 1497 1488 prout
1527 1443 1598 1477 ilias
1637 1443 1786 1478 deciara-

297 1510 395 1537 mus3
427 1498 532 1531 immo
557 1497 773 1539 prohibemns
805 1495 961 1529 omnibns
995 1494 1146 1528 Notariis
1164 1519 1174 1534 ‚
1202 1506 1243 1528 ne
1271 1496 1415 1529 audeant
1431 1491 1500 1526 illas
1516 1491 1669 1536 recipere
1690 1515 1701 1531 ,
1730 1502 1786 1525 ne-

298 1558 364 1591 que
397 1545 508 1590 legere
543 1547 604 1579 sub
636 1544 766 1588 poenis,
794 1553 829 1577 ut
854 1554 980 1586 supra.

348 1594 473 1628 XXVI.
527 1594 566 1626 Et
592 1593 726 1636 insuper
755 1592 969 1643 mandamus,
1000 1593 1090 1636 quod
1120 1591 1295 1626 citationes
1323 1600 1440 1624 omnes
1458 1613 1467 1627 ‚
1496 1599 1569 1633 quae
1599 1589 1684 1622 fiunt
1710 1596 1778 1623 tam

299 1653 409 1677 coram
441 1641 534 1676 nobis
551 1665 559 1679 ‚
585 1652 683 1686 quam
714 1640 760 1672 D.
790 1648 903 1673 nostro
930 1640 1100 1673 Auditore
1124 1651 1185 1683 pro
1213 1638 1414 1684 purgatione
1441 1646 1681 1672 attentatorum
1699 1648 1786 1682 quo-

301 1691 550 1734 modocumque
580 1688 839 1724 commissorum
870 1687 900 1721 in
928 1697 1078 1732 spretum
1108 1687 1214 1728 plenae
1245 1686 1423 1733 Signatum·
1469 1687 1499 1719 in
1535 1685 1657 1720 Causis
1687 1697 1783 1720 com-

301 1738 410 1774 missis
441 1739 599 1773 Romanae
624 1737 738 1772 Curiae
769 1735 943 1775 praelatis,
973 1746 1005 1770 et
1031 1738 1060 1769 in
1091 1735 1241 1780 partibus
1258 1759 1269 1775 ,
1297 1737 1374 1770 fiant
1402 1735 1530 1780 pariter
1555 1744 1616 1779 per
1640 1743 1711 1768 acta
1735 1733 1790 1767 in-

301 1787 473 1831 frascripti
502 1786 682 1832 Scriptoris
713 1784 895 1824 Ambivii,
923 1793 957 1819 et
988 1784 1065 1819 alias
1094 1785 1189 1819 factat
1212 1784 1276 1819 sint
1304 1783 1380 1828 ipso
1408 1787 1483 1825 jure
1517 1784 1618 1818 nuilae
1637 1807 1647 1822 ,
1686 1781 1789 1817 etiam

302 1848 382 1872 cum
410 1835 565 1870 Decretis
584 1860 594 1875 ‚
622 1846 695 1880 quae
724 1833 756 1868 in
785 1833 848 1868 illis
879 1834 1105 1872 emanabant,
1134 1843 1236 1877 prout
1264 1833 1396 1873 nullas,
1425 1843 1457 1867 et
1500 1831 1611 1868 irritas
1644 1831 1793 1866 declara-

301 1897 375 1920 mus
399 1909 409 1925 ,
449 1885 517 1919 imo
543 1885 761 1930 prohibemus
791 1882 946 1917 omnibus
989 1881 1142 1917 Notariis
1188 1881 1259 1918 illas
1302 1882 1479 1927 recipere,
1509 1891 1543 1916 et
1577 1881 1687 1927 legere
1728 1880 1791 1914 sub

301 1933 408 1978 poenis
442 1943 478 1968 ut
502 1945 626 1978 supra.
655 1931 846 1966 Citationes
877 1940 1014 1971 autem,
1042 1942 1116 1977 quae
1146 1931 1230 1965 fiunt
1265 1943 1325 1977 pro
1354 1930 1561 1975 repositione
1589 1943 1606 1964 a
1634 1928 1790 1964 Decretis

303 1990 371 2017 tam
402 1993 464 2027 per
493 1995 578 2021 nos,
605 1993 705 2028 quam
731 1991 790 2027 pet·
819 1982 864 2015 D.
896 1990 1045 2015 nostrum
1076 1979 1273 2015 Auditorem
1303 1980 1424 2020 factis,
1455 1980 1613 2014 volumus
1647 1979 1709 2013 sub
1724 1986 1791 2020 ρατ-

304 2043 344 2065 na
384 2030 544 2066 nullitaris
575 2031 645 2065 fieri
675 2041 735 2075 per
765 2032 850 2064 Acta
868 2030 1015 2069 ejusdem
1035 2025 1195 2069 Notarii‚
1217 2030 1274 2076 qui
1288 2029 1417 2074 recepit
1434 2029 1650 2066 Decretum,
1675 2037 1693 2060 a
1719 2034 1788 2068 quo

302 2082 433 2123 petitur
455 2079 630 2125 *repositio
654 2103 665 2118 ‚
689 2079 877 2113 dummodo
908 2078 1068 2114 Notarius
1106 2079 1282 2123 praediCtus
1304 2080 1346 2114 sit
1373 2087 1568 2121 competens
1584 2098 1594 2108 .

356 2128 503 2162 XXVII.
555 2127 776 2172 Praecipimus
800 2139 939 2171 quoque
953 2151 964 2166 ‚
995 2128 1087 2171 quod
1101 2127 1274 2160 citationes
1291 2129 1329 2159 ad
1349 2125 1575 2168 recipiendum
1591 2145 1602 2159 ,
1630 2132 1688 2155 nec
1707 2118 1791 2158 fieri,

305 2187 365 2210 nec
399 2175 465 2219 legi
494 2176 621 2219 possint
649 2188 763 2210 coram
790 2175 911 2212 nobis,
944 2174 1015 2207 sive
1041 2174 1088 2206 D.
1116 2180 1231 2205 nostro
1254 2171 1448 2211 Auditore,
1475 2179 1508 2205 et
1534 2171 1630 2204 factae
1656 2180 1720 2203 non
1743 2168 1792 2202 af-

305 2223 444 2261 ficiant,
472 2231 505 2256 et
534 2223 662 2266 possint
688 2221 828 2263 impune
856 2221 992 2263 sperni.

355 2270 516 2304 XXVIII.
570 2270 655 2304 Item
685 2268 919 2308 decernimus,
952 2269 1043 2313 quod
1070 2268 1246 2302 citationes
1276 2270 1318 2302 ad
1357 2268 1543 2303 videndum
1579 2264 1789 2312 supersederi

309 2330 421 2354 coram
453 2318 576 2357 nobis,
604 2319 674 2352 sive
708 2318 753 2351 D.
780 2325 894 2351 nostro
924 2317 1092 2350 Auditore
1133 2317 1165 2350 in
1195 2317 1317 2351 Causis
1344 2341 1354 2356 ‚
1384 2328 1458 2362 quae
1496 2317 1624 2351 ratione
1654 2325 1795 2350 summa:
1842 2351 1844 2354 f

308 2381 371 2403 non
403 2376 543 2412 possunt
572 2366 604 2401 in
631 2367 730 2412 plena
765 2365 944 2410 Signatura
972 2364 1142 2410 proponi,
1169 2366 1261 2404 juxta
1307 2366 1455 2401 Decreta
1496 2365 1573 2400 alias
1606 2366 1695 2398 edita
1725 2374 1792 2397 non

307 2415 533 2461 recipiantur,
562 2428 670 2462 neque
696 2415 930 2454 admittantur,
960 2424 994 2449 et
1022 2415 1112 2449 factae
1144 2413 1275 2458 possint
1303 2415 1438 2461 impune
1468 2415 1603 2459 sperni,
1632 2425 1697 2448 non
1728 2413 1792 2445 ob-

309 2474 414 2500 stante
442 2477 659 2512 quocumque
686 2466 823 2500 decreto
849 2463 952 2499 etiam
987 2463 1215 2509 interposito,
1253 2465 1345 2509 quod
1372 2473 1548 2500 censeatur
1591 2458 1792 2506 subreptitie

310 2522 482 2550 extortum
509 2537 519 2548 .

1610 2556 1734 2594 XXIX.
1750 2553 1798 2589 Si-
