1952 3167
340 316 422 364 216
637 314 718 358 DE
741 315 875 364 JURE
907 312 1255 358 SIGNATURAE
1279 311 1538 362 JUSTITIAE

337 380 450 423 ficere
484 376 633 426 etiamn,
683 377 845 418 mutatis
874 375 1084 417 mutandis
1102 405 1114 421 ‚
1150 374 1466 417 Commissiones
1481 405 1493 424 ,
1529 386 1632 429 quae
1670 371 1796 427 respi-

341 435 785 482 ciuntRestitutionem
817 436 1012 478 adversus
1047 434 1266 476 aditionem
1295 433 1523 476 hereditatis
1555 434 1806 481 damnosae,

341 510 503 540 necnon
533 496 725 540 adversus
752 495 907 551 lapsum
926 492 1109 535 fatalium
1128 524 1140 541 ‚
1166 491 1423 535 venditiones
1465 489 1636 543 injustas
1659 521 1672 540 ,
1708 504 1780 534 etc.
1802 504 1817 543 ς

347 571 441 599 nam
467 557 519 598 'in
555 554 869 598 Commissionis
905 552 1022 593 initio
1054 551 1229 600 sufficit,
1250 563 1296 592 ut
1316 550 1470 591 factum
1490 551 1659 593 breviter
1686 565 1816 608 expo-

348 629 469 659 natur
490 630 552 667 ;et
574 616 718 658 deinde
738 624 999 671 apponantur
1017 610 1219 652 clausulae
1240 609 1328 651 illae
1350 639 1363 656 ‚
1381 623 1486 665 quae
1507 609 1547 650 in
1569 609 1813 666 transcripta

346 675 649 719 commissione
672 675 862 730 leguntur
894 702 902 712 .
936 671 1213 712 Nihilominus
1233 700 1244 717 ,
1272 683 1320 713 ut
1354 668 1678 712 Causidicorum
1711 668 1818 713 votis

351 737 520 777 omnino
552 732 843 777 satisfaciamus
862 765 875 782 ,
909 732 1015 774 hanc
1034 730 1153 772 aliam
1184 730 1376 772 addimus
1396 760 1405 770 .

411 794 655 838 commissio
697 807 771 850 pro
792 790 1056 834 Restitutione
1090 790 1132 831 in
1150 790 1351 847 integrum
1384 789 1579 835 adversus
1613 787 1756 832 incon·

779 852 882 895 sulto
903 850 1055 894 aditam
1075 848 1333 893 hereditatem
1360 878 1371 890 .
1606 859 1610 862 ·

983 912 1159 952 Romana
1173 940 1182 950 .

878 968 1110 1011 Beatissime
1137 971 1251 1010 Pater
1268 998 1279 1009 .

458 1029 692 1088 ,Exponam
726 1027 924 1069 'humiliter
956 1029 1000 1068 S.
1015 1028 1071 1070 V.
1102 1043 1178 1085 pro
1221 1040 1332 1084 parte
1350 1056 1362 1075 ,
1392 1038 1430 1068 et
1476 1025 1533 1068 od
1577 1023 1812 1068 instantiam

350 1090 406 1132 N.
425 1091 481 1131 N.
500 1090 628 1132 devoti
661 1090 704 1130 S.
728 1087 777 1131 V.
809 1085 985 1129 Oratorz‘s
1001 1119 1013 1136 ,
1045 1086 1213 1144 qualiter
1229 1084 1410 1140 defuncto
1437 1084 1493 1128 N.
1513 1086 1568 1127 N.
1590 1085 1674 1142 ejus
1697 1086 1814 1128 Patre

350 1151 496 1191 Orator
519 1149 745 1205 praedictus
769 1146 809 1188 in
824 1147 928 1188 illius
959 1147 1195 1188 haereditate
1240 1146 1456 1188 inconsulto
1481 1160 1524 1187 se
1549 1144 1768 1187 immiscuit
1800 1171 1815 1193 ,

351 1209 459 1251 nullo
474 1207 645 1263 confecto
662 1207 882 1247 Inventario
900 1208 946 1246 cle
966 1205 1074 1248 bonis
1089 1205 1355 1247 haereditariis
1374 1219 1384 1244 .-
1421 1219 1582 1261 cumque
1602 1202 1816 1260 comperie-

351 1266 405 1307 rit
415 1277 619 1322 paternam
635 1266 904 1308 haereditatem
922 1265 996 1307 sibi
1013 1281 1093 1306 esse
1108 1267 1335 1312 damnosam
1353 1296 1365 1313 ‚
1382 1264 1584 1319 multisque
1600 1262 1737 1303 debitis
1750 1259 1814 1302 in.-

353 1327 553 1375 volutam,
570 1338 607 1366 et
623 1340 643 1365 e
669 1335 803 1365 contra
825 1325 856 1365 C
857 1325 1041 1366 reditores
1072 1322 1246 1378 defuncti
1262 1324 1390 1365 Patris
1422 1323 1655 1366 contendant
1672 1320 1815 1363 obtine-

354 1399 395 1426 re
425 1385 610 1426 mandata
635 1394 768 1426 contra
790 1384 996 1426 'Personam
1010 1415 1023 1432 ,
1054 1395 1091 1426 et
1108 1385 1231 1425 Bona·
1246 1383 1403 1440 propria
1440 1382 1536 1424 dicti
1549 1381 1593 1422 N
1598 1412 1606 1420 .
1627 1380 1685 1422 N.
1709 1380 1815 1422 Ora-

353 1443 448 1485 toris
471 1454 655 1498 tanquam
683 1443 856 1483 haeredis
885 1442 1070 1497 simplicis
1101 1441 1184 1496 ejus
1202 1442 1330 1483 Patris
1346 1456 1399 1483 ex
1413 1441 1611 1483 obstaculo
1628 1455 1707 1482 ass.
1739 1437 1817 1480 im-

355 1500 557 1544 m'ixtionis
575 1502 614 1543 in
631 1499 731 1543 a't'cta
750 1500 985 1542 haereditate
1004 1529 1016 1547 ‚
1047 1501 1234 1556 rebusque
1251 1499 1339 1542 aliis
1357 1529 1370 1548 ‚
1402 1511 1439 1542 et
1455 1498 1589 1556 cupiat
1603 1498 1708 1541 illam
1725 1495 1818 1541 adi-

357 1578 397 1603 re
427 1577 512 1604 cum
532 1559 709 1617 beneficio
735 1559 851 1618 'Legis
872 1570 908 1600 et
926 1559 1132 1602 Inventarii
1148 1575 1162 1609 ς
1190 1564 1241 1602 ne'
1253 1561 1300 1601 de
1307 1559 1467 1618 proprio
1485 1559 1585 1600 ultra
1604 1557 1701 1601 vires
1718 1560 1816 1601 hae‘-

357 1620 556 1673 reditarios
571 1630 747 1661 teneatur
772 1650 784 1668 ‚
816 1633 863 1660 ac
878 1618 991 1660 etiam
1017 1620 1071 1660 ad
1086 1619 1261 1677 effectum
1296 1618 1547 1677 recuperandi
1554 1616 1714 1675 propria
1730 1631 1817 1660 cre·-

359 1679 443 1723 a'ita
459 1681 639 1721 aduersus
653 1677 795 1720 dictam
809 1678 1106 1728 haereditatem
1123 1679 1315 1735 supplicat
1330 1679 1470 1721 idcirco
1486 1677 1681 1719 humiliter
1693 1677 1738 1718 S.
1761 1676 1812 1719 V.

359 1751 544 1798 quatenus
580 1738 769 1796 dignetur
796 1737 959 1780 tribuere
993 1740 1041 1780 R.
1065 1739 1109 1778 P.
1145 1737 1333 1781 Auditori
1362 1739 1545 1780 Gamerae
1570 1768 1584 1787 ,
1615 1734 1816 1793 eidemque

360 1798 598 1843 committere
612 1829 625 1847 ‚
657 1808 695 1838 et
714 1799 900 1839 mandare
917 1827 929 1844 ,
953 1808 997 1838 ut
1016 1798 1140 1839 citatis
1167 1797 1429 1839 creditoribus
1446 1829 1456 1840 ,
1485 1796 1645 1853 aliisque
1666 1827 1679 1845 ,
1713 1809 1812 1853 quo-

361 1874 445 1901 rum
479 1859 636 1901 interest
650 1886 663 1904 ,
697 1855 857 1898 constito
876 1855 949 1897 sibi
966 1855 1130 1910 dejusta
1152 1855 1280 1898 Causa
1298 1888 1311 1905 ,
1342 1866 1381 1897 et
1397 1853 1564 1898 laesione
1577 1886 1590 1904 ,
1619 1855 1812 1897 adversus

361 1919 511 1975 lapsum
542 1914 725 1974 temporis
752 1914 956 1956 Oratorem
966 1914 1008 1956 in
1023 1915 1219 1973 integrum
1251 1915 1429 1958 restituat
1457 1916 1642 1957 adversus
1671 1915 1808 1956 incon-

361 1979 461 2019 sulto
489 1975 634 2019 aditam
668 1975 942 2016 haereditatem
972 1986 1174 2032 paternam
1193 2005 1207 2025 ‚
1235 1985 1274 2016 et
1289 1977 1344 2016 ad
1360 1974 1639 2031 conficiendum
1654 2005 1658 2008 .
1672 1972 1812 2013 laven-

362 2035 530 2086 tar'ium,
549 2047 718 2092 tempore
747 2045 962 2092 opportuno
992 2034 1205 2093 neglectum
1223 2034 1452 2084 ,terminum
1480 2040 1626 2074 statuat
1641 2060 1655 2078 ,
1684 2039 1723 2070 et
1735 2027 1812 2070 im-

357 2095 547 2151 pertiatur
563 2125 577 2145 ,
608 2104 647 2137 et
662 2109 750 2137 cum
767 2094 944 2135 omnibus
961 2094 1051 2134 aliis
1074 2090 1334 2143 facultatibus
1363 2095 1524 2146 desuper
1553 2086 1776 2130 necessariis
1795 2117 1809 2137 ,

363 2165 403 2194 et
415 2153 640 2211 opportunis
660 2181 672 2198 ,
701 2167 739 2192 et
757 2152 875 2192 citan.
898 2180 912 2196 ,
944 2164 980 2189 et
1005 2149 1169 2188 inhiben.
1205 2163 1300 2203 quos
1317 2179 1330 2197 ‚
1361 2148 1498 2204 quibus
1516 2175 1528 2194 ,
1559 2148 1711 2203 quoties
1725 2178 1739 2196 ‚
1768 2157 1809 2189 et

364 2214 519 2267 quando
539 2226 638 2266 opus
644 2207 770 2262 fuerit
797 2205 961 2263 singulis
978 2206 1107 2247 diebus
1119 2237 1132 2254 ‚
1149 2216 1186 2246 et
1202 2206 1303 2247 horis
1323 2204 1484 2259 feriatis
1501 2237 1515 2256 ‚
1544 2216 1583 2247 et
1597 2221 1678 2248 non
1686 2205 1812 2259 feria·

364 2269 416 2311 tis
432 2299 444 2317 ,
467 2279 622 2327 praeter
651 2281 765 2323 quam
798 2264 838 2307 in
857 2267 1034 2307 honorem
1053 2265 1130 2306 'Dei
1138 2264 1296 2318 feriatis
1314 2295 1326 2314 ‚
1358 2263 1703 2308 constitutionibus
1721 2293 1734 2313 ‚
1765 2275 1803 2307 et

365 2326 678 2370 ordinationibus
718 2322 949 2380 Apostolicis
969 2353 981 2371 ,
1014 2323 1100 2365 stilo
1131 2324 1298 2373 Palatii,
1326 2335 1363 2366 et
1388 2324 1526 2366 Curiae
1556 2356 1569 2375 ,
1599 2323 1805 2383 ceterisque

367 2388 408 2430 in
426 2385 656 2430 contrarium
691 2397 770 2426 non
785 2382 1024 2425 obstantibus
1040 2412 1050 2422 .
1085 2382 1238 2424 Statum
1259 2397 1328 2425 etc.
1343 2398 1415 2440 pro
1428 2385 1544 2441 plene
1575 2395 1648 2427 etc.

480 2447 531 2488 'In
565 2445 643 2487 hae
679 2455 778 2488 vero
806 2441 1100 2484 commissione
1131 2440 1377 2484 efformanda
1411 2444 1542 2487 varios
1573 2459 1690 2487 casus
1720 2454 1812 2499 per-

367 2504 539 2563 pendere
558 2515 713 2561 oportet
733 2531 744 2543 .
765 2503 875 2545 Nam
891 2501 922 2542 si
939 2501 1086 2543 Orator
1107 2501 1155 2541 de
1176 2513 1348 2557 tempore
1366 2502 1500 2545 obitus
1519 2501 1708 2546 Defuncti
1726 2512 1811 2544 erat

369 2565 500 2606 minor
517 2594 531 2614 ,
553 2576 660 2606 tunc
681 2574 772 2620 post
801 2563 926 2605 verba
943 2560 1148 2617 :defuncto
1164 2561 1281 2604 NJV.
1301 2561 1387 2619 ty'us
1401 2563 1519 2607 Patre
1537 2591 1552 2613 ‚
1577 2560 1813 2605 addendum

1733 2630 1815 2662 est:
