1993 3195
625 313 1045 357 CAPUTH.
1524 341 1580 383 95

112 376 339 432 infizllonter
347 387 541 430 proponet
556 372 724 415 Causam
738 373 777 415 in
791 374 922 431 prima
932 375 1117 432 proxima
1134 373 1345 433 Signaturcz
1364 406 1377 425 ,
1406 379 1487 425 ideo
1505 397 1577 428 etc,

112 440 284 481 Instante
300 435 346 476 N
348 463 357 473 .
375 434 431 474 N.
446 431 653 491 principali
673 464 686 482 ,
722 432 801 476 sive
817 445 891 476 etc.

842 492 1067 536 Ambivium
1083 525 1093 535 .

94 604 97 607 ῃ
227 553 277 594 Et
292 551 388 607 quia
408 551 447 591 in
468 552 660 593 omnibus
678 551 868 594 humanis
889 553 1007 595 rebus
1034 554 1133 595 nihil
1158 567 1237 597 tam
1267 555 1440 613 perfecte
1461 557 1579 602 insti-

109 610 168 655 tui
187 626 208 652 a
230 611 536 668 Legislatoribus
552 625 708 668 potest,
725 611 826 667 quin
849 626 1041 670 perpetua
1062 616 1244 669 quadam
1264 617 1488 660 necessitate
1509 618 1580 658 ali-

108 671 278 728 quando
310 686 393 713 non
431 685 655 727 cogantur,
690 672 811 712 novis
846 672 968 713 modo
1003 673 1155 731 legibus
1182 675 1376 717 faciendis
1409 705 1421 723 ,
1457 677 1580 720 modo

108 730 309 775 veteribus
325 731 570 788 corrigendis
587 760 601 777 ‚
626 747 672 774 ea
690 760 703 779 ‚
726 746 830 785 quae
848 744 994 773 statuta
1011 746 1108 775 sunt
1126 765 1139 783 ,
1174 734 1216 775 in
1238 735 1378 777 melius
1395 736 1581 779 reforma-

113 804 156 833 re
177 821 190 838 ,
223 791 372 833 factum
392 789 567 846 proinde
587 805 643 833 est
664 821 677 839 ‚
715 804 760 832 ut
783 791 973 832 nondum
1002 792 1142 849 elapsis
1162 795 1366 837 mensibus
1390 796 1577 850 quinque
1618 798 1625 804 ’

90 862 134 890 ‘a
167 849 231 889 die
258 850 592 907 promulgationis
623 850 871 908 generalium
905 850 1143 893 Edictorum
1176 885 1189 902 ,
1223 855 1301 895 sub
1337 854 1400 894 die
1437 869 1580 911 nempe

109 908 165 949 26
201 911 472 965 semptembris
492 923 614 966 1742.
638 938 651 957 ,
685 908 1282 954 EminentissimusCardinalis
1300 912 1451 954 Corsinz‘
1483 929 1579 956 cum

108 967 291 1008 unanimi
310 968 506 1011 sententia
527 969 650 1011 totius
685 968 888 1024 collegii,
920 983 965 1010 ac
996 970 1212 1014 accedente
1247 970 1455 1014 pontificia
1487 988 1581 1015 con·

107 1025 334 1068 firmatione
351 1059 364 1077 ,
398 1028 662 1070 declaraverit
681 1059 694 1076 ,
718 1028 832 1083 quod
851 1028 1198 1071 Commissionum
1230 1031 1580 1082 transmissiones,

93 1081 151 1124 ⁴in
170 1086 284 1127 tertio
311 1087 472 1128 decreto
489 1087 686 1144 praefixae
709 1116 719 1134 ‚
754 1099 792 1127 et
807 1085 1018 1128 faciendae
1036 1103 1105 1144 per
1133 1089 1216 1130 dies
1246 1089 1453 1131 tresdecim
1484 1103 1578 1133 ante

106 1142 214 1182 diem
241 1144 380 1197 plenae
397 1145 635 1197 Signaturae
654 1176 667 1192 ,
701 1159 769 1198 per
787 1157 911 1185 totam
939 1160 1079 1200 nempe
1112 1147 1218 1186 diem
1239 1148 1410 1188 Veneris
1427 1178 1439 1195 ‚
1464 1162 1581 1190 ante-

105 1199 282 1240 cedentis
308 1199 607 1241 hebdomadam
624 1230 635 1248 ‚
667 1201 709 1240 in
734 1213 814 1254 qua
836 1211 988 1242 statuta
1015 1203 1213 1257 reperitur
1244 1204 1475 1245 distributio
1512 1206 1580 1246 in-

104 1257 401 1299 formationum
418 1290 430 1308 ,
457 1257 541 1299 fieri
562 1258 602 1298 in
624 1272 830 1314 posterum
853 1259 1026 1302 debeant
1046 1274 1114 1315 per
1132 1261 1236 1303 solos
1253 1261 1387 1304 decem
1406 1262 1488 1304 dies
1506 1277 1581 1305 an·

106 1329 143 1360 te
164 1348 176 1365 ,
210 1317 272 1358 die
292 1332 433 1375 nempe
452 1320 592 1360 Lunae
625 1319 904 1361 hebdomadae
923 1347 936 1365 ,
969 1319 1239 1374 praecedentis
1256 1319 1417 1377 plenam
1434 1321 1580 1376 Signa-

108 1389 243 1419 turam
262 1407 275 1425 ,
306 1391 343 1418 et
362 1392 431 1434 per
463 1379 627 1427 eosdem
653 1378 942 1420 tantummodo
974 1377 1057 1418 dies
1089 1377 1331 1435 inhibeant,
1361 1392 1399 1420 et
1438 1380 1580 1434 quoad

105 1434 425 1492 propositionem
472 1436 552 1491 jam
587 1436 739 1477 dietam
766 1450 854 1477 eam
882 1436 1152 1478 intimandam
1186 1453 1265 1480 esse
1300 1439 1362 1479 die
1394 1438 1579 1494 sequenti

103 1507 194 1551 post
209 1495 552 1537 transmissionem
568 1526 581 1545 ‚
615 1496 678 1536 die
698 1494 843 1538 scilicet
870 1495 1017 1536 Martis
1031 1524 1040 1532 .

224 1553 494 1597 Cmmissione
511 1556 742 1597 transmissa
758 1587 771 1605 ,
802 1553 989 1610 originali
1008 1552 1106 1594 folio
1140 1552 1427 1610 propositionis
1459 1554 1578 1598 exbi-

104 1611 193 1654 bito
216 1613 410 1656 Auditori
427 1647 440 1664 ,
474 1629 519 1656 ac
545 1614 725 1658 intimata
751 1613 1027 1674 propositione
1044 1644 1057 1662 ,
1090 1612 1399 1656 informationes
1418 1614 1461 1654 in
1480 1615 1579 1657 scri-

102 1671 180 1726 ptis
197 1701 211 1720 ,
242 1671 284 1712 in
301 1673 453 1728 quibus
467 1706 480 1724 ‚
508 1687 615 1716 statu
635 1674 797 1717 Causae
819 1673 1006 1731 exposito
1027 1702 1040 1718 ‚
1072 1673 1274 1727 simulque
1294 1673 1460 1715 testibus
1475 1704 1489 1722 ‚
1520 1674 1579 1717 lit-

102 1730 220 1779 teris,
263 1732 415 1775 tabulis
433 1766 446 1784 ‚
480 1734 745 1790 deductisque
776 1733 929 1790 abipsa
950 1747 989 1774 re
1023 1732 1302 1788 argumentiS‚
1332 1747 1427 1773 suas
1457 1732 1578 1774 actio-

101 1802 172 1830 nes
194 1819 207 1838 ,
237 1790 300 1834 vel
323 1793 579 1849 exceptiones
613 1796 786 1850 probare
823 1793 972 1835 debent
999 1791 1212 1833 Causidici
1230 1822 1243 1840 ,
1275 1791 1576 1833 distribuendae

99 1861 197 1890 sunt
215 1863 228 1896 ;
261 1852 359 1891 haec
383 1864 516 1890 autern
535 1851 782 1898 distributio,
795 1850 981 1904 quamvis
1000 1878 1014 1894 ,
1049 1863 1092 1888 ut
1119 1850 1286 1889 Ubertus
1302 1849 1373 1903 (1)
1394 1849 1575 1891 animad-

101 1907 250 1953 vertit,
286 1905 473 1963 primitus
509 1904 572 1947 die
607 1908 748 1947 Lunae
780 1906 964 1963 proxima
989 1904 1066 1945 diei
1085 1905 1334 1962 Signaturae
1361 1906 1474 1964 plena
1505 1907 1578 1949 fie-

102 1964 202 2011 bat,
237 1977 275 2004 et
293 1976 344 2004 ex
369 1965 512 2004 Edicto
541 1964 637 2004 Εἰῇἰ
664 1965 789 2005 Scottt’
811 1964 910 2005 anni
950 1963 1078 2018 1726.
1111 1965 1178 2004 die
1211 1964 1383 2006 Sabbati
1411 1979 1575 2020 praece-

101 2021 234 2064 deritis
251 2022 510 2079 signaturam
530 2020 716 2078 plenam3
734 2035 909 2065 attamen
931 2037 1001 2079 per
1030 2034 1152 2063 totam
1172 2022 1275 2063 diem
1299 2023 1469 2064 Veneris
1487 2039 1576 2065 mo-

105 2079 159 2122 do
175 2081 362 2124 facienda
393 2094 450 2129 est
466 2095 515 2122 ex
534 2080 780 2138 praescripto
798 2082 1035 2124 novissimae
1055 2080 1373 2124 Reformationis
1389 2113 1402 2131 ,
1432 2096 1469 2124 et
1487 2083 1576 2139 qui-

104 2139 194 2182 dem
211 2155 292 2184 tam
313 2140 504 2183 omnibus
521 2139 773 2197 Votantibus
790 2171 804 2190 ‚
837 2154 959 2196 quarn
990 2141 1110 2180 etiam
1143 2141 1443 2183 Referendariis
1478 2156 1576 2198 pro-

103 2200 291 2254 posituris
309 2233 324 2250 ‚
353 2213 391 2242 et
409 2199 614 2253 'Auditori
644 2199 825 2256 ejusdem
853 2199 1124 2255 Signaturae,
1148 2201 1227 2240 sub
1265 2201 1400 2255 poenis
1422 2229 1435 2247 ‚
1465 2201 1574 2243 arbi-

105 2258 181 2299 trio
205 2258 442 2302 Tribunalis
460 2257 699 2307 reservatis3
738 2258 827 2301 etsi
862 2258 987 2314 aliqui
1024 2257 1129 2299 inter
1165 2257 1366 2301 Votantes
1398 2259 1574 2309 fuerint,

108 2330 240 2371 quos,
264 2336 338 2377 pro
374 2332 480 2360 certo
513 2320 796 2360 Procuratores
829 2317 959 2360 sciant
978 2347 992 2366 ‚
1030 2317 1073 2357 in
1100 2332 1316 2372 congressu
1343 2320 1482 2376 plenae
1510 2318 1570 2358 Sia

109 2388 305 2431 gnaturae
332 2393 416 2421 non
437 2377 678 2422 intervenire
697 2409 711 2428 ,
745 2377 882 2421 adhuc
900 2377 1051 2419 eisdem
1077 2376 1382 2419 informationes
1411 2375 1569 2432 praedid

1485 2441 1570 2477 ctae

155 2564 212 2607 (1)
235 2567 273 2598 In
291 2566 435 2604 Tractatu
466 2564 504 2597 de
524 2564 696 2608 ligentibus
716 2587 726 2598 .
