1993 3195
672 320 710 361 C
743 319 781 359 A
814 322 843 361 Ρ
875 318 916 358 U
946 315 984 357 T
1048 315 1131 356 m,
1527 328 1578 358 22

521 376 763 419 commissio
795 387 868 433 pto
886 372 1202 431 Septuagenaria
1223 402 1232 410 .
1584 329 1615 374 9

745 433 976 476 Auximana
998 462 1009 472 .

686 494 915 536 Rectissime
938 493 1053 534 Pater
1070 520 1081 530 .

271 557 407 610 Quum
429 553 603 597 Devotus
617 552 661 593 S·
672 555 721 598 V.
744 556 890 597 Orator
909 550 1048 608 N.N.(
1062 550 1109 592 de
1127 550 1199 592 tali
1215 550 1302 592 loco
1318 549 1364 606 ),
1380 549 1429 591 ob
1447 558 1607 606 tempoo

154 628 242 660 rum
277 613 496 662 infortunia
526 644 538 663 ‚
568 609 946 671 aliosque⁸sinistros
978 623 1136 653 eventus
1161 609 1378 667 reperiatur
1402 609 1517 650 valde
1533 625 1606 651 oere

153 675 278 718 alieno
294 672 295 675 ¹
302 683 492 733 gravatus
514 672 627 714 etiam
656 674 725 714 sub
742 675 871 716 usuris
900 687 987 716 cum
1007 671 1167 714 diversis
1198 671 1375 726 personis
1398 667 1439 709 in
1459 682 1604 710 execu-

152 734 256 776 tione
276 730 542 789 praesentium
561 731 834 785 nominandis,
869 743 908 775 et
937 730 1260 790 cognominandis
1279 759 1290 777 ,
1324 727 1440 772 etiam
1474 727 1606 785 vigore

151 790 406 851 obligationis
440 791 650 832 camerali-v
667 820 679 837 2
710 807 777 834 seu
813 793 1096 852 obligationum
1117 788 1381 832 Cameralium
1398 787 1604 843 juramen-

149 865 218 900 to,
255 867 322 893 seu
341 848 577 908 juramentis
605 850 843 895 vallatarum
879 884 892 902 ,
921 867 1084 910 quarum
1117 850 1252 908 vigore
1290 848 1386 890 dicti
1411 845 1606 904 praetensi

151 910 373 953 Creditores
394 908 600 966 respective
620 943 632 961 ‚
678 912 826 955 diversa
865 914 1050 954 mandata
1085 910 1288 954 execution
1321 921 1401 949 tarn
1433 906 1474 946 in
1491 904 1608 947 Curia

150 971 204 1011 A.
227 971 272 1012 C.
291 1002 305 1020 ,
336 985 453 1026 quam
471 979 585 1010 extra
617 986 701 1012 eam
717 984 849 1014 contra
893 973 1026 1028 ipsum
1057 973 1257 1013 Oratorem
1300 964 1476 1008 relaxari
1506 964 1608 1005 obti-

148 1043 315 1071 nuerunt
331 1060 343 1078 ,
370 1044 435 1070 seu
448 1028 561 1070 etiam
581 1031 747 1072 obtinere
757 1033 1018 1086 praetendunt
1035 1045 1045 1069 :
1074 1032 1217 1074 Verum
1236 1027 1326 1084 quia
1343 1026 1384 1066 P.
1403 1026 1445 1065 S·
1466 1024 1607 1064 Orator

146 1088 366 1144 praedictus
400 1089 445 1129 ob
461 1086 565 1129 illius
581 1089 905 1149 ingravescentem
924 1100 1092 1132 aetatem
1114 1101 1308 1130 annorum
1329 1081 1611 1140 septuaginta,

150 1158 189 1188 et
203 1161 256 1188 82·
269 1148 383 1188 mali-5
399 1178 412 1195 ³
443 1163 541 1203 quae
559 1167 582 1202 a
601 1159 791 1190 senectute
815 1160 1051 1198 causantur,
1084 1148 1119 1189 si
1141 1144 1363 1188 carceribus
1389 1140 1610 1196 mancipari

149 1206 351 1263 contingat
369 1233 381 1249 ‚
415 1206 544 1260 potius
568 1208 609 1246 in
626 1207 699 1246 illis
729 1217 936 1249 marcescet
954 1236 967 1254 ‚
1001 1217 1037 1247 et
1067 1204 1250 1245 morietur
1282 1234 1295 1252 ,
1327 1216 1442 1256 quam
1484 1200 1609 1241 valeat

150 1263 268 1306 dictis
293 1264 556 1306 creditoribus
584 1263 807 1319 satisfacere
843 1297 853 1306 .
889 1264 978 1307 Ideo
1007 1261 1204 1305 humiliter
1226 1259 1416 1318 supplicat
1448 1258 1492 1298 S.
1517 1258 1565 1299 V.
1597 1290 1611 1309 ,

150 1334 344 1380 quatenus
373 1337 428 1365 ex
453 1323 688 1381 benignitate
732 1324 955 1380 Apostolica
980 1352 990 1368 ‚
1041 1324 1229 1381 dignetur
1259 1319 1498 1362 committere
1531 1349 1544 1366 ‚
1572 1332 1611 1360 et

151 1384 346 1425 mandare
386 1384 437 1422 Α.
461 1382 534 1432 C.‚
570 1393 614 1423 ut
628 1381 700 1423 sibi
725 1383 894 1440 legitime
928 1382 1090 1426 cons-tito
1118 1410 1131 1428 ‚
1161 1381 1268 1437 quod
1307 1378 1433 1419 dictus
1465 1378 1609 1419 Orator

151 1440 485 1501 septuagesimum
521 1456 668 1481 annum
689 1442 861 1498 attingat
878 1473 891 1490 ,
924 1441 1183 1484 inhibitionem
1202 1471 1215 1488 ‚
1249 1453 1315 1479 seu
1337 1451 1414 1478 non
1433 1446 1613 1490 gravetur

147 1510 412 1558 perpetuum«,
446 1515 494 1541 ne
510 1499 643 1556 quoad*
672 1499 756 1555 ejus
778 1513 980 1555 personam
1016 1511 1169 1540 tantum
1188 1527 1201 1545 ,
1230 1511 1254 1536 a
1282 1493 1494 1552 praedictis
1525 1494 1613 1551 ejus

156 1559 419 1602 Creditoribus
451 1560 699 1608 molestetur,
734 1560 929 1602 concedat
957 1589 970 1607 ,
1003 1571 1222 1601 concessum
1255 1552 1400 1596 servari
1423 1555 1583 1595 mandet
1600 1582 1615 1601 ,

153 1618 352 1670 etfizciat‘,
387 1632 472 1660 cum
480 1619 677 1670 facultate
698 1620 848 1660 eosdem
882 1618 1056 1665 citandi,
1087 1616 1208 1659 etiam>
1231 1614 1338 1656 domi
1369 1612 1527 1654 dimissa
1546 1628 1617 1655 co-

144 1679 243 1736 pia,
269 1689 305 1720 et
323 1677 458 1720 iisdem
497 1677 696 1719 inhibendi
727 1679 795 1720 sub
812 1677 1093 1720 Ecclesiasticis
1107 1675 1314 1722 censuris,
1345 1673 1507 1728 aliisque
1517 1686 1622 1726 poe-

151 1738 216 1780 nis
241 1737 328 1792 es'ys
361 1737 519 1780 arbitrio
553 1736 733 1796 infligen.
753 1769 766 1787 ‚
794 1747 832 1778 et
847 1740 1050 1780 moderan.
1062 1736 1185 1791 juxta
1205 1748 1298 1775 suas
1313 1729 1544 1773 Ordinarias
1549 1729 1616 1784 fa-

152 1799 317 1839 cultates
354 1796 471 1837 etiam
503 1796 665 1852 singulis
697 1797 863 1843 diebus,
897 1809 935 1839 et
966 1796 1070 1839 horIs
1117 1804 1386 1849 praeterquam
1419 1790 1459 1830 in
1489 1791 1615 1830 Itono-

152 1871 234 1898 rem
272 1856 351 1896 Dei
360 1852 514 1907 feriatis
534 1882 546 1899 ‚
578 1864 621 1893 et·
647 1857 785 1909 absque
815 1855 1061 1908 confectione·
1078 1852 1241 1908 Regesri
1259 1883 1271 1900 ‚
1296 1865 1367 1890 seu·
1381 1857 1580 1890 extractus
1596 1878 1611 1897 ‚

153 1927 192 1958 et
208 1916 348 1972 absque
383 1912 639 1970 sportularum
663 1911 853 1953 solutione
868 1942 882 1960 ,
911 1923 1110 1967 ceteraque
1129 1910 1264 1951 omnia
1282 1938 1295 1956 ,
1327 1919 1364 1949 et
1379 1905 1613 1963 sing-ulafa-

153 1974 250 2017 cien.
265 2004 280 2021 ‚
311 1972 440 2014 dicen.
460 2003 472 2020 ‚
503 1986 635 2029 geren.
671 2002 682 2013 ,
713 1984 889 2012 exerc-en.
918 2003 932 2021 ‚
963 1982 1001 2012 et
1015 1983 1205 2026 exequen.
1238 1967 1278 2009 in
1298 1965 1517 2024 praemissis
1533 1997 1547 2016 ,
1574 1976 1621 2007 et·

154 2033 257 2076 circa
292 2047 335 2074 ea
355 2030 641 2086 quomodolibet
654 2028 868 2071 necessaria
889 2060 902 2077 ‚
919 2041 957 2073 et
991 2039 1205 2086 opportuna
1219 2057 1232 2076 ‚
1243 2025 1471 2082 praemissis
1490 2053 1503 2072 ‚
1530 2038 1616 2066 nec-

140 2105 236 2134 -non
271 2089 650 2136 Constitutionibus',
679 2099 718 2130 et
736 2088 1058 2132 Ordinationibus
1086 2084 1340 2144 Apostolicis,
1368 2084 1455 2126 stilo
1473 2081 1616 2125 Palatii

156 2160 195 2193 et
212 2150 380 2197 Curiae,
392 2145 585 2205 praefatis
619 2146 920 2202 obligationibus
954 2147 1217 2189 Cameralibus
1233 2178 1246 2194 ‚
1275 2155 1314 2187 et
1342 2144 1575 2199 juramento
1598 2172 1613 2191 ,

159 2225 223 2253 seu
231 2207 470 2265 juramentis
498 2215 682 2263 quotquot
722 2214 813 2245 sunt
845 2205 1002 2247 vallasis
1030 2234 1044 2252 ‚
1072 2204 1267 2245 mandatis
1296 2203 1452 2245 illorum
1483 2201 1616 2259 vigore

161 2268 371 2319 relaxatis,
403 2267 465 2308 vel
496 2266 727 2321 inposterum
764 2265 1088 2322 quandocumquev
1122 2262 1378 2311 relaxandis,
1405 2275 1475 2318 per
1500 2273 1614 2316 quae-

163 2343 352 2386 cumquae
384 2323 610 2368 Tribunalia
628 2354 641 2372 ,
673 2333 752 2364 tam
781 2322 923 2364 Curiae
941 2355 954 2373 ‚
971 2339 1086 2381 quam
1124 2333 1236 2366 extra
1257 2352 1270 2371 ,
1305 2334 1342 2363 et
1357 2335 1442 2363 cum
1457 2318 1616 2375 quibus-

164 2389 221 2431 vis
252 2400 464 2443 exequatur
478 2382 647 2438 fortasse
660 2381 846 2423 relaxatis
864 2413 876 2429 ,
903 2396 971 2425 seu
1002 2385 1047 2424 in
1067 2393 1259 2436 posterum
1295 2377 1545 2424 relaxandis,
1576 2388 1617 2421 et

163 2447 333 2490 terminis
339 2445 475 2498 forsan
496 2445 548 2486 ad
564 2441 780 2484 soluendum
799 2440 1001 2497 susceptis,
1019 2441 1320 2495 obligationibus
1334 2440 1384 2478 de
1399 2451 1439 2478 se
1455 2449 1612 2491 reprae-

164 2505 349 2552 sentando
374 2504 415 2547 in
433 2502 662 2548 carceribus
679 2529 692 2549 .
724 2498 837 2543 etiam
856 2499 1101 2543 cautionibus
1120 2526 1135 2548 ‚
1151 2508 1188 2542 et
1200 2495 1439 2553 juramentis
1438 2493 1616 2551 firmatis

1515 2565 1621 2598 cete-2
