1952 3167
364 300 433 334 104
750 282 809 316 DE
836 280 946 322 JURE
981 276 1255 314 SIGNATURAE
1281 273 1491 317 JUSTI'I'IAE
1545 314 1567 318 st

361 336 556 375 strationem
582 332 611 366 in
630 332 730 370 huius
759 332 889 365 Nostra:
918 328 1014 362 Urbis
1044 325 1276 360 'lribunalibus
1297 324 1457 368 impedire
1493 325 1734 355 consueverant
1759 341 1770 357 ,
1799 316 1845 350 al-

364 397 465 422 teram
494 391 633 416 nostram
652 379 942 414 Constitutionem
961 377 1021 409 sub
1038 378 1147 408 datum
1170 386 1224 407 xv.
1247 371 1363 406 Kalen.
1382 369 1491 405 Martii
1530 370 1626 403 Anno
1646 365 1845 401 lncarnatio-

364 435 415 470 nis
433 431 621 466 Dominicae
642 426 891 462 MDCCXLH.
910 424 1127 457 Pontificatus
1142 421 1423 455 NostriSecundo
1439 418 1560 451 editam
1580 438 1589 452 ‚
1606 426 1678 459 quae
1707 414 1844 458 incipit;

366 485 536 524 Quintum
554 479 594 512 ad
607 477 846 524 procurandam
869 497 878 511 ‚
906 473 1101 506 innovamus
1121 469 1266 510 pariter,
1294 476 1326 498 et
1342 466 1509 498 observati
1542 463 1731 496 mandamus
1750 475 1760 502 ;
1788 471 1847 506 per

368 540 467 574 quam
485 551 494 565 ,
511 527 671 560 videlicet
691 549 700 563 ‚
717 525 757 557 de
777 520 921 557 consilio
936 518 1076 560 praefatae
1093 511 1378 559 CongregationIs
1409 524 1469 555 pro
1492 509 1731 544 Tribunalium
1748 508 1847 543 Urbis

372 575 628 611 Reformatione
663 585 677 606 a
694 572 803 606 Nobis
821 565 1011 612 specialiter
1036 565 1202 607 deputatae
1217 585 1226 600 ‚
1260 560 1413 605 providas
1432 558 1487 594 fel.
1501 560 1633 593 record.
1661 557 1845 591 innocentii

370 626 464 670 Papae
493 624 569 657 xii.
603 615 858 655 Praedecessoris
903 613 1016 647 Nostri
1044 611 1229 645 sanctiones
1260 620 1319 652 per
1345 617 1519 642 extensum
1554 606 1716 645 insertas,
1747 614 1848 648 super

371 671 603 706 Tribunalium
625 692 634 706 ‚
665 667 735 700 sive
755 663 909 698 Indicum
945 659 1200 694 particularium
1232 658 1328 692 Urbis
1358 655 1633 700 suppressione,
1679 654 1854 688 confirma-

370 720 506 758 vimus,
534 718 612 752 etin
629 714 806 760 pristinum
836 711 991 756 vigorem
1009 733 1019 748 ,
1055 718 1086 742 et
1114 705 1356 741 observantiam
1392 704 1588 739 reduximus
1611 726 1621 741 ,
1655 703 1850 745 eisdemque

372 767 565 802 inhaerent'es
583 790 592 804 ‚
620 760 790 798 nonnullas
817 760 1021 794 ludicaturas
1052 756 1269 801 particulares
1296 756 1516 799 postmodum
1543 760 1670 787 erectas
1697 750 1848 785 Ordina-

370 815 515 850 tionibus
543 810 747 857 opportunis
778 807 987 842 abolevimus
1018 829 1029 839 .

462 861 682 896 Declarantes
708 866 893 902 praeterea.
936 853 1116 888 Notarium
1149 853 1252 898 Burgi
1277 877 1287 892 ,
1326 853 1420 890 cuius
1447 851 1610 886 Officium
1648 849 1681 883 in
1710 847 1846 893 praefata.

371 909 557 946 innocentii
576 909 649 942 ΧΙΙ.
675 904 930 939 Constitutione
958 901 1130 946 agenerali
1159 901 1359 935 Officiorum
1392 898 1651 945 particularium
1686 906 1846 941 suppres-

371 959 462 993 sione
486 955 678 1000 excipitur,
707 955 825 986 habere
854 954 1026 985 dumtaxat
1054 950 1245 984 facultatem
1274 949 1437 983 scribendi
1469 948 1500 981 in
1518 946 1638 980 Causis
1677 944 1768 979 mere
1787 941 1844 976 lai-

372 1006 496 1041 calibus
517 1028 526 1043 ,
552 1013 584 1037 et
600 1011 760 1048 quatenus
790 999 849 1034 Rei
866 997 1103 1033 conventisint
1122 996 1242 1032 lncolae
1257 1021 1266 1037 ,
1297 997 1350 1031 vel
1371 997 1586 1030 Habitatores
1604 993 1734 1038 Burgi3
1768 991 1844 1026 Hoc

372 1063 484 1088 autem
513 1064 590 1086 casu
621 1059 814 1094 competere
841 1047 886 1081 illi
916 1046 1104 1081 facultatem
1131 1045 1322 1085 hujusmodi
1353 1046 1383 1079 in
1412 1045 1568 1079 omnibus
1605 1039 1841 1076 Tribunalibus

369 1101 490 1140 Urbis,
524 1101 556 1134 in
587 1098 706 1144 quibus
724 1108 782 1142 pro
799 1095 991 1135 hujusmodi
1018 1094 1137 1128 Causis
1161 1094 1310 1132 Incolae,
1339 1102 1372 1128 et
1403 1093 1618 1127 Habitatores
1649 1088 1802 1135 praedicti
1834 1108 1845 1126 ‚

369 1150 463 1189 iuxta
488 1149 640 1183 eamdem
655 1144 943 1180 constitutionem
963 1141 1145 1177 innocentii
1161 1142 1257 1186 Papae
1290 1142 1367 1175 XII.
1382 1140 1554 1176 conveniri
1578 1148 1716 1184 possunt
1735 1162 1745 1173 .

468 1195 739 1232 iurisdictionem
765 1205 845 1228 vero
861 1192 974 1227 Nostri
1009 1203 1070 1235 pro
1099 1201 1251 1234 tempore
1281 1189 1314 1223 in
1337 1190 1450 1230 Urbe,
1499 1191 1636 1233 ejusque
1670 1185 1846 1220 Districtu

371 1247 402 1280 in
417 1245 644 1289 spititualibus
674 1243 798 1276 Vicarii
825 1266 834 1281 ,
874 1241 1112 1279 decernimus,
1141 1239 1240 1272 etiam
1267 1247 1393 1272 attenta
1421 1236 1642 1281 dispositione
1677 1233 1846 1279 praedicta:

372 1303 489 1329 nostra:
517 1291 802 1330 Constitutionis‚
831 1287 1034 1334 quaeincipit
1057 1301 1064 1320 ι
1090 1290 1263 1330 Qaantum
1290 1287 1332 1320 ad
1347 1286 1613 1332 procurandam,
1641 1294 1712 1317 esse
1730 1291 1849 1327 proro-

373 1342 513 1387 gabilem
551 1353 609 1385 per
640 1351 834 1374 consensum
862 1337 1009 1371 Partium
1039 1336 1070 1370 in
1089 1336 1209 1370 Causis
1228 1346 1318 1369 mere
1345 1333 1544 1373 laicalibus,
1578 1341 1608 1366 et
1642 1332 1727 1366 inter
1757 1339 1848 1364 mere

372 1390 513 1430 Laicos,
541 1390 643 1424 etiam
672 1386 954 1433 spectantibus-ad
970 1384 1110 1419 Curiam
1132 1383 1389 1428 Capitolinam3
1418 1382 1603 1416 dummodo
1629 1388 1737 1413 tamen
1766 1377 1845 1421 ipsae

374 1438 488 1471 Partes
513 1437 619 1470 sciant
645 1448 721 1470 eum
748 1446 816 1468 esse
839 1433 900 1467 sibi
922 1433 1071 1466 Iudicem
1104 1434 1387 1476 incompetentem
1406 1442 1415 1469 ;
1448 1439 1479 1463 et
1497 1427 1711 1462 nihilominus
1728 1427 1767 1459 ab
1786 1424 1846 1458 ini-

375 1486 426 1519 tio
455 1484 520 1518 litis
536 1507 545 1522 ,
575 1493 607 1517 et
625 1491 697 1517 ante
715 1481 804 1515 illius
837 1479 1113 1514 contestationem
1133 1502 1142 1516 ,
1186 1479 1217 1512 in
1244 1479 1326 1512 actis
1344 1477 1392 1511 sui
1411 1476 1536 1522 proprii
1557 1500 1567 1516 ,
1600 1484 1636 1509 et
1652 1482 1848 1516 competen-

375 1533 416 1566 tis
434 1532 581 1570 Iudicis,
608 1541 718 1564 coram
742 1530 870 1563 duobus
903 1527 1056 1561 Testibus
1085 1527 1237 1570 expsesse
1264 1525 1471 1560 consentiant
1510 1525 1542 1558 in
1572 1521 1847 1562 jurisdictionem

380 1579 481 1625 ipsius
511 1579 636 1612 Vicarii
653 1601 663 1616 ‚
694 1576 746 1609 vel
775 1586 833 1620 per
848 1576 935 1619 ipses
953 1598 962 1613 ,
989 1574 1041 1608 vel
1069 1585 1130 1618 per
1142 1586 1218 1608 suos
1235 1574 1474 1606 Procuratores
1491 1595 1501 1610 ‚
1536 1570 1594 1617 qui
1619 1571 1761 1604 habeant
1778 1578 1848 1613 spe-

374 1627 457 1662 ciale
484 1628 672 1661 mandatum
700 1624 739 1658 ad
753 1623 1026 1658 consentiendum
1056 1632 1092 1656 ut
1107 1632 1234 1664 supra3
1267 1620 1341 1655 alias
1369 1630 1531 1654 consensu
1569 1619 1634 1653 isto
1653 1628 1807 1661 expresse
1833 1639 1849 1655 „

374 1684 413 1710 ut
427 1686 546 1720 supra,
576 1673 724 1718 praestito
741 1672 941 1708 deficiente,
982 1669 1095 1703 omnia
1120 1678 1190 1702 acta
1223 1679 1336 1702 coram
1378 1679 1417 1702 eo
1430 1667 1517 1702 facta
1564 1668 1595 1702 in
1616 1666 1737 1701 Causis
1765 1674 1847 1709 prae-

374 1723 501 1763 dictis,
530 1722 593 1756 sint
611 1722 684 1765 ipso
715 1723 787 1760 jure
817 1718 930 1757 nulla,
958 1717 1100 1752 etirrita
1127 1731 1135 1750 ε
1176 1716 1358 1761 Causaque
1388 1727 1447 1761 per
1467 1715 1620 1750 Iudicem
1649 1723 1845 1758 competen-

372 1781 441 1807 tem
457 1795 467 1810 ,
508 1770 547 1805 ad
563 1768 747 1804 instantiam
778 1768 849 1801 sive
865 1766 952 1806 Rei,
987 1765 1057 1800 sive
1071 1764 1201 1800 Actoris
1217 1788 1228 1803 ,
1257 1765 1289 1799 in
1307 1776 1526 1811 quocumque
1553 1773 1640 1800 statu
1660 1786 1670 1803 ,
1697 1771 1729 1798 et
1744 1773 1848 1807 quan-

373 1820 568 1864 documque
598 1818 753 1852 reassumi
769 1815 872 1860 possit
888 1838 898 1848 .

471 1870 553 1903 Item
571 1862 982 1909 dummodoinpraedictis
1009 1861 1130 1896 Causis
1161 1862 1250 1896 mere
1267 1861 1436 1898 laicalibus
1453 1873 1518 1897 non
1549 1870 1670 1909 agatur
1699 1860 1740 1894 de
1767 1869 1866 1894 exe-.

375 1917 509 1952 cutione
538 1914 748 1961 obligationis
777 1912 961 1946 Cameralis
980 1936 991 1946 .
1007 1911 1110 1947 ,Tunc
1127 1911 1215 1945 enim
1230 1910 1388 1946 volumus
1415 1911 1687 1951 iurisdictionem
1717 1905 1843 1943 Vicarii

373 1966 567 2010 nequidem
598 1975 658 2009 per
671 1972 867 1996 consensum
895 1971 1087 2004 expressum
1113 1971 1182 1994 esse
1209 1959 1453 2005 prorogabilem
1483 1984 1493 1999 ,
1521 1960 1580 1994 sed
1606 1960 1731 1994 Causas
1759 1965 1845 1991 reas-

377 2014 461 2048 sumi
483 2024 578 2057 posse
609 2011 707 2046 etiam
723 2022 764 2044 ex
791 2009 902 2043 officio
918 2031 928 2047 ,
953 2008 1004 2041 vel
1019 2020 1037 2041 a
1054 2007 1160 2042 Curia
1191 2008 1400 2053 Capitolina,
1437 2008 1464 2042 si
1481 2009 1596 2043 Partes
1615 2031 1626 2048 ,
1655 2015 1713 2041 aut
1728 2003 1843 2038 saltem

375 2061 467 2095 Reus
481 2069 665 2095 conventus
692 2059 762 2093 eius
782 2057 878 2096 foro,
908 2065 941 2090 et
956 2055 1209 2095 Iuristlictioni‚
1239 2067 1274 2090 ut
1292 2055 1405 2096 infra,
1426 2057 1598 2091 subiectus
1631 2053 1757 2092 fuerit,
1787 2047 1843 2084 vel

372 2110 412 2142 ab
431 2111 473 2143 A.
490 2109 533 2142 C.
550 2133 560 2148 ,
590 2115 691 2152 prout
718 2109 757 2140 ab
775 2118 838 2139 una
853 2106 907 2138 vel
924 2103 1027 2138 altera
1042 2104 1146 2137 Curia
1161 2113 1370 2146 praeventum
1389 2102 1492 2136 fuerit
1516 2125 1526 2135 .

466 2157 504 2189 In
522 2156 643 2189 Causis
662 2164 760 2197 super
795 2151 1004 2185 Matrimonii
1032 2151 1208 2182 contractis
1247 2149 1278 2181 in
1295 2149 1384 2182 Urbe
1402 2172 1412 2187 ‚
1445 2148 1498 2182 vel
1527 2147 1594 2182 alio
1624 2158 1842 2193 quocumque

378 2202 453 2236 ioco
488 2202 570 2235 intra
587 2202 658 2238 ejus
689 2197 920 2235 Districtum,
958 2197 990 2228 in
1005 2207 1070 2239 quo
1101 2195 1286 2229 Ordiuaria
1315 2208 1372 2230 seu
1402 2196 1614 2240 Episcopalis
1644 2196 1844 2237 jurisdictio

374 2249 456 2284 nulli
480 2248 575 2283 alteri
590 2254 759 2291 competat
774 2268 784 2283 ,
813 2253 912 2288 prout
929 2243 1028 2276 etiam
1056 2242 1087 2275 in
1102 2242 1223 2276 Causis
1252 2245 1354 2287 super
1370 2243 1584 2278 Institutione
1615 2244 1649 2279 in
1666 2243 1843 2280 Beneficiis

379 2296 618 2331 Ecclesiasticis
635 2295 670 2329 in
686 2293 773 2327 dicta
790 2292 879 2325 Urbe
894 2315 904 2330 ‚
919 2300 951 2323 et
969 2291 1000 2323 in
1016 2289 1133 2324 iisdem
1149 2288 1234 2324 locis
1248 2291 1468 2326 existentibus
1484 2315 1495 2331 ,
1509 2291 1681 2327 statuimus
1701 2303 1843 2337 compe·

378 2354 446 2378 tere
460 2343 731 2379 Iurisdictionem
760 2339 932 2374 Cat-dinali
954 2337 1088 2372 Vicario
1103 2338 1268 2382 privative
1283 2341 1320 2373 ad
1338 2341 1380 2373 A.
1396 2341 1439 2374 C.
1453 2364 1463 2380 ‚
1487 2350 1519 2374 et
1537 2352 1758 2387 quaecumque
1776 2340 1842 2375 alia

373 2393 472 2427 Urbis
487 2390 699 2429 Tribunalia3
732 2389 768 2422 In
789 2386 861 2421 aliis
888 2387 971 2421 vero
1000 2386 1120 2420 Causis
1147 2387 1370 2431 spectantibus
1397 2389 1439 2422 aad
1467 2390 1535 2427 eius
1552 2389 1738 2428 Tribunal,
1765 2400 1842 2424 con‘

370 2449 422 2474 tra
447 2440 602 2475 Clericos
613 2447 679 2473 non
706 2444 880 2480 exemptos
899 2459 910 2476 ,
935 2434 1190 2474 videliceteos‚
1223 2436 1279 2481 qui
1306 2436 1371 2470 sint
1395 2436 1524 2471 Clerici
1544 2437 1686 2472 Romani
1712 2438 1839 2473 ratione

373 2488 523 2539 Originis
539 2512 551 2528 ,
580 2487 632 2525 vel
648 2484 804 2522 Beneficii
819 2508 830 2525 2
858 2485 912 2521 vel
929 2492 1044 2519 contra
1058 2484 1144 2520 Loca
1156 2484 1216 2521 Pia
1241 2481 1415 2523 existentia
1431 2484 1462 2522 in
1481 2484 1597 2526 Urbe,
1622 2486 1760 2533 aliisque
1779 2484 1832 2519 lo·
1887 2482 1891 2486 ’

1794 2542 1843 2572 eis
