2075 3167
471 296 528 352 56
767 283 842 326 DE
866 282 998 334 JURE
1019 275 1368 323 StGNATURAE
1392 272 1640 325 IUSTITIAE

420 360 423 362 ’
470 351 590 399 vertit
607 347 751 395 etiam,
780 345 896 399 quod
913 344 1127 398 Signatura
1147 340 1308 381 Gratiae
1327 339 1430 379 hanc
1453 334 1743 393 exemptionem
1773 329 1957 373 concedit
1994 348 2008 354 ··

473 407 700 468 simpliciter
719 436 734 455 ,
767 418 804 446 et
820 418 888 460 per
915 403 1024 445 viam
1044 399 1190 458 gratiae
1219 399 1389 440 durante
1414 395 1499 438 lite.
1528 394 1741 450 Signatum
1764 391 1858 434 vero
1883 388 1957 435 Ju-

475 471 601 515 stitiae
617 481 700 509 non
718 463 905 506 concedit
923 491 935 510 ,
972 461 1040 502 sed
1055 457 1265 501 committit
1279 456 1412 504 ‚ludici
1431 469 1523 496 cum
1544 452 1756 499 clausula,
1786 447 1960 491 Coszstito

454 576 456 578 ,
476 533 521 573 de
541 526 687 571 saevitia
707 553 719 572 ‚
748 523 866 580 juxta
889 520 1130 562 sententiam
1166 515 1382 557 cassiodori
1416 513 1489 569 (a)
1512 528 1523 560 ;
1565 525 1601 551 et
1622 511 1710 550 licet
1743 506 1962 548 concedere

477 603 561 631 non
590 580 925 643 possitlicentiam
957 576 1161 620 alienandi
1191 577 1297 618 bona
1332 573 1557 619 Ecclesiae,
1587 570 1803 621 subrogare
1832 578 1965 606 tamen

478 663 526 691 ex
562 658 682 688 causa
712 654 838 698 potest
873 637 1053 686 judicem
1082 634 1217 689 Judici
1247 634 1340 675 dato
1371 633 1411 672 in
1451 629 1558 673 brevi
1583 624 1817 683 Apostolico
1846 635 1966 678 supet·

480 702 656 750 evidenti
691 696 959 742 concessionis
987 694 1184 745 utilitate3
1220 705 1342 750 prout
1372 690 1491 733 sentit
1513 690 1614 729 Rota
1650 683 1761 742 apud
1792 679 1971 737 Seraphi-

481 779 571 807 nttm
602 760 675 816 (2)
705 789 715 800 .

560 847 562 849 »
598 817 820 876 Cognoscit
837 814 1004 858 ulterius
1023 843 1035 861 ‚
1063 828 1114 855 an
1133 811 1239 855 alteri
1257 809 1426 867 litiganti
1444 809 1671 849 debeantur
1695 803 1879 845 alimenta
1900 828 1913 846 ,
1931 808 1971 840 et

481 891 665 935 sumptus
692 877 796 926 litis·‚
823 889 861 917 et
882 873 1060 916 rescribit
1078 904 1089 922 ,
1119 884 1163 913 ut
1182 885 1258 911 suo
1274 870 1360 909 loco
1378 866 1664 908 adnotabimus
1683 895 1696 913 ,
1730 863 1791 906 vel
1811 859 1967 902 absolu-

484 941 520 981 te
542 952 635 979 cun]
669 935 847 977 clausula
864 965 876 982 ‚
912 929 1206 986 sulnriz'nistratis
1231 925 1424 968 alimentis
1443 954 1454 971 ,
1484 936 1521 966 et
1536 924 1754 978 sumptibus
1772 920 1846 962 litis
1863 941 1879 966 ,¹
1907 914 1968 959 vel

482 1009 567 1036 cum
589 1010 593 1011 ⁷
611 994 779 1033 acultate
796 987 1130 1034 subministrantlc',
1146 986 1260 1042 juxta
1283 984 1626 1040 opportunitatem
1645 1010 1657 1027 ,
1675 993 1713 1020 et
1731 976 1972 1033 exigentiam

484 1065 698 1095 causarum
719 1079 728 1088 .
757 1050 830 1104 (3)
1967 1044 1972 1048 ·

604 1108 882 1150 Relaxationes
909 1102 1124 1162 juramenti
1145 1130 1158 1149 ‚
1191 1101 1305 1155 quod
1330 1098 1482 1156 apponi
1499 1100 1540 1138 in
1563 1098 1843 1139 contractibus
1862 1096 1971 1146 solet,

483 1170 515 1212 si
534 1169 585 1210 ad
609 1165 791 1208 effectum
811 1162 954 1221 agendi
972 1194 984 1212 ,
1013 1162 1074 1205 vel
1091 1171 1346 1202 contractum
1366 1156 1635 1213 redarguendi
1654 1156 1701 1196 de
1718 1155 1890 1196 laesione
1910 1169 1972 1211 pe-

484 1238 624 1270 tantur
643 1258 654 1274 ,
690 1225 736 1265 de
755 1223 841 1266 stilo
856 1222 1012 1264 Curiae
1031 1231 1319 1277 proponuntur
1341 1217 1381 1257 in
1401 1217 1518 1257 altera
1550 1215 1762 1270 Signatura
1781 1213 1942 1254 Gratiae
1959 1227 1971 1262 ;

486 1284 707 1340 aliquando
741 1294 872 1323 tamen
893 1309 905 1327 ‚
931 1292 967 1320 et
994 1276 1171 1335 perraro,
1190 1277 1244 1317 ait
1273 1277 1555 1317 Marclzesanus
1572 1273 1662 1329 (4),
1691 1271 1975 1314 conceduntur

486 1358 556 1401 per
578 1343 836 1398 Signaturam
853 1338 1035 1391 Justitiae
1056 1368 1069 1385 2
1095 1348 1132 1377 et
1155 1335 1371 1392 apponitur
1393 1347 1543 1389 semper
1565 1330 1741 1374 clausula
1757 1361 1768 1379 ,
1791 1342 1907 1387 prout
1924 1331 1973 1371 de

476 1403 569 1459 jure
588 1434 596 1443 .
622 1399 843 1441 Indubium
871 1411 1002 1439 tamen
1023 1409 1077 1437 est
1093 1426 1105 1443 ,
1138 1392 1372 1451 hujusmodi
1391 1391 1649 1433 relaxationes
1670 1390 1711 1431 in
1738 1388 1871 1432 Curia
1888 1404 1976 1447 pas-

491 1461 564 1504 sim
589 1459 672 1502 fieri
692 1475 712 1500 a
733 1458 1047 1499 Locumtenente
1069 1451 1384 1495 Eminentissimi
1410 1450 1695 1491 VicariiUrbis
1717 1478 1730 1497 ‚
1752 1464 1797 1491 ac
1813 1448 1931 1491 etiarn
1951 1463 1976 1490 a

487 1522 571 1563 RR.
592 1520 665 1560 PP.
688 1517 787 1559 DD.
809 1514 1079 1557 Auditoribus
1101 1513 1231 1554 Rotae
1253 1512 1294 1552 in
1314 1509 1463 1552 Causis
1481 1509 1554 1550 illis
1571 1540 1584 1557 ‚
1608 1523 1713 1564 quae
1733 1523 1866 1550 coram
1884 1506 1977 1564 ipsis

486 1579 706 1636 pendentes
717 1589 825 1625 sunt,
839 1588 960 1632 prout
983 1574 1173 1614 docemur
1192 1572 1223 1612 e*
1242 1569 1426 1626 superius
1446 1568 1610 1610 laudato
1623 1569 1883 1615 Marchestzno
1897 1597 1906 1607 .
1927 1567 1975 1607 ln

491 1638 641 1679 Causis
674 1635 770 1679 vero
788 1667 801 1684 ,
838 1635 878 1674 in
908 1632 1057 1687 quibus
1074 1631 1204 1688 agitur
1222 1631 1268 1672 de
1290 1627 1491 1671 Camerali
1517 1627 1757 1684 obligatione
1786 1627 1828 1667 in
1842 1624 1976 1666 Curia

490 1711 537 1737 ex
554 1696 640 1738 stilo
660 1693 838 1747 ejusdem
866 1690 1109 1794 S‘ssnaturae
1149 1705 1231 1731 non
1254 1687 1740 1743 relaxaturjuramentum
1768 1686 1882 1741 juxta
1911 1698 1974 1733 ea,

491 1768 594 1809 quae
627 1753 745 1796 tradit
758 1752 988 1808 Staplnaeus
1007 1752 1053 1790 de
1069 1749 1220 1790 Litteris
1243 1747 1415 1796 Iustitiae
1447 1746 1542 1801 (5),
1578 1762 1623 1787 ea
1643 1745 1891 1802 potissimum
1925 1742 1987 1799 de-

491 1826 611 1854 causa
634 1840 646 1858 ‚
673 1811 786 1867 quod
807 1823 1037 1852 contractus
1061 1837 1072 1853 ,
1108 1805 1504 1861 quibustameralis
1525 1804 1715 1858 obligatio
1744 1800 1946 1843 accesserit
1961 1831 1977 1851 ,

491 1885 538 1911 ex
569 1870 745 1927 ejusdem
783 1866 1003 1909 Cameralis
1035 1864 1292 1920 obligationis
1334 1859 1540 1918 privilegio
1581 1860 1855 1906 sustinent-ur,
1892 1873 1999 1900 non*

491 1941 624 1970 autern
646 1943 666 1967 a
686 1927 912 1982 juramento
943 1926 1069 1966 robur
1094 1921 1484 1981 suumsaccipiunm
1519 1930 1556 1958 et
1585 1917 1755 1973 proinde
1772 1930 1900 1970 quum
1927 1931 1975 1960 ex

490 1985 615 2042 seipsa
636 1983 900 2027 irrevocabilis
917 1983 989 2030 sit,
1019 1980 1170 2022 etiamsi
1191 1979 1380 2021 relaxatio
1413 1975 1630 2032 juramenti
1650 1974 1938 2018 concederetur
1958 2004 1971 2024 ‚

493 2045 628 2086 adhuc
649 2056 781 2085 tamen
799 2054 1028 2084 contractus
1046 2039 1089 2079 in
1107 2053 1181 2079 suo
1199 2039 1339 2078 robore
1354 2047 1632 2091 permanerent
1654 2063 1667 2076 .

610 2101 886 2145 Avocationes
906 2111 1119 2142 causarum
1140 2096 1154 2142 ⁷,
1183 2110 1286 2150 quae
1309 2094 1451 2141 litium,
1464 2108 1597 2134 coram
1617 2108 1701 2135 uno
1718 2093 1864 2147 Judice
1881 2109 1974 2151 pen-

495 2161 692 2211 dentium,
721 2161 769 2202 ad
801 2158 1049 2213 Principem,
1078 2154 1141 2194 vel
1166 2153 1420 2210 SuperIorem
1441 2183 1454 2201 ‚
1488 2153 1548 2195 vel
1580 2166 1866 2209 competentem
1900 2154 1972 2194 ali-

493 2235 611 2277 quem
629 2219 801 2277 judicem
826 2216 951 2257 factae
986 2212 1263 2261 translationes
1282 2210 1553 2268 appellantur,
1580 2212 1631 2252 ad
1661 2212 1882 2269 Principem
1911 2211 1974 2269 ip-

492 2294 581 2322 sum
600 2310 613 2327 ,
642 2278 702 2322 vel
723 2276 845 2318 alium
865 2274 1122 2332 Superiorem
1139 2303 1152 2321 ,
1186 2271 1257 2326 qui
1292 2270 1466 2327 judicem
1485 2271 1578 2311 dare
1593 2270 1715 2328 possit
1733 2300 1746 2319 ‚
1778 2271 1970 2327 pertinere

497 2406 964 2422 ‘ffl—
1440 2401 1590 2415 —
1753 2345 1973 2412 U—a—s-

536 2439 591 2475 (1)
614 2437 716 2468 Decis.
728 2437 759 2466 6.
773 2446 804 2465 n.
820 2442 888 2476 3-et
901 2437 934 2470 ᾳ.
946 2433 984 2465 de
996 2432 1165 2473 Rescriptis
1179 2452 1186 2461 .
1237 2431 1275 2470 (4
1291 2434 1302 2471 )
1320 2433 1366 2462 De
1381 2433 1531 2463 commiss.
1547 2430 1679 2461 relaxat.
1696 2433 1866 2466 Iuramem.
1883 2436 1958 2461 mv.

540 2483 593 2521 (2)
616 2482 716 2512 Decis.
737 2489 815 2522 307.
834 2478 970 2511 num-8.
1238 2475 1292 2517 (5)
1318 2478 1390 2516 Pag.
1418 2484 1491 2516 134.
1509 2484 1591 2508 vers·
1609 2475 1704 2508 Stilus
1721 2497 1729 2506 .

542 2527 595 2567 (3)
619 2527 721 2558 Decis.
735 2533 816 2564 404.
828 2534 912 2556 num.
928 2524 958 2552 6.
970 2532 1004 2565 p.
1020 2522 1067 2553 13.
1085 2530 1149 2552 rec.
