1993 3195
607 325 646 366 C
681 323 717 365 Α
750 328 778 365 Ρ
811 324 849 364 U
881 322 919 364 T
978 325 1066 366 111.
1485 345 1568 388 205

103 384 158 424 N.
177 382 231 423 N.
255 380 481 422 Adversarii
496 380 536 422 in
553 381 672 424 simili
702 390 851 423 summa
888 383 1088 424 occasione
1118 382 1245 424 mutui
1263 409 1275 428 ‚
1319 397 1355 424 et
1373 386 1456 439 ejus
1478 403 1563 430 cre-

102 441 221 482 ditum
251 438 300 479 sit
313 439 461 495 pariter
490 438 778 498 privilegiatum
792 472 804 490 ‚
824 451 861 481 et
880 440 912 481 C
911 441 1073 482 amerali
1100 439 1332 498 obligatione
1350 444 1530 486 vallatum
1551 480 1563 496 ,

100 496 341 539 nibilominus
357 497 460 540 AC.
480 500 535 540 N.
554 500 694 549 reiecta
711 499 813 541 dicta
834 499 1054 555 exceptione
1075 498 1399 556 compensationis
1415 534 1428 552 ,
1445 520 1563 546 man-

98 557 229 597 datum
249 556 302 598 ad
311 557 486 612 favorem
509 559 732 601 Adversarii
744 558 917 607 nulliter‚
936 571 974 601 et
990 558 1132 614 injuste
1149 558 1560 618 relaxavit35upplicat

97 611 217 671 igitur
243 615 344 658 idem
374 618 515 659 Orator
540 620 585 660 S.
618 619 666 661 V.
705 628 748 661 ut
784 617 968 675 dignetur
997 618 1235 661 committere
1257 648 1269 666 ‚
1311 629 1348 658 et
1374 624 1559 664 numdare

96 673 148 714 Α·
170 674 201 716 C
204 705 212 714 ·
226 703 238 722 2
256 686 300 716 ut
310 675 468 732 praeuia
486 677 713 733 repositione
738 694 761 720 a
777 678 926 719 decreto
938 679 1136 735 praedicto
1153 678 1273 720 alium
1298 679 1552 735 deputetcum

86 730 342 785 filcultatibus
374 736 602 792 opportunis
631 767 645 786 ‚
686 752 835 780 necnon
866 752 952 780 cum
980 748 1170 797 potestate
1198 738 1343 782 citandi
1356 751 1431 782 etc.

335 854 577 900 commissio
595 859 871 916 appellationis
886 859 935 901 ab
953 857 1289 914 interloquutoria
1310 888 1321 899 .

437 936 443 940 ·
717 920 894 961 Romana
915 949 926 960 .

624 978 850 1021 Rectissime
885 979 1001 1020 Pater
1017 1009 1035 1020 ,η

218 1035 400 1078 Vertente
415 1037 480 1079 lite
501 1067 514 1086 ‚
545 1048 583 1079 et
605 1038 730 1079 Causa
749 1052 874 1079 coram
894 1037 949 1083 Α.
971 1038 1015 1079 C.
1041 1036 1095 1079 N.
1113 1038 1216 1080 inter
1231 1040 1410 1081 devotum
1430 1039 1474 1080 S.
1500 1043 1548 1083 V.

94 1090 298 1135 Oratorem
318 1097 370 1136 N.
391 1098 447 1137 Ν.
469 1108 506 1139 et
522 1098 575 1138 N.
592 1099 647 1138 N.
667 1098 947 1140 Adversariurn
967 1098 1027 1146 de,
1046 1108 1085 1138 et
1100 1114 1217 1154 super
1225 1109 1429 1153 praetensa
1446 1114 1553 1140 sum-²

91 1166 157 1192 ma
180 1180 191 1197 ‚
207 1163 319 1192 scuta
339 1155 441 1194 mille
460 1158 667 1196 excedente
687 1185 698 1202 ,
714 1157 892 1210 rebusque
912 1155 1000 1196 aliis
1015 1156 1054 1196 in
1071 1158 1167 1198 actis
1180 1158 1329 1198 Causae
1347 1187 1358 1204 ‚
1390 1170 1427 1197 et
1447 1158 1478 1198 C
1478 1174 1552 1199 au*-

90 1223 222 1250 sarum
247 1210 474 1264 hujusmodi
498 1212 615 1254 latius
636 1212 811 1254 deductis
830 1242 842 1259 ‚
874 1214 972 1254 licet.
989 1213 1086 1253 idem
1099 1217 1234 1260 Iudex
1252 1214 1452 1257 Articulos
1471 1232 1553 1270 pro·

86 1278 201 1327 parte
227 1267 320 1309 dicti
346 1269 399 1310 N.
415 1271 469 1311 N.
491 1271 717 1314 Adversarii
735 1270 935 1313 *exhibitos
967 1271 1169 1314 admittere
1202 1289 1279 1315 non
1311 1272 1505 1314 debuisset
1533 1306 1548 1325 ,

90 1341 206 1386 quum
224 1342 302 1368 non
319 1327 396 1370 sint
412 1331 621 1372 relevantes
639 1363 652 1380 ‚
685 1346 753 1381 nec
767 1332 822 1372 ad
838 1330 1003 1373 Causam
1016 1332 1249 1386 pertinentes
1264 1363 1277 1381 ,
1308 1333 1378 1371 sed
1390 1341 1547 1375 tantum

87 1388 144 1429 ad
161 1385 202 1426 id
213 1385 472 1429 intricandum
495 1418 508 1435 ‚
543 1401 579 1430 et
586 1390 853 1446 protelandam
875 1389 976 1431 litem
993 1391 1176 1444 producti
1189 1424 1201 1440 ‚
1233 1392 1320 1448 quia
1350 1401 1478 1432 tamen
1497 1391 1547 1433 il-

88 1447 146 1488 los
156 1444 313 1487 admisit
329 1476 342 1493 ,
372 1449 418 1488 ob
444 1447 487 1488 id¹
500 1446 625 1489 dictus
645 1450 785 1490 Orator
804 1450 859 1488 ad
869 1449 913 1487 S.
937 1449 986 1490 V.
1006 1450 1239 1504 appellavitt,
1267 1452 1452 1505 dignetur
1467 1450 1546 1507 igi-

87 1517 154 1550 tur
169 1508 212 1548 S.
236 1506 284 1549 V.
306 1503 508 1556 Causam,
527 1517 564 1548 et
585 1508 732 1550 Causas
755 1506 1038 1563 Appellationis
1055 1537 1068 1555 ‚
1087 1518 1124 1548 et
1140 1506 1450 1563 Appellationum
1470 1509 1548 1549 bu.-

75 1564 281 1623 jusmodi,
306 1581 453 1608 necnon
488 1566 679 1608 nullitatis
698 1596 711 1615 ‚
748 1576 786 1607 et
803 1564 1024 1616 nullitatum
1055 1581 1110 1608 ex
1138 1567 1263 1609 tribus
1290 1566 1504 1624 iniquitatis
1533 1598 1554 1618 ,.

85 1624 303 1669 etnotoriae
336 1625 574 1681 injustitiae,
598 1625 702 1680 infra
731 1625 900 1683 legitima
931 1636 1103 1683 tempora
1123 1626 1401 1684 interpositae,
1432 1637 1469 1667 et
1484 1627 1544 1668 in-

84 1685 372 1741 terpositarum,
389 1701 535 1728 necnon
551 1696 848 1735 attentatorum,
861 1697 898 1727 et
907 1685 1179 1728 innovatorum
1195 1699 1541 1743 quorumcumque,

83 1760 131 1788 ac
147 1745 394 1787 restitutionis
409 1745 453 1786 in
468 1745 668 1805 integrum
688 1776 701 1792 ,
710 1756 832 1803 prout
864 1747 909 1786 de
923 1746 1023 1796 iure,
1040 1761 1124 1788 cum
1139 1747 1317 1788 omnibus
1333 1743 1539 1786 incidenti-

84 1804 170 1850 bus,
185 1805 481 1859 dependentibus
499 1836 511 1852 ‚
526 1804 811 1861 emergentibus
822 1837 835 1854 ‚
851 1805 1030 1854 annexis,
1041 1817 1080 1845 et
1093 1806 1292 1852 connexis,
1311 1820 1357 1845 ac
1373 1814 1454 1844 toto
1469 1817 1540 1843 ne-

80 1862 192 1923 gotio
216 1861 452 1919 principali,
481 1876 516 1903 et
531 1877 648 1917 quam
660 1892 678 1909 ‚A
701 1877 740 1902 et
755 1879 850 1917 quas
868 1874 937 1903 etc.
959 1863 1077 1904 alicui
1088 1865 1132 1903 S.
1159 1865 1206 1905 V.
1227 1864 1352 1904 Rotae
1375 1860 1539 1904 Audito·

82 1925 118 1967 ri
134 1957 147 1973 ,
179 1939 244 1965 seu
269 1920 557 1963 Locumtenenti
574 1950 588 1968 ,
621 1920 830 1969 audiendi,
864 1921 1126 1978 cognoscendi
1141 1952 1153 1969 ,
1184 1921 1384 1963 decidendi
1396 1952 1409 1971 ,
1430 1920 1544 1977 fine--

81 1999 156 2042 que
189 1980 314 2025 debito
331 1980 566 2020 terminandi
581 2011 594 2029 ,
625 1979 862 2021 committere
874 2010 887 2028 ,
919 1990 958 2020 et
977 1981 1162 2021 mandare
1178 1996 1262 2022 cum
1281 1979 1468 2028 facultate
1487 1979 1538 2020 ci-

80 2041 196 2087 tandi
208 2069 221 2087 ,
253 2038 451 2080 inhibendi
470 2070 478 2086 ‚
498 2055 592 2096 quos
610 2071 622 2088 ,
644 2038 784 2095 quibus
799 2071 812 2090 ,
847 2038 995 2094 quoties
1011 2038 1353 2082 constitutionibus.
1363 2050 1433 2082 etc.
1451 2048 1542 2080 stan

81 2115 162 2146 tum
180 2112 254 2144 etc.
277 2116 352 2158 pro
369 2100 481 2155 plene
506 2111 579 2140 etc.
1357 2112 1360 2113 ν

199 2159 400 2218 Quamvis
432 2158 479 2198 de
498 2156 584 2208 jure
607 2158 710 2203 civili
730 2160 938 2215 appellatio
957 2162 1008 2200 ab
1033 2160 1339 2214 interloqutoria·
1368 2173 1450 2201 non
1468 2158 1538 2200 de-

85 2235 178 2270 tur,
209 2235 254 2262 ut
270 2230 376 2276 patet
405 2231 459 2258 ex
493 2219 562 2276 leg*
594 2232 634 2260 2.
672 2218 873 2276 Digestor.
893 2219 941 2258 de
962 2217 1294 2274 Appellationibus
1312 2247 1325 2264 ‚
1363 2232 1400 2260 et
1430 2217 1539 2259 aliter

85 2296 129 2322 se·
152 2295 208 2321 res
225 2280 374 2321 habeat
408 2277 455 2317 de
469 2277 564 2329 J-ure
588 2277 807 2319 Canonico
828 2309 840 2325 ,
872 2292 893 2318 a
913 2292 997 2329 quo
1018 2276 1244 2330 antiquitus
1267 2276 1435 2320 vetitum
1451 2291 1541 2332 pro-

87 2338 192 2380 fecto
220 2355 300 2380 non
328 2349 412 2379 etat
433 2338 483 2377 ab
513 2335 850 2389 interloquutoria
869 2336 1091 2392 appellatez„
1127 2348 1302 2379 attamen
1337 2351 1446 2377 mens
1461 2333 1541 2375 fuit

85 2396 187 2439 sacri
208 2396 362 2440 Concilii
380 2394 597 2436 Tridentini
614 2395 686 2452 (1)
701 2426 714 2444 ,
748 2409 791 2438 ut
809 2409 890 2436 non
912 2395 1040 2436 liceret
1057 2394 1099 2434 in
1116 2408 1318 2449 posterum
1337 2396 1388 2435 ab
1408 2407 1452 2432 ea
1466 2405 1537 2447 ap—

1454 2449 1539 2506 pel-

79 2527 236 2543 ·*
243 2522 1335 2540 —w****

134 2584 191 2627 (ι)
217 2587 361 2622 Sess.24.
389 2591 525 2625 cap-20»
