1952 3167
344 332 431 376 232
610 317 695 360 DF,
724 316 867 366 JURE
900 310 1245 360 storiarum:
1277 314 1538 365 JUSTtTIAE

335 392 479 435 pturas
510 377 737 426 conficere,
774 392 880 431 quae
913 377 1107 420 dicuntur
1132 377 1436 419 informationes
1465 375 1558 417 facti
1579 406 1592 424 ‚
1626 388 1813 433 quaeque

335 437 516 495 profecto
542 437 665 480 variis
708 436 917 478 rationum
945 466 958 483 ‚
991 449 1028 478 et
1060 435 1213 487 jurium
1244 435 1455 477 momentis
1490 437 1652 477 refertae
1685 451 1809 488 sunt;

337 498 461 539 immo
475 511 522 539 ex
540 512 588 538 eo
608 497 725 551 quod
744 496 965 553 plurimum
983 509 1020 535 se
1042 496 1267 536 extendunt
1285 494 1325 533 in
1347 494 1410 533 illa
1430 522 1442 540 ,
1466 507 1571 546 quae
1589 496 1687 550 juris
1704 511 1815 547 sunt;

340 556 610 599 damnabilem
646 557 820 597 abusum
841 569 919 596 esse
949 553 1105 595 censuit
1141 553 1329 595 laudatus
1354 553 1417 593 De
1450 552 1555 593 Luca
1577 554 1680 608 (ι),
1717 557 1816 598 dum

341 615 398 658 ita
436 632 460 656 a
486 615 666 672 partibus
696 613 845 672 ingenii
878 645 889 662 ‚
918 627 1015 670 quae
1048 612 1177 670 magis
1215 622 1355 672 gratae
1390 621 1485 653 sunt
1504 641 1517 659 ‚
1547 612 1678 653 allecti
1702 642 1714 660 ,
1746 630 1812 656 seu

342 675 527 717 abstracti
546 707 559 725 ,
586 677 635 716 ab
666 671 915 727 inferioribus
932 704 944 722 ‚
975 671 1178 728 minusque
1194 672 1319 732 gratis
1340 669 1523 729 partibus
1541 699 1552 718 ,
1569 671 1785 729 diligentiis
1800 705 1814 724 ,

341 749 381 778 et
414 748 619 778 aceto-atae
653 734 826 774 lecturae
859 747 1061 789 processus
1096 762 1110 782 ,
1143 742 1179 774 et
1216 730 1483 789 indagationis
1503 730 1607 781 facti
1648 731 1816 775 distrahi

347 797 467 840 solent
483 810 568 837 cum
584 791 822 851 praejudicio
859 791 1077 834 Causarum
1100 805 1113 840 ;
1142 790 1301 847 ideoque
1317 805 1446 832 eorum
1459 790 1694 848 praecipuae
1720 807 1820 848 par-

349 866 408 897 tes
434 870 514 897 esse
538 855 672 894 debent
688 853 730 894 in
749 852 933 910 diligenti
950 851 1082 893 studio
1095 866 1296 908 processus
1312 883 1323 899 ‚
1354 864 1466 907 atque
1484 849 1741 907 indagatione
1748 850 1821 903 fa·
1852 885 1854 887 ,

349 915 423 962 cti,
452 913 558 954 brevi
591 912 743 967 quidem
763 943 777 960 ,
808 913 873 953 sed
906 919 1086 953 accurata
1103 941 1117 959 ‚
1150 920 1187 951 et
1214 910 1397 966 diligenti
1432 909 1675 951 enarratione
1711 908 1821 951 exci-

349 974 465 1013 tando
497 971 623 1012 solum
663 970 812 1015 motiva
849 996 862 1015 ‚
891 982 934 1009 ut
963 967 1159 1010 Advocati
1186 971 1387 1025 suppleant
1419 982 1507 1010 cum
1534 967 1751 1017 doctrinis,
1782 978 1822 1009 et

350 1027 563 1072 rationibus
581 1041 597 1068 .*

473 1089 663 1130 Attamen
681 1088 713 1130 si
749 1101 830 1129 rem
845 1117 859 1137 ,
879 1100 926 1130 ut
941 1099 1110 1145 parest,
1130 1088 1428 1145 perpendamus
1448 1117 1462 1135 ‚
1486 1087 1550 1129 -de
1578 1086 1818 1142 hujusmodi

353 1149 667 1191 procuratorum
698 1147 994 1189 consuetudine
1013 1147 1236 1189 dolendum
1264 1147 1589 1189 admodumnon
1612 1161 1698 1196 est;
1728 1159 1824 1187 nam

353 1207 555 1251 Advocati
586 1223 669 1248 non
707 1208 748 1246 in
784 1207 975 1248 omnibus
1000 1206 1151 1248 Causis
1184 1206 1401 1255 scribunt,
1433 1207 1503 1248 sed
1536 1205 1825 1247 tantummodo

356 1267 408 1307 ab
426 1266 579 1306 :iisdem
602 1265 937 1307 procuratoribus
960 1265 1142 1317 requisiti
1165 1294 1177 1311 ‚
1210 1280 1342 1320 quum
1362 1265 1424 1305 vel
1444 1278 1566 1306 causa
1588 1266 1720 1321 magni
1743 1278 1824 1303 mo-

354 1324 480 1367 menti
505 1323 554 1366 sit
570 1355 582 1373 ‚
613 1324 673 1367 vel
693 1323 996 1364 difficultatibus
1015 1323 1201 1365 involuta
1222 1352 1235 1369 ‚
1258 1335 1328 1364 aut
1348 1323 1529 1377 aJudice
1548 1322 1589 1362 in
1625 1323 1820 1364 deciden-

358 1385 413 1426 do
439 1383 615 1424 dubium
642 1382 810 1436 aliquod
839 1381 1177 1438 in-punctojuris
1199 1382 1428 1431 excitetur,
1457 1382 1537 1424 sive
1564 1381 1696 1436 aliqua
1716 1395 1825 1437 prae-

358 1440 561 1497 judicialis
583 1441 758 1497 provisio
786 1442 837 1479 ab
863 1441 1010 1479 eodem
1026 1453 1141 1496 cap—ta
1169 1441 1321 1488 fuerit>3
1346 1454 1456 1481 extra
1476 1439 1584 1479 enim
1612 1441 1684 1480 hos
1704 1455 1820 1482 casus

322 1502 325 1506 ’
359 1499 540 1556 quotidie
566 1499 752 1547 scribunt
777 1499 1061 1539 Procuratores
1088 1498 1130 1538 in
1151 1497 1301 1539 Causis
1320 1529 1332 1547 ,
1368 1511 1406 1540 et
1426 1497 1636 1539 Clientum
1674 1501 1824 1540 instan-

351 1561 464 1608 ⁴tias,
496 1573 542 1600 ac
570 1558 747 1600 actiones
782 1556 958 1605 fovent,
986 1571 1070 1597 non
1108 1557 1230 1598 modo
1263 1573 1310 1600 ex
1347 1557 1441 1599 facti
1482 1558 1826 1608 circumstantiis,

358 1632 501 1662 verum
521 1631 570 1658 ex
587 1616 683 1668 Jure
703 1645 716 1664 ‚
746 1615 863 1670 quod
882 1631 903 1656 a
931 1615 1062 1672 legum
1090 1616 1352 1674 dispositione
1371 1649 1383 1666 ‚
1408 1616 1662 1659 decisionum
1684 1619 1825 1667 Rotae,

359 1691 398 1720 et
414 1677 643 1726 Doctorum
673 1674 909 1717 auctoritate
935 1675 1147 1718 deducunt
1164 1705 1175 1716 .
1210 1676 1425 1730 judiciales
1449 1691 1625 1733 namque
1660 1689 1828 1719 contro-

362 1735 512 1780 versiae
547 1749 631 1775 non
654 1733 878 1791 respiciunt
905 1735 1188 1777 tantummodo
1212 1736 1366 1777 factum
1385 1767 1397 1785 ‚
1432 1735 1502 1777 sed
1527 1732 1666 1793 legales
1703 1734 1828 1778 etiam

366 1793 554 1839 articulos
572 1824 584 1842 ‚
616 1793 687 1847 qui
712 1809 761 1836 ex
780 1793 950 1848 ipsomet
973 1794 1079 1835 facto
1101 1794 1350 1842 elici-uatum
1374 1794 1500 1843 itaut,
1519 1796 1689 1849 quando
1717 1794 1826 1841 aJu-

371 1854 459 1897 dice
485 1850 650 1894 ferenda
666 1853 861 1895 sententia
881 1866 937 1893 est
956 1880 968 1899 ‚
991 1852 1084 1893 facti
1103 1851 1414 1894 circumstantiis
1429 1851 1545 1909 plene
1564 1854 1714 1896 rimatis
1730 1885 1744 1904 ‚
1779 1852 1828 1894 de

367 1912 471 1971 jure,
491 1927 541 1954 an
556 1943 569 1962 ,
587 1924 625 1954 et
640 1911 706 1954 cui
732 1923 953 1968 competat,
971 1910 1032 1954 vel
1052 1911 1118 1960 ne,
1136 1911 1316 1969 cognitio
1343 1911 1592 1963 instituitur3
1612 1913 1673 1955 his
1691 1911 1831 1966 positis

368 1973 505 2027 ecquis
530 1986 650 2013 sanae
685 1972 828 2014 mentis
855 1983 1030 2018 asserat,
1062 1986 1085 2013 a
1111 1971 1444 2013 Procuratoribus
1471 1970 1511 2010 in
1529 1971 1745 2027 scripturis
1775 1967 1832 2010 fa-

369 2044 480 2074 ctum
505 2029 733 2088 simpliciter
751 2046 831 2072 esse
848 2031 1146 2089 exponendum
1161 2062 1175 2081 ‚
1210 2030 1372 2087 illosque
1392 2045 1414 2071 a
1441 2029 1550 2082 Juris
1565 2027 1832 2085 dispositioni-

369 2091 447 2132 bus
472 2090 732 2133 abstinendos
754 2105 834 2132 esse
853 2107 866 2139 ;
903 2105 1029 2144 quum
1047 2090 1290 2130 defensionis
1303 2090 1410 2129 calor
1427 2088 1469 2126 id
1484 2102 1557 2128 sua
1578 2099 1721 2128 natur-a
1740 2087 1826 2128 exi-

373 2161 438 2204 gat
456 2180 470 2197 ‚
500 2161 546 2190 ut
573 2162 854 2203 quaecumque
880 2147 1116 2192 rationum,
1147 2158 1184 2186 et
1204 2144 1367 2200 jurium
1392 2156 1595 2188 momenta
1631 2145 1686 2187 ad
1709 2145 1830 2190 victo-

372 2206 475 2247 riam
505 2205 792 2258 reportandam
809 2203 851 2242 in
872 2203 1049 2244 medium
1067 2202 1324 2259 proferantur
1344 2233 1354 2243 .

429 2266 521 2305 Nec
543 2262 696 2304 ratione
714 2261 774 2302 illa
795 2262 1072 2304 abstractionis
1093 2277 1116 2303 a
1137 2275 1240 2304 recta
1258 2277 1518 2319 processuum
1534 2262 1831 2322 compilatione,

374 2335 479 2377 quae
501 2325 551 2364 ab
578 2321 719 2362 eodem
747 2321 811 2360 De
828 2321 932 2362 Luca
958 2320 1200 2377 proponitur
1217 2351 1230 2369 ,
1248 2322 1353 2364 recte
1375 2322 1565 2366 damnare
1596 2323 1686 2379 quis
1702 2333 1829 2381 potest

381 2395 577 2437 tanquam
595 2381 767 2422 abusum
784 2380 1033 2436 praedictam
1051 2381 1386 2425 consuetudinem
1397 2384 1726 2434 procuratorum3
1738 2394 1833 2424 nam

1787 2452 1831 2480 tn

1170 2511 1832 2530 ———-—-——

433 2569 484 2612 ἷι)
501 2575 583 2605 Part.
597 2581 629 2602 2.
640 2571 853 2608 ficiat-Curia
866 2571 943 2606 disc.
958 2573 1017 2612 46.
1042 2581 1074 2604 n.
1092 2582 1147 2615 99.
