<?xml version="1.0" encoding="UTF-8"?>
<!DOCTYPE html PUBLIC "-//W3C//DTD XHTML 1.0 Transitional//EN"
    "http://www.w3.org/TR/xhtml1/DTD/xhtml1-transitional.dtd">
<html xmlns="http://www.w3.org/1999/xhtml" xml:lang="en" lang="en">
 <head>
  <title>
</title>
<meta http-equiv="Content-Type" content="text/html;charset=utf-8" />
  <meta name='ocr-system' content='tesseract 3.04.00' />
  <meta name='ocr-capabilities' content='ocr_page ocr_carea ocr_par ocr_line ocrx_word'/>
</head>
<body>
  <div class='ocr_page' id='page_1' title='image "./dejuresignaturae00vita_0059.png"; bbox 0 0 1993 3195; ppageno 0'>
   <div class='ocr_carea' id='block_1_1' title="bbox 652 316 1585 382">
    <p class='ocr_par' dir='ltr' id='par_1_1' title="bbox 652 316 1585 382">
     <span class='ocr_line' id='line_1_1' title="bbox 652 316 1585 382; baseline 0.001 -25"><span class='ocrx_word' id='word_1_1' title='bbox 652 316 962 358; x_wconf 83' lang='lat' dir='ltr'>CAPUT</span> <span class='ocrx_word' id='word_1_2' title='bbox 1021 318 1051 357; x_wconf 82' lang='lat'>1.</span> <span class='ocrx_word' id='word_1_3' title='bbox 1531 337 1585 382; x_wconf 71' lang='lat'>45</span> 
     </span>
    </p>
   </div>
   <div class='ocr_carea' id='block_1_2' title="bbox 105 372 1586 1081">
    <p class='ocr_par' dir='ltr' id='par_1_2' title="bbox 105 372 1586 1022">
     <span class='ocr_line' id='line_1_2' title="bbox 115 372 1586 434; baseline 0.003 -16"><span class='ocrx_word' id='word_1_4' title='bbox 115 375 244 434; x_wconf 76' lang='lat' dir='ltr'><em>aprilis</em></span> <span class='ocrx_word' id='word_1_5' title='bbox 278 387 294 414; x_wconf 93' lang='lat'>1</span> <span class='ocrx_word' id='word_1_6' title='bbox 307 372 404 429; x_wconf 78' lang='lat'>763.</span> <span class='ocrx_word' id='word_1_7' title='bbox 439 372 607 415; x_wconf 78' lang='lat' dir='ltr'><em>Auditor</em></span> <span class='ocrx_word' id='word_1_8' title='bbox 621 376 797 432; x_wconf 76' lang='lat' dir='ltr'>gutturis</span> <span class='ocrx_word' id='word_1_9' title='bbox 829 376 1046 418; x_wconf 79' lang='lat' dir='ltr'><em>accensione</em></span> <span class='ocrx_word' id='word_1_10' title='bbox 1064 374 1168 416; x_wconf 78' lang='lat' dir='ltr'>domi</span> <span class='ocrx_word' id='word_1_11' title='bbox 1183 376 1357 417; x_wconf 71' lang='lat' dir='ltr'>detentus</span> <span class='ocrx_word' id='word_1_12' title='bbox 1372 406 1385 425; x_wconf 93' lang='lat'><strong>,</strong></span> <span class='ocrx_word' id='word_1_13' title='bbox 1415 394 1462 419; x_wconf 82' lang='lat' dir='ltr'>ne</span> <span class='ocrx_word' id='word_1_14' title='bbox 1480 382 1586 424; x_wconf 75' lang='lat' dir='ltr'>(lees-</span> 
     </span>
     <span class='ocr_line' id='line_1_3' title="bbox 112 431 1584 491; baseline 0.001 -15"><span class='ocrx_word' id='word_1_15' title='bbox 112 447 169 477; x_wconf 81' lang='lat' dir='ltr'>set</span> <span class='ocrx_word' id='word_1_16' title='bbox 186 464 198 480; x_wconf 93' lang='lat'>‚</span> <span class='ocrx_word' id='word_1_17' title='bbox 230 433 299 488; x_wconf 78' lang='lat' dir='ltr'>qui</span> <span class='ocrx_word' id='word_1_18' title='bbox 315 431 536 473; x_wconf 78' lang='lat' dir='ltr'>Trilmnalis</span> <span class='ocrx_word' id='word_1_19' title='bbox 563 433 755 489; x_wconf 76' lang='lat' dir='ltr'><em>Rescripta</em></span> <span class='ocrx_word' id='word_1_20' title='bbox 787 445 961 482; x_wconf 78' lang='lat' dir='ltr'>notaret,</span> <span class='ocrx_word' id='word_1_21' title='bbox 1000 434 1133 474; x_wconf 80' lang='lat' dir='ltr'>nuntio</span> <span class='ocrx_word' id='word_1_22' title='bbox 1162 434 1279 475; x_wconf 79' lang='lat' dir='ltr'>simul</span> <span class='ocrx_word' id='word_1_23' title='bbox 1300 466 1311 483; x_wconf 86' lang='lat'>‚</span> <span class='ocrx_word' id='word_1_24' title='bbox 1345 446 1380 475; x_wconf 78' lang='lat' dir='ltr'>et</span> <span class='ocrx_word' id='word_1_25' title='bbox 1417 438 1584 491; x_wconf 77' lang='lat' dir='ltr'>epistolio</span> 
     </span>
     <span class='ocr_line' id='line_1_4' title="bbox 110 492 1584 549; baseline 0.003 -16"><span class='ocrx_word' id='word_1_26' title='bbox 110 492 239 549; x_wconf 76' lang='lat' dir='ltr'>infirm</span> <span class='ocrx_word' id='word_1_27' title='bbox 247 492 374 532; x_wconf 77' lang='lat' dir='ltr'>itatem</span> <span class='ocrx_word' id='word_1_28' title='bbox 395 506 502 533; x_wconf 81' lang='lat' dir='ltr'>suam</span> <span class='ocrx_word' id='word_1_29' title='bbox 524 503 652 533; x_wconf 79' lang='lat' dir='ltr'>notam</span> <span class='ocrx_word' id='word_1_30' title='bbox 661 493 759 546; x_wconf 78' lang='lat' dir='ltr'>fecit</span> <span class='ocrx_word' id='word_1_31' title='bbox 776 494 830 533; x_wconf 92' lang='lat' dir='ltr'>D.</span> <span class='ocrx_word' id='word_1_32' title='bbox 849 493 1031 535; x_wconf 77' lang='lat' dir='ltr'>Giovarcli</span> <span class='ocrx_word' id='word_1_33' title='bbox 1051 494 1288 543; x_wconf 54' lang='lat' dir='ltr'>Prochcauo,</span> <span class='ocrx_word' id='word_1_34' title='bbox 1304 493 1584 549; x_wconf 65' lang='lat' dir='ltr'>illiuspruslen-</span> 
     </span>
     <span class='ocr_line' id='line_1_5' title="bbox 110 549 1586 609; baseline 0.003 -17"><span class='ocrx_word' id='word_1_35' title='bbox 110 551 189 593; x_wconf 81' lang='lat' dir='ltr'>tiae</span> <span class='ocrx_word' id='word_1_36' title='bbox 209 582 221 600; x_wconf 86' lang='lat'>,</span> <span class='ocrx_word' id='word_1_37' title='bbox 251 562 287 592; x_wconf 88' lang='lat' dir='ltr'>et</span> <span class='ocrx_word' id='word_1_38' title='bbox 302 549 458 591; x_wconf 80' lang='lat' dir='ltr'>arbitrio</span> <span class='ocrx_word' id='word_1_39' title='bbox 478 550 689 607; x_wconf 80' lang='lat' dir='ltr'>relinquens</span> <span class='ocrx_word' id='word_1_40' title='bbox 707 583 720 600; x_wconf 83' lang='lat'>‚</span> <span class='ocrx_word' id='word_1_41' title='bbox 739 562 782 593; x_wconf 78' lang='lat' dir='ltr'>ut</span> <span class='ocrx_word' id='word_1_42' title='bbox 798 568 883 594; x_wconf 78' lang='lat' dir='ltr'>etun</span> <span class='ocrx_word' id='word_1_43' title='bbox 915 564 1084 594; x_wconf 76' lang='lat' dir='ltr'>servaret</span> <span class='ocrx_word' id='word_1_44' title='bbox 1110 555 1265 593; x_wconf 79' lang='lat' dir='ltr'>modum</span> <span class='ocrx_word' id='word_1_45' title='bbox 1301 582 1313 600; x_wconf 85' lang='lat'>,</span> <span class='ocrx_word' id='word_1_46' title='bbox 1340 567 1450 609; x_wconf 77' lang='lat' dir='ltr'>quem</span> <span class='ocrx_word' id='word_1_47' title='bbox 1471 557 1586 599; x_wconf 82' lang='lat' dir='ltr'>sciret</span> 
     </span>
     <span class='ocr_line' id='line_1_6' title="bbox 110 609 1583 670; baseline 0.004 -19"><span class='ocrx_word' id='word_1_48' title='bbox 110 623 300 652; x_wconf 80' lang='lat' dir='ltr'>servatum</span> <span class='ocrx_word' id='word_1_49' title='bbox 317 609 536 665; x_wconf 79' lang='lat' dir='ltr'>praeteritis</span> <span class='ocrx_word' id='word_1_50' title='bbox 551 611 784 666; x_wconf 76' lang='lat' dir='ltr'><em>temporibus</em></span> <span class='ocrx_word' id='word_1_51' title='bbox 806 644 818 660; x_wconf 88' lang='lat'>,</span> <span class='ocrx_word' id='word_1_52' title='bbox 847 628 930 653; x_wconf 79' lang='lat' dir='ltr'>cum</span> <span class='ocrx_word' id='word_1_53' title='bbox 951 611 1047 653; x_wconf 81' lang='lat' dir='ltr'>niln&#39;l</span> <span class='ocrx_word' id='word_1_54' title='bbox 1073 614 1120 652; x_wconf 79' lang='lat' dir='ltr'>cle</span> <span class='ocrx_word' id='word_1_55' title='bbox 1146 627 1188 653; x_wconf 81' lang='lat' dir='ltr'>eo</span> <span class='ocrx_word' id='word_1_56' title='bbox 1216 610 1401 664; x_wconf 77' lang='lat' dir='ltr'>referrent</span> <span class='ocrx_word' id='word_1_57' title='bbox 1419 612 1583 670; x_wconf 73' lang='lat' dir='ltr'>Regesta</span> 
     </span>
     <span class='ocr_line' id='line_1_7' title="bbox 115 667 1586 728; baseline 0.003 -19"><span class='ocrx_word' id='word_1_58' title='bbox 115 667 334 710; x_wconf 81' lang='lat' dir='ltr'>Trilnmalis</span> <span class='ocrx_word' id='word_1_59' title='bbox 352 700 363 708; x_wconf 89' lang='lat'><strong>.</strong></span> <span class='ocrx_word' id='word_1_60' title='bbox 397 671 490 710; x_wconf 87' lang='lat' dir='ltr'>Mos</span> <span class='ocrx_word' id='word_1_61' title='bbox 517 678 648 710; x_wconf 76' lang='lat' dir='ltr'>tamen</span> <span class='ocrx_word' id='word_1_62' title='bbox 685 670 718 711; x_wconf 83' lang='lat' dir='ltr'>is</span> <span class='ocrx_word' id='word_1_63' title='bbox 740 669 860 728; x_wconf 77' lang='lat' dir='ltr'>fuit(</span> <span class='ocrx_word' id='word_1_64' title='bbox 890 685 1074 727; x_wconf 76' lang='lat' dir='ltr'>quantum</span> <span class='ocrx_word' id='word_1_65' title='bbox 1093 669 1175 724; x_wconf 80' lang='lat' dir='ltr'>fert</span> <span class='ocrx_word' id='word_1_66' title='bbox 1196 685 1270 725; x_wconf 81' lang='lat' dir='ltr'>per</span> <span class='ocrx_word' id='word_1_67' title='bbox 1295 687 1435 712; x_wconf 77' lang='lat' dir='ltr'>manus</span> <span class='ocrx_word' id='word_1_68' title='bbox 1460 674 1586 714; x_wconf 69' lang='lat' dir='ltr'>tradi-</span> 
     </span>
     <span class='ocr_line' id='line_1_8' title="bbox 108 726 1583 784; baseline 0.004 -16"><span class='ocrx_word' id='word_1_69' title='bbox 108 727 161 769; x_wconf 77' lang='lat' dir='ltr'>tz&#39;o</span> <span class='ocrx_word' id='word_1_70' title='bbox 177 727 197 782; x_wconf 93' lang='lat'>)</span> <span class='ocrx_word' id='word_1_71' title='bbox 217 759 229 777; x_wconf 89' lang='lat'>‚</span> <span class='ocrx_word' id='word_1_72' title='bbox 259 739 302 768; x_wconf 81' lang='lat' dir='ltr'>ut</span> <span class='ocrx_word' id='word_1_73' title='bbox 316 727 382 782; x_wconf 77' lang='lat' dir='ltr'>qui</span> <span class='ocrx_word' id='word_1_74' title='bbox 396 726 592 783; x_wconf 78' lang='lat' dir='ltr'>antiquior</span> <span class='ocrx_word' id='word_1_75' title='bbox 607 739 707 770; x_wconf 81' lang='lat' dir='ltr'>esset</span> <span class='ocrx_word' id='word_1_76' title='bbox 742 745 794 772; x_wconf 75' lang='lat' dir='ltr'>ex</span> <span class='ocrx_word' id='word_1_77' title='bbox 808 728 1085 784; x_wconf 78' lang='lat' dir='ltr'>Referenclarit‘s</span> <span class='ocrx_word' id='word_1_78' title='bbox 1115 729 1424 771; x_wconf 64' lang='lat' dir='ltr'>inter-essentibus</span> <span class='ocrx_word' id='word_1_79' title='bbox 1439 763 1451 780; x_wconf 87' lang='lat'>‚</span> <span class='ocrx_word' id='word_1_80' title='bbox 1470 731 1504 772; x_wconf 82' lang='lat' dir='ltr'>is</span> <span class='ocrx_word' id='word_1_81' title='bbox 1529 733 1583 775; x_wconf 83' lang='lat' dir='ltr'>lo·</span> 
     </span>
     <span class='ocr_line' id='line_1_9' title="bbox 109 786 1585 846; baseline 0.003 -18"><span class='ocrx_word' id='word_1_82' title='bbox 109 799 195 828; x_wconf 80' lang='lat' dir='ltr'>cum</span> <span class='ocrx_word' id='word_1_83' title='bbox 214 787 358 828; x_wconf 79' lang='lat' dir='ltr'>subiret</span> <span class='ocrx_word' id='word_1_84' title='bbox 377 786 577 828; x_wconf 77' lang='lat' dir='ltr'>Auditoris</span> <span class='ocrx_word' id='word_1_85' title='bbox 598 816 611 833; x_wconf 91' lang='lat'>,</span> <span class='ocrx_word' id='word_1_86' title='bbox 642 799 679 829; x_wconf 85' lang='lat' dir='ltr'>et</span> <span class='ocrx_word' id='word_1_87' title='bbox 693 803 761 845; x_wconf 72' lang='lat' dir='ltr'>pro</span> <span class='ocrx_word' id='word_1_88' title='bbox 777 789 858 846; x_wconf 79' lang='lat' dir='ltr'>ipso</span> <span class='ocrx_word' id='word_1_89' title='bbox 872 801 960 830; x_wconf 81' lang='lat' dir='ltr'>vota</span> <span class='ocrx_word' id='word_1_90' title='bbox 980 789 1164 843; x_wconf 79' lang='lat' dir='ltr'>reciperet</span> <span class='ocrx_word' id='word_1_91' title='bbox 1178 821 1191 838; x_wconf 82' lang='lat'>‚</span> <span class='ocrx_word' id='word_1_92' title='bbox 1224 800 1449 846; x_wconf 73' lang='lat' dir='ltr'>uetaretque</span> <span class='ocrx_word' id='word_1_93' title='bbox 1467 819 1476 829; x_wconf 92' lang='lat'><strong>.</strong></span> <span class='ocrx_word' id='word_1_94' title='bbox 1498 793 1585 834; x_wconf 83' lang='lat' dir='ltr'>Hac</span> 
     </span>
     <span class='ocr_line' id='line_1_10' title="bbox 107 845 1584 903; baseline 0.003 -17"><span class='ocrx_word' id='word_1_95' title='bbox 107 854 238 886; x_wconf 78' lang='lat' dir='ltr'>tamen</span> <span class='ocrx_word' id='word_1_96' title='bbox 271 845 353 887; x_wconf 84' lang='lat' dir='ltr'>vice</span> <span class='ocrx_word' id='word_1_97' title='bbox 364 861 438 901; x_wconf 77' lang='lat' dir='ltr'>pro</span> <span class='ocrx_word' id='word_1_98' title='bbox 454 860 523 886; x_wconf 74' lang='lat' dir='ltr'>sua</span> <span class='ocrx_word' id='word_1_99' title='bbox 538 847 777 888; x_wconf 78' lang='lat' dir='ltr'><em>humanitate</em></span> <span class='ocrx_word' id='word_1_100' title='bbox 793 850 840 890; x_wconf 87' lang='lat' dir='ltr'>R.</span> <span class='ocrx_word' id='word_1_101' title='bbox 857 849 900 888; x_wconf 89' lang='lat' dir='ltr'>P.</span> <span class='ocrx_word' id='word_1_102' title='bbox 924 849 978 888; x_wconf 90' lang='lat' dir='ltr'>D.</span> <span class='ocrx_word' id='word_1_103' title='bbox 1006 849 1247 889; x_wconf 72' lang='lat' dir='ltr'>Proclecanus</span> <span class='ocrx_word' id='word_1_104' title='bbox 1269 863 1367 889; x_wconf 78' lang='lat' dir='ltr'>onus</span> <span class='ocrx_word' id='word_1_105' title='bbox 1389 850 1552 903; x_wconf 77' lang='lat' dir='ltr'><em>sumpsit</em></span> <span class='ocrx_word' id='word_1_106' title='bbox 1571 879 1584 898; x_wconf 91' lang='lat'><em>,</em></span> 
     </span>
     <span class='ocr_line' id='line_1_11' title="bbox 106 904 1584 962; baseline 0.003 -17"><span class='ocrx_word' id='word_1_107' title='bbox 106 904 262 946; x_wconf 79' lang='lat' dir='ltr'>remisso</span> <span class='ocrx_word' id='word_1_108' title='bbox 283 920 352 959; x_wconf 83' lang='lat' dir='ltr'>per</span> <span class='ocrx_word' id='word_1_109' title='bbox 368 904 566 958; x_wconf 79' lang='lat' dir='ltr'>famulum</span> <span class='ocrx_word' id='word_1_110' title='bbox 598 906 798 947; x_wconf 78' lang='lat' dir='ltr'>Auclitoris</span> <span class='ocrx_word' id='word_1_111' title='bbox 832 907 950 962; x_wconf 79' lang='lat' dir='ltr'>ipsius</span> <span class='ocrx_word' id='word_1_112' title='bbox 984 907 1272 961; x_wconf 76' lang='lat' dir='ltr'>Scripturarum</span> <span class='ocrx_word' id='word_1_113' title='bbox 1297 906 1484 961; x_wconf 79' lang='lat' dir='ltr'>fizsciculo</span> <span class='ocrx_word' id='word_1_114' title='bbox 1500 939 1514 957; x_wconf 82' lang='grc'>,</span> <span class='ocrx_word' id='word_1_115' title='bbox 1540 919 1584 950; x_wconf 82' lang='lat' dir='ltr'>ut</span> 
     </span>
     <span class='ocr_line' id='line_1_12' title="bbox 105 962 1229 1022; baseline 0.003 -18"><span class='ocrx_word' id='word_1_116' title='bbox 105 962 300 1006; x_wconf 78' lang='lat' dir='ltr'>Causidici</span> <span class='ocrx_word' id='word_1_117' title='bbox 317 977 370 1003; x_wconf 81' lang='lat' dir='ltr'>ex</span> <span class='ocrx_word' id='word_1_118' title='bbox 381 963 445 1005; x_wconf 72' lang='lat' dir='ltr'>illo</span> <span class='ocrx_word' id='word_1_119' title='bbox 461 964 722 1011; x_wconf 72' lang='lat' dir='ltr'>exscribere-nt</span> <span class='ocrx_word' id='word_1_120' title='bbox 759 965 977 1007; x_wconf 77' lang='lat' dir='ltr'>Trilmnczlis</span> <span class='ocrx_word' id='word_1_121' title='bbox 1005 965 1229 1022; x_wconf 78' lang='lat' dir='ltr'><em>Rescripta.</em></span> 
     </span>
    </p>

    <p class='ocr_par' dir='ltr' id='par_1_3' title="bbox 223 1022 1585 1081">
     <span class='ocr_line' id='line_1_13' title="bbox 223 1022 1585 1081; baseline 0.005 -20"><span class='ocrx_word' id='word_1_122' title='bbox 223 1022 408 1063; x_wconf 83' lang='lat' dir='ltr'><strong>Tenetur</strong></span> <span class='ocrx_word' id='word_1_123' title='bbox 434 1038 598 1078; x_wconf 85' lang='lat' dir='ltr'>quoque</span> <span class='ocrx_word' id='word_1_124' title='bbox 627 1024 759 1065; x_wconf 78' lang='lat' dir='ltr'>adesse</span> <span class='ocrx_word' id='word_1_125' title='bbox 796 1025 900 1065; x_wconf 89' lang='lat' dir='ltr'>idern</span> <span class='ocrx_word' id='word_1_126' title='bbox 930 1024 1135 1069; x_wconf 78' lang='lat' dir='ltr'><strong>Auditor,</strong></span> <span class='ocrx_word' id='word_1_127' title='bbox 1168 1024 1286 1065; x_wconf 82' lang='lat' dir='ltr'>etiam</span> <span class='ocrx_word' id='word_1_128' title='bbox 1301 1040 1349 1066; x_wconf 88' lang='lat' dir='ltr'>ex</span> <span class='ocrx_word' id='word_1_129' title='bbox 1368 1040 1440 1073; x_wconf 88' lang='lat' dir='ltr'>e0‚</span> <span class='ocrx_word' id='word_1_130' title='bbox 1471 1026 1585 1081; x_wconf 82' lang='lat' dir='ltr'>quod</span> 
     </span>
    </p>
   </div>
   <div class='ocr_carea' id='block_1_3' title="bbox 100 1079 1585 1197">
    <p class='ocr_par' dir='ltr' id='par_1_4' title="bbox 100 1079 1585 1197">
     <span class='ocr_line' id='line_1_14' title="bbox 104 1079 1584 1139; baseline 0.001 -17"><span class='ocrx_word' id='word_1_131' title='bbox 104 1097 179 1139; x_wconf 88' lang='lat' dir='ltr'>pro</span> <span class='ocrx_word' id='word_1_132' title='bbox 214 1079 405 1120; x_wconf 81' lang='lat' dir='ltr'>relatione</span> <span class='ocrx_word' id='word_1_133' title='bbox 432 1094 663 1133; x_wconf 81' lang='lat' dir='ltr'>processus,</span> <span class='ocrx_word' id='word_1_134' title='bbox 695 1095 733 1122; x_wconf 88' lang='lat' dir='ltr'>et</span> <span class='ocrx_word' id='word_1_135' title='bbox 766 1082 1004 1122; x_wconf 82' lang='lat' dir='ltr'>admissione</span> <span class='ocrx_word' id='word_1_136' title='bbox 1039 1083 1091 1122; x_wconf 88' lang='lat' dir='ltr'>ad</span> <span class='ocrx_word' id='word_1_137' title='bbox 1122 1082 1497 1124; x_wconf 83' lang='lat' dir='ltr'>Referendaria-tum</span> <span class='ocrx_word' id='word_1_138' title='bbox 1522 1084 1584 1126; x_wconf 88' lang='lat' dir='ltr'>Si-</span> 
     </span>
     <span class='ocr_line' id='line_1_15' title="bbox 100 1137 1585 1197; baseline 0.005 -22"><span class='ocrx_word' id='word_1_139' title='bbox 100 1149 297 1197; x_wconf 80' lang='lat' dir='ltr'>gnaturae</span> <span class='ocrx_word' id='word_1_140' title='bbox 320 1148 481 1179; x_wconf 86' lang='lat' dir='ltr'>eorum,</span> <span class='ocrx_word' id='word_1_141' title='bbox 514 1137 586 1186; x_wconf 89' lang='lat' dir='ltr'>qui</span> <span class='ocrx_word' id='word_1_142' title='bbox 620 1150 761 1174; x_wconf 85' lang='lat' dir='ltr'>emunt</span> <span class='ocrx_word' id='word_1_143' title='bbox 777 1139 907 1175; x_wconf 82' lang='lat' dir='ltr'>officia</span> <span class='ocrx_word' id='word_1_144' title='bbox 927 1140 1150 1178; x_wconf 83' lang='lat' dir='ltr'>Praelatitia</span> <span class='ocrx_word' id='word_1_145' title='bbox 1168 1169 1180 1185; x_wconf 86' lang='lat'>‚</span> <span class='ocrx_word' id='word_1_146' title='bbox 1199 1141 1259 1179; x_wconf 88' lang='lat' dir='ltr'>vel</span> <span class='ocrx_word' id='word_1_147' title='bbox 1275 1141 1449 1193; x_wconf 78' lang='lat' dir='ltr'>aliquam</span> <span class='ocrx_word' id='word_1_148' title='bbox 1468 1142 1585 1185; x_wconf 86' lang='lat' dir='ltr'>aliam</span> 
     </span>
    </p>
   </div>
   <div class='ocr_carea' id='block_1_4' title="bbox 65 1190 1613 2648">
    <p class='ocr_par' dir='ltr' id='par_1_5' title="bbox 100 1190 1586 1489">
     <span class='ocr_line' id='line_1_16' title="bbox 100 1190 1584 1251; baseline 0 -11"><span class='ocrx_word' id='word_1_149' title='bbox 100 1194 313 1240; x_wconf 84' lang='lat' dir='ltr'>obtineant</span> <span class='ocrx_word' id='word_1_150' title='bbox 348 1190 616 1233; x_wconf 80' lang='lat' dir='ltr'>Praelaturam</span> <span class='ocrx_word' id='word_1_151' title='bbox 636 1218 648 1237; x_wconf 89' lang='lat'><strong>,</strong></span> <span class='ocrx_word' id='word_1_152' title='bbox 666 1204 807 1231; x_wconf 87' lang='lat' dir='ltr'>curare</span> <span class='ocrx_word' id='word_1_153' title='bbox 826 1192 972 1236; x_wconf 84' lang='lat' dir='ltr'>debet,</span> <span class='ocrx_word' id='word_1_154' title='bbox 1006 1206 1052 1233; x_wconf 90' lang='lat' dir='ltr'>ut</span> <span class='ocrx_word' id='word_1_155' title='bbox 1069 1205 1253 1249; x_wconf 85' lang='lat' dir='ltr'>prompta</span> <span class='ocrx_word' id='word_1_156' title='bbox 1272 1222 1286 1240; x_wconf 93' lang='lat'>‚</span> <span class='ocrx_word' id='word_1_157' title='bbox 1317 1209 1504 1251; x_wconf 84' lang='lat' dir='ltr'>etparata</span> <span class='ocrx_word' id='word_1_158' title='bbox 1533 1202 1584 1242; x_wconf 73' lang='lat' dir='ltr'>sit</span> 
     </span>
     <span class='ocr_line' id='line_1_17' title="bbox 103 1247 1586 1307; baseline 0.002 -12"><span class='ocrx_word' id='word_1_159' title='bbox 103 1269 209 1299; x_wconf 86' lang='lat' dir='ltr'>urna</span> <span class='ocrx_word' id='word_1_160' title='bbox 229 1266 311 1293; x_wconf 85' lang='lat' dir='ltr'>una</span> <span class='ocrx_word' id='word_1_161' title='bbox 328 1264 423 1292; x_wconf 90' lang='lat' dir='ltr'>cum</span> <span class='ocrx_word' id='word_1_162' title='bbox 441 1248 604 1292; x_wconf 77' lang='lat' dir='ltr'>calculis</span> <span class='ocrx_word' id='word_1_163' title='bbox 623 1250 674 1290; x_wconf 86' lang='lat' dir='ltr'>ad</span> <span class='ocrx_word' id='word_1_164' title='bbox 690 1247 878 1306; x_wconf 80' lang='lat' dir='ltr'>suffragia</span> <span class='ocrx_word' id='word_1_165' title='bbox 895 1250 1064 1292; x_wconf 81' lang='lat' dir='ltr'>ferenda</span> <span class='ocrx_word' id='word_1_166' title='bbox 1083 1282 1092 1292; x_wconf 91' lang='lat'><strong>.</strong></span> <span class='ocrx_word' id='word_1_167' title='bbox 1117 1254 1214 1307; x_wconf 76' lang='lat' dir='ltr'>Qua</span> <span class='ocrx_word' id='word_1_168' title='bbox 1237 1251 1284 1292; x_wconf 90' lang='lat' dir='ltr'>de</span> <span class='ocrx_word' id='word_1_169' title='bbox 1302 1267 1341 1293; x_wconf 90' lang='lat' dir='ltr'>re</span> <span class='ocrx_word' id='word_1_170' title='bbox 1364 1256 1586 1298; x_wconf 87' lang='lat' dir='ltr'>candidan-</span> 
     </span>
     <span class='ocr_line' id='line_1_18' title="bbox 102 1309 1585 1366; baseline -0.001 -10"><span class='ocrx_word' id='word_1_171' title='bbox 102 1316 144 1357; x_wconf 87' lang='lat' dir='ltr'>di</span> <span class='ocrx_word' id='word_1_172' title='bbox 163 1312 274 1355; x_wconf 81' lang='lat' dir='ltr'>adire</span> <span class='ocrx_word' id='word_1_173' title='bbox 303 1310 453 1352; x_wconf 88' lang='lat' dir='ltr'>debent</span> <span class='ocrx_word' id='word_1_174' title='bbox 486 1310 618 1366; x_wconf 84' lang='lat' dir='ltr'>ipsum</span> <span class='ocrx_word' id='word_1_175' title='bbox 651 1309 894 1350; x_wconf 81' lang='lat' dir='ltr'>Auditorem</span> <span class='ocrx_word' id='word_1_176' title='bbox 925 1309 1045 1351; x_wconf 81' lang='lat' dir='ltr'>officii</span> <span class='ocrx_word' id='word_1_177' title='bbox 1080 1326 1202 1353; x_wconf 83' lang='lat' dir='ltr'>causa</span> <span class='ocrx_word' id='word_1_178' title='bbox 1221 1341 1235 1359; x_wconf 88' lang='lat'>‚</span> <span class='ocrx_word' id='word_1_179' title='bbox 1267 1312 1383 1363; x_wconf 87' lang='lat' dir='ltr'>eique</span> <span class='ocrx_word' id='word_1_180' title='bbox 1412 1315 1585 1359; x_wconf 82' lang='lat' dir='ltr'>verbum</span> 
     </span>
     <span class='ocr_line' id='line_1_19' title="bbox 102 1367 1583 1429; baseline 0.001 -14"><span class='ocrx_word' id='word_1_181' title='bbox 102 1374 231 1415; x_wconf 77' lang='lat' dir='ltr'>facere</span> <span class='ocrx_word' id='word_1_182' title='bbox 277 1369 324 1410; x_wconf 89' lang='lat' dir='ltr'>de</span> <span class='ocrx_word' id='word_1_183' title='bbox 360 1369 422 1411; x_wconf 86' lang='lat' dir='ltr'>sui</span> <span class='ocrx_word' id='word_1_184' title='bbox 465 1382 673 1426; x_wconf 85' lang='lat' dir='ltr'>processus</span> <span class='ocrx_word' id='word_1_185' title='bbox 721 1367 910 1410; x_wconf 78' lang='lat' dir='ltr'>relatione</span> <span class='ocrx_word' id='word_1_186' title='bbox 944 1368 1130 1412; x_wconf 78' lang='lat' dir='ltr'>facienda</span> <span class='ocrx_word' id='word_1_187' title='bbox 1174 1371 1216 1411; x_wconf 88' lang='lat' dir='ltr'>in</span> <span class='ocrx_word' id='word_1_188' title='bbox 1248 1371 1430 1428; x_wconf 81' lang='lat' dir='ltr'>proxima</span> <span class='ocrx_word' id='word_1_189' title='bbox 1465 1374 1583 1429; x_wconf 82' lang='lat' dir='ltr'>plena</span> 
     </span>
     <span class='ocr_line' id='line_1_20' title="bbox 107 1431 1330 1489; baseline -0.004 -16"><span class='ocrx_word' id='word_1_190' title='bbox 107 1431 329 1489; x_wconf 71' lang='lat' dir='ltr'>Signatum</span> <span class='ocrx_word' id='word_1_191' title='bbox 356 1460 367 1470; x_wconf 88' lang='lat'><strong>.</strong></span> <span class='ocrx_word' id='word_1_192' title='bbox 582 1479 584 1482; x_wconf 88' lang='lat'>.</span> <span class='ocrx_word' id='word_1_193' title='bbox 1328 1442 1330 1444; x_wconf 71' lang='grc'>’</span> 
     </span>
    </p>

    <p class='ocr_par' dir='ltr' id='par_1_6' title="bbox 97 1487 1584 2074">
     <span class='ocr_line' id='line_1_21' title="bbox 222 1487 1584 1547; baseline 0.002 -18"><span class='ocrx_word' id='word_1_194' title='bbox 222 1490 339 1530; x_wconf 80' lang='lat' dir='ltr'>Facta</span> <span class='ocrx_word' id='word_1_195' title='bbox 364 1487 446 1544; x_wconf 79' lang='lat' dir='ltr'>jam</span> <span class='ocrx_word' id='word_1_196' title='bbox 464 1504 486 1530; x_wconf 90' lang='lat' dir='ltr'>a</span> <span class='ocrx_word' id='word_1_197' title='bbox 505 1489 800 1531; x_wconf 84' lang='lat' dir='ltr'>Referendario</span> <span class='ocrx_word' id='word_1_198' title='bbox 821 1490 1009 1532; x_wconf 81' lang='lat' dir='ltr'>relatione</span> <span class='ocrx_word' id='word_1_199' title='bbox 1030 1505 1166 1532; x_wconf 81' lang='lat' dir='ltr'>causae</span> <span class='ocrx_word' id='word_1_200' title='bbox 1182 1490 1228 1547; x_wconf 85' lang='grc'>,&lt;</span> <span class='ocrx_word' id='word_1_201' title='bbox 1246 1491 1316 1546; x_wconf 87' lang='lat' dir='ltr'>qui</span> <span class='ocrx_word' id='word_1_202' title='bbox 1335 1489 1498 1532; x_wconf 88' lang='lat' dir='ltr'>sedetin</span> <span class='ocrx_word' id='word_1_203' title='bbox 1517 1505 1584 1547; x_wconf 89' lang='lat' dir='ltr'>po-</span> 
     </span>
     <span class='ocr_line' id='line_1_22' title="bbox 101 1548 1584 1606; baseline -0.001 -12"><span class='ocrx_word' id='word_1_204' title='bbox 101 1563 246 1594; x_wconf 83' lang='lat' dir='ltr'>stremo</span> <span class='ocrx_word' id='word_1_205' title='bbox 265 1548 351 1589; x_wconf 93' lang='lat' dir='ltr'>loco</span> <span class='ocrx_word' id='word_1_206' title='bbox 370 1562 518 1590; x_wconf 81' lang='lat' dir='ltr'>mensae</span> <span class='ocrx_word' id='word_1_207' title='bbox 532 1549 554 1590; x_wconf 73' lang='lat' dir='ltr'>e</span> <span class='ocrx_word' id='word_1_208' title='bbox 573 1562 792 1606; x_wconf 87' lang='lat' dir='ltr'>conspectu</span> <span class='ocrx_word' id='word_1_209' title='bbox 812 1550 1042 1591; x_wconf 80' lang='lat' dir='ltr'>cardinalis</span> <span class='ocrx_word' id='word_1_210' title='bbox 1065 1550 1242 1592; x_wconf 77' lang='lat' dir='ltr'>Praefecti</span> <span class='ocrx_word' id='word_1_211' title='bbox 1262 1550 1309 1606; x_wconf 85' lang='lat'>)‚</span> <span class='ocrx_word' id='word_1_212' title='bbox 1334 1564 1372 1591; x_wconf 90' lang='lat' dir='ltr'>et</span> <span class='ocrx_word' id='word_1_213' title='bbox 1397 1562 1584 1592; x_wconf 83' lang='lat' dir='ltr'>enarrato</span> 
     </span>
     <span class='ocr_line' id='line_1_23' title="bbox 101 1607 1584 1666; baseline -0.001 -15"><span class='ocrx_word' id='word_1_214' title='bbox 101 1611 274 1653; x_wconf 89' lang='lat' dir='ltr'>breviter</span> <span class='ocrx_word' id='word_1_215' title='bbox 301 1607 437 1657; x_wconf 81' lang='lat' dir='ltr'>facto,</span> <span class='ocrx_word' id='word_1_216' title='bbox 469 1622 675 1650; x_wconf 82' lang='lat' dir='ltr'>annuente</span> <span class='ocrx_word' id='word_1_217' title='bbox 708 1610 848 1650; x_wconf 87' lang='lat' dir='ltr'>eodem</span> <span class='ocrx_word' id='word_1_218' title='bbox 877 1610 1068 1652; x_wconf 81' lang='lat' dir='ltr'>Praefecto</span> <span class='ocrx_word' id='word_1_219' title='bbox 1098 1625 1219 1651; x_wconf 87' lang='lat' dir='ltr'>suum</span> <span class='ocrx_word' id='word_1_220' title='bbox 1242 1609 1393 1666; x_wconf 84' lang='lat' dir='ltr'>profert</span> <span class='ocrx_word' id='word_1_221' title='bbox 1409 1622 1584 1661; x_wconf 69' lang='lat' dir='ltr'>votum,</span> 
     </span>
     <span class='ocr_line' id='line_1_24' title="bbox 100 1666 1583 1725; baseline -0.001 -15"><span class='ocrx_word' id='word_1_222' title='bbox 100 1670 215 1725; x_wconf 87' lang='lat' dir='ltr'>quod</span> <span class='ocrx_word' id='word_1_223' title='bbox 234 1666 355 1722; x_wconf 73' lang='lat' dir='ltr'>vulgo</span> <span class='ocrx_word' id='word_1_224' title='bbox 380 1667 422 1707; x_wconf 80' lang='lat' dir='ltr'>in</span> <span class='ocrx_word' id='word_1_225' title='bbox 449 1666 581 1708; x_wconf 81' lang='lat' dir='ltr'>Curia</span> <span class='ocrx_word' id='word_1_226' title='bbox 597 1668 866 1724; x_wconf 85' lang='lat' dir='ltr'>proclamatur</span> <span class='ocrx_word' id='word_1_227' title='bbox 885 1669 1026 1711; x_wconf 84' lang='lat' dir='ltr'>debere</span> <span class='ocrx_word' id='word_1_228' title='bbox 1047 1684 1125 1710; x_wconf 87' lang='lat' dir='ltr'>esse</span> <span class='ocrx_word' id='word_1_229' title='bbox 1147 1669 1367 1712; x_wconf 78' lang='lat' dir='ltr'>favorabile</span> <span class='ocrx_word' id='word_1_230' title='bbox 1382 1698 1394 1716; x_wconf 85' lang='grc'>,</span> <span class='ocrx_word' id='word_1_231' title='bbox 1427 1683 1464 1709; x_wconf 90' lang='lat' dir='ltr'>et</span> <span class='ocrx_word' id='word_1_232' title='bbox 1482 1682 1583 1709; x_wconf 88' lang='lat' dir='ltr'>con-</span> 
     </span>
     <span class='ocr_line' id='line_1_25' title="bbox 99 1725 1582 1782; baseline -0.004 -12"><span class='ocrx_word' id='word_1_233' title='bbox 99 1744 247 1771; x_wconf 83' lang='lat' dir='ltr'>sonum</span> <span class='ocrx_word' id='word_1_234' title='bbox 276 1726 598 1776; x_wconf 84' lang='lat' dir='ltr'>Commissioni;</span> <span class='ocrx_word' id='word_1_235' title='bbox 632 1739 766 1782; x_wconf 86' lang='lat' dir='ltr'>etqua</span> <span class='ocrx_word' id='word_1_236' title='bbox 801 1729 848 1769; x_wconf 93' lang='lat' dir='ltr'>de</span> <span class='ocrx_word' id='word_1_237' title='bbox 876 1742 995 1769; x_wconf 85' lang='lat' dir='ltr'>causa</span> <span class='ocrx_word' id='word_1_238' title='bbox 1025 1728 1244 1782; x_wconf 82' lang='lat' dir='ltr'>propositio</span> <span class='ocrx_word' id='word_1_239' title='bbox 1278 1726 1379 1771; x_wconf 85' lang='lat' dir='ltr'>ista,</span> <span class='ocrx_word' id='word_1_240' title='bbox 1412 1738 1507 1779; x_wconf 79' lang='lat' dir='ltr'>quae</span> <span class='ocrx_word' id='word_1_241' title='bbox 1539 1725 1582 1765; x_wconf 75' lang='lat' dir='ltr'>ira</span> 
     </span>
     <span class='ocr_line' id='line_1_26' title="bbox 101 1783 1580 1843; baseline -0.003 -15"><span class='ocrx_word' id='word_1_242' title='bbox 101 1788 262 1828; x_wconf 81' lang='lat' dir='ltr'>axioma</span> <span class='ocrx_word' id='word_1_243' title='bbox 280 1799 393 1827; x_wconf 89' lang='lat' dir='ltr'>versa</span> <span class='ocrx_word' id='word_1_244' title='bbox 411 1798 489 1835; x_wconf 86' lang='lat' dir='ltr'>est,</span> <span class='ocrx_word' id='word_1_245' title='bbox 521 1785 735 1828; x_wconf 86' lang='lat' dir='ltr'>invaluerit</span> <span class='ocrx_word' id='word_1_246' title='bbox 752 1816 764 1833; x_wconf 92' lang='lat'>‚</span> <span class='ocrx_word' id='word_1_247' title='bbox 782 1789 884 1843; x_wconf 77' lang='lat' dir='ltr'>pene</span> <span class='ocrx_word' id='word_1_248' title='bbox 918 1785 1147 1833; x_wconf 79' lang='lat' dir='ltr'>nescimus,</span> <span class='ocrx_word' id='word_1_249' title='bbox 1174 1800 1304 1839; x_wconf 80' lang='lat' dir='ltr'>quum</span> <span class='ocrx_word' id='word_1_250' title='bbox 1335 1783 1366 1824; x_wconf 83' lang='lat' dir='ltr'>si</span> <span class='ocrx_word' id='word_1_251' title='bbox 1396 1797 1502 1830; x_wconf 86' lang='lat' dir='ltr'>rem,</span> <span class='ocrx_word' id='word_1_252' title='bbox 1534 1795 1580 1825; x_wconf 88' lang='lat' dir='ltr'>ut</span> 
     </span>
     <span class='ocr_line' id='line_1_27' title="bbox 99 1839 1583 1901; baseline -0.002 -16"><span class='ocrx_word' id='word_1_253' title='bbox 99 1859 170 1901; x_wconf 89' lang='lat' dir='ltr'>par</span> <span class='ocrx_word' id='word_1_254' title='bbox 188 1857 243 1886; x_wconf 89' lang='lat' dir='ltr'>est</span> <span class='ocrx_word' id='word_1_255' title='bbox 259 1874 271 1892; x_wconf 87' lang='lat'>‚</span> <span class='ocrx_word' id='word_1_256' title='bbox 304 1845 488 1883; x_wconf 69' lang='lat' dir='ltr'>accurate</span> <span class='ocrx_word' id='word_1_257' title='bbox 505 1873 518 1887; x_wconf 90' lang='lat'>‚</span> <span class='ocrx_word' id='word_1_258' title='bbox 555 1859 599 1881; x_wconf 84' lang='lat' dir='ltr'>ac</span> <span class='ocrx_word' id='word_1_259' title='bbox 626 1845 802 1893; x_wconf 72' lang='lat' dir='ltr'>ingenue</span> <span class='ocrx_word' id='word_1_260' title='bbox 822 1844 1077 1897; x_wconf 84' lang='lat' dir='ltr'>exploremus</span> <span class='ocrx_word' id='word_1_261' title='bbox 1093 1874 1105 1890; x_wconf 89' lang='lat'><strong><em>,</em></strong></span> <span class='ocrx_word' id='word_1_262' title='bbox 1138 1839 1409 1882; x_wconf 85' lang='lat' dir='ltr'>Referendarii</span> <span class='ocrx_word' id='word_1_263' title='bbox 1430 1855 1583 1882; x_wconf 84' lang='lat' dir='ltr'>munus</span> 
     </span>
     <span class='ocr_line' id='line_1_28' title="bbox 99 1897 1582 1953; baseline -0.005 -12"><span class='ocrx_word' id='word_1_264' title='bbox 99 1915 159 1944; x_wconf 85' lang='lat' dir='ltr'>est</span> <span class='ocrx_word' id='word_1_265' title='bbox 174 1933 186 1950; x_wconf 84' lang='lat'><strong>,</strong></span> <span class='ocrx_word' id='word_1_266' title='bbox 214 1901 374 1941; x_wconf 79' lang='lat' dir='ltr'>Causae</span> <span class='ocrx_word' id='word_1_267' title='bbox 394 1898 545 1939; x_wconf 84' lang='lat' dir='ltr'>factum</span> <span class='ocrx_word' id='word_1_268' title='bbox 558 1927 571 1944; x_wconf 91' lang='lat'>,</span> <span class='ocrx_word' id='word_1_269' title='bbox 589 1911 626 1938; x_wconf 92' lang='lat' dir='ltr'>et</span> <span class='ocrx_word' id='word_1_270' title='bbox 645 1897 906 1953; x_wconf 78' lang='lat' dir='ltr'>Litiganti-urn</span> <span class='ocrx_word' id='word_1_271' title='bbox 922 1899 1011 1953; x_wconf 78' lang='lat' dir='ltr'>jura</span> <span class='ocrx_word' id='word_1_272' title='bbox 1028 1899 1260 1941; x_wconf 76' lang='lat' dir='ltr'>summatim</span> <span class='ocrx_word' id='word_1_273' title='bbox 1278 1898 1417 1939; x_wconf 88' lang='lat' dir='ltr'>referre</span> <span class='ocrx_word' id='word_1_274' title='bbox 1435 1928 1449 1946; x_wconf 85' lang='grc'>,</span> <span class='ocrx_word' id='word_1_275' title='bbox 1467 1899 1582 1952; x_wconf 73' lang='lat' dir='ltr'>quid.</span> 
     </span>
     <span class='ocr_line' id='line_1_29' title="bbox 97 1954 1579 2015; baseline -0.003 -15"><span class='ocrx_word' id='word_1_276' title='bbox 97 1973 176 2015; x_wconf 87' lang='lat' dir='ltr'>que</span> <span class='ocrx_word' id='word_1_277' title='bbox 195 1958 272 2013; x_wconf 88' lang='lat' dir='ltr'>ipse</span> <span class='ocrx_word' id='word_1_278' title='bbox 291 1954 391 2010; x_wconf 84' lang='lat' dir='ltr'>juris</span> <span class='ocrx_word' id='word_1_279' title='bbox 408 1966 570 1994; x_wconf 84' lang='lat' dir='ltr'>censeat</span> <span class='ocrx_word' id='word_1_280' title='bbox 585 1983 598 2000; x_wconf 88' lang='lat'>‚</span> <span class='ocrx_word' id='word_1_281' title='bbox 625 1957 839 2007; x_wconf 84' lang='lat' dir='ltr'>requisitus</span> <span class='ocrx_word' id='word_1_282' title='bbox 854 1986 866 2001; x_wconf 83' lang='grc'>,</span> <span class='ocrx_word' id='word_1_283' title='bbox 893 1957 1027 2009; x_wconf 43' lang='lat' dir='ltr'>palam*</span> <span class='ocrx_word' id='word_1_284' title='bbox 1041 1957 1169 1996; x_wconf 77' lang='lat' dir='ltr'>facere</span> <span class='ocrx_word' id='word_1_285' title='bbox 1189 1984 1199 1994; x_wconf 90' lang='lat'><strong>.</strong></span> <span class='ocrx_word' id='word_1_286' title='bbox 1230 1958 1452 1995; x_wconf 79' lang='lat' dir='ltr'>Erroneam</span> <span class='ocrx_word' id='word_1_287' title='bbox 1472 1957 1579 1999; x_wconf 79' lang='lat' dir='ltr'>hanc</span> 
     </span>
     <span class='ocr_line' id='line_1_30' title="bbox 98 2010 1578 2074; baseline -0.001 -16"><span class='ocrx_word' id='word_1_288' title='bbox 98 2014 412 2074; x_wconf 82' lang='lat' dir='ltr'>propositionem</span> <span class='ocrx_word' id='word_1_289' title='bbox 446 2011 488 2051; x_wconf 90' lang='lat' dir='ltr'>in</span> <span class='ocrx_word' id='word_1_290' title='bbox 508 2010 597 2052; x_wconf 88' lang='lat' dir='ltr'>foro</span> <span class='ocrx_word' id='word_1_291' title='bbox 632 2011 827 2067; x_wconf 85' lang='lat' dir='ltr'>irrepsisse</span> <span class='ocrx_word' id='word_1_292' title='bbox 849 2041 860 2059; x_wconf 88' lang='lat'>‚</span> <span class='ocrx_word' id='word_1_293' title='bbox 885 2013 1084 2054; x_wconf 82' lang='lat' dir='ltr'>credimus</span> <span class='ocrx_word' id='word_1_294' title='bbox 1117 2013 1310 2062; x_wconf 81' lang='lat' dir='ltr'>libenter,</span> <span class='ocrx_word' id='word_1_295' title='bbox 1340 2029 1361 2054; x_wconf 82' lang='lat' dir='ltr'>a</span> <span class='ocrx_word' id='word_1_296' title='bbox 1378 2015 1578 2057; x_wconf 84' lang='lat' dir='ltr'>sententia</span> 
     </span>
    </p>

    <p class='ocr_par' dir='ltr' id='par_1_7' title="bbox 65 2069 1613 2602">
     <span class='ocr_line' id='line_1_31' title="bbox 77 2069 1580 2123; baseline -0.001 -6"><span class='ocrx_word' id='word_1_297' title='bbox 77 2073 319 2121; x_wconf 79' lang='lat' dir='ltr'>,Glosatoris</span> <span class='ocrx_word' id='word_1_298' title='bbox 350 2071 391 2112; x_wconf 85' lang='lat' dir='ltr'>in</span> <span class='ocrx_word' id='word_1_299' title='bbox 424 2070 656 2112; x_wconf 70' lang='lat' dir='ltr'>Anthemica</span> <span class='ocrx_word' id='word_1_300' title='bbox 672 2072 717 2110; x_wconf 82' lang='lat' dir='ltr'>cle</span> <span class='ocrx_word' id='word_1_301' title='bbox 751 2069 1034 2122; x_wconf 78' lang='lat' dir='ltr'>Referendariis</span> <span class='ocrx_word' id='word_1_302' title='bbox 1061 2072 1173 2114; x_wconf 76' lang='lat' dir='ltr'>Sacri</span> <span class='ocrx_word' id='word_1_303' title='bbox 1201 2071 1340 2120; x_wconf 63' lang='lat' dir='ltr'>Palatii</span> <span class='ocrx_word' id='word_1_304' title='bbox 1354 2104 1367 2123; x_wconf 82' lang='grc'>,</span> <span class='ocrx_word' id='word_1_305' title='bbox 1399 2073 1471 2114; x_wconf 86' lang='lat' dir='ltr'>ubi</span> <span class='ocrx_word' id='word_1_306' title='bbox 1505 2076 1580 2116; x_wconf 81' lang='lat' dir='ltr'>sub</span> 
     </span>
     <span class='ocr_line' id='line_1_32' title="bbox 100 2128 1580 2189; baseline -0.003 -10"><span class='ocrx_word' id='word_1_307' title='bbox 100 2139 222 2179; x_wconf 86' lang='lat' dir='ltr'>verbo</span> <span class='ocrx_word' id='word_1_308' title='bbox 258 2128 522 2185; x_wconf 76' lang='lat' dir='ltr'>Referendarii</span> <span class='ocrx_word' id='word_1_309' title='bbox 556 2129 699 2186; x_wconf 60' lang='lat' dir='ltr'>legitur</span> <span class='ocrx_word' id='word_1_310' title='bbox 727 2144 738 2170; x_wconf 88' lang='lat'>:</span> <span class='ocrx_word' id='word_1_311' title='bbox 775 2141 864 2171; x_wconf 80' lang='lat' dir='ltr'>sunt</span> <span class='ocrx_word' id='word_1_312' title='bbox 887 2139 1015 2170; x_wconf 80' lang='lat' dir='ltr'>autem</span> <span class='ocrx_word' id='word_1_313' title='bbox 1055 2129 1319 2183; x_wconf 80' lang='lat' dir='ltr'>Referendarli</span> <span class='ocrx_word' id='word_1_314' title='bbox 1348 2164 1361 2181; x_wconf 89' lang='lat'>,</span> <span class='ocrx_word' id='word_1_315' title='bbox 1391 2133 1457 2189; x_wconf 81' lang='lat' dir='ltr'>qui</span> <span class='ocrx_word' id='word_1_316' title='bbox 1487 2143 1580 2174; x_wconf 77' lang='lat' dir='ltr'>sunt</span> 
     </span>
     <span class='ocr_line' id='line_1_33' title="bbox 100 2184 1613 2246; baseline -0.004 -10"><span class='ocrx_word' id='word_1_317' title='bbox 100 2192 295 2236; x_wconf 72' lang='lat' dir='ltr'>Advocati</span> <span class='ocrx_word' id='word_1_318' title='bbox 322 2191 362 2232; x_wconf 84' lang='lat' dir='ltr'>in</span> <span class='ocrx_word' id='word_1_319' title='bbox 382 2189 498 2231; x_wconf 82' lang='lat' dir='ltr'>Curia</span> <span class='ocrx_word' id='word_1_320' title='bbox 514 2188 701 2244; x_wconf 82' lang='lat' dir='ltr'>Principis</span> <span class='ocrx_word' id='word_1_321' title='bbox 719 2220 731 2238; x_wconf 81' lang='lat'><strong>,</strong></span> <span class='ocrx_word' id='word_1_322' title='bbox 756 2188 853 2230; x_wconf 82' lang='lat' dir='ltr'>dicti</span> <span class='ocrx_word' id='word_1_323' title='bbox 870 2204 921 2230; x_wconf 79' lang='lat' dir='ltr'>ex</span> <span class='ocrx_word' id='word_1_324' title='bbox 952 2205 994 2230; x_wconf 79' lang='lat' dir='ltr'>eo</span> <span class='ocrx_word' id='word_1_325' title='bbox 1012 2189 1100 2246; x_wconf 73' lang='lat' dir='ltr'>quia</span> <span class='ocrx_word' id='word_1_326' title='bbox 1118 2190 1291 2243; x_wconf 80' lang='lat' dir='ltr'>referunt</span> <span class='ocrx_word' id='word_1_327' title='bbox 1323 2191 1423 2234; x_wconf 82' lang='lat' dir='ltr'>vices</span> <span class='ocrx_word' id='word_1_328' title='bbox 1454 2190 1579 2233; x_wconf 68' lang='lat' dir='ltr'>lromz&#39;-</span> <span class='ocrx_word' id='word_1_329' title='bbox 1603 2184 1613 2192; x_wconf 69' lang='grc'><strong><em>”</em></strong></span> 
     </span>
     <span class='ocr_line' id='line_1_34' title="bbox 65 2248 1578 2307; baseline -0.002 -13"><span class='ocrx_word' id='word_1_330' title='bbox 65 2292 69 2294; x_wconf 71' lang='grc'>,</span> <span class='ocrx_word' id='word_1_331' title='bbox 101 2268 191 2294; x_wconf 85' lang='lat' dir='ltr'>num</span> <span class='ocrx_word' id='word_1_332' title='bbox 219 2266 345 2294; x_wconf 82' lang='lat' dir='ltr'>coram</span> <span class='ocrx_word' id='word_1_333' title='bbox 363 2248 538 2304; x_wconf 75' lang='lat' dir='ltr'>Principe</span> <span class='ocrx_word' id='word_1_334' title='bbox 555 2278 568 2297; x_wconf 84' lang='lat'><strong><em>,</em></strong></span> <span class='ocrx_word' id='word_1_335' title='bbox 596 2259 638 2289; x_wconf 77' lang='grc' dir='ltr'>ιιι</span> <span class='ocrx_word' id='word_1_336' title='bbox 653 2248 694 2305; x_wconf 58' lang='lat' dir='ltr'>ff.</span> <span class='ocrx_word' id='word_1_337' title='bbox 715 2250 901 2303; x_wconf 79' lang='lat' dir='ltr'>quomodo</span> <span class='ocrx_word' id='word_1_338' title='bbox 933 2258 1077 2305; x_wconf 79' lang='lat' dir='ltr'>oportet</span> <span class='ocrx_word' id='word_1_339' title='bbox 1111 2249 1292 2305; x_wconf 76' lang='lat' dir='ltr'>Episcop.</span> <span class='ocrx_word' id='word_1_340' title='bbox 1313 2249 1356 2307; x_wconf 71' lang='lat'>§-</span> <span class='ocrx_word' id='word_1_341' title='bbox 1377 2266 1453 2293; x_wconf 81' lang='lat' dir='ltr'>non</span> <span class='ocrx_word' id='word_1_342' title='bbox 1467 2250 1578 2292; x_wconf 75' lang='lat' dir='ltr'>aliter</span> 
     </span>
     <span class='ocr_line' id='line_1_35' title="bbox 103 2307 1576 2366; baseline -0.001 -15"><span class='ocrx_word' id='word_1_343' title='bbox 103 2310 260 2366; x_wconf 76' lang='lat' dir='ltr'>influe,</span> <span class='ocrx_word' id='word_1_344' title='bbox 296 2308 461 2352; x_wconf 80' lang='lat' dir='ltr'>eteriam</span> <span class='ocrx_word' id='word_1_345' title='bbox 491 2307 533 2347; x_wconf 87' lang='lat' dir='ltr'>in</span> <span class='ocrx_word' id='word_1_346' title='bbox 551 2307 769 2347; x_wconf 74' lang='lat' dir='ltr'>authentica</span> <span class='ocrx_word' id='word_1_347' title='bbox 806 2309 992 2362; x_wconf 73' lang='lat' dir='ltr'>quomodo</span> <span class='ocrx_word' id='word_1_348' title='bbox 1020 2318 1192 2364; x_wconf 82' lang='lat' dir='ltr'>oporteat</span> <span class='ocrx_word' id='word_1_349' title='bbox 1228 2310 1442 2366; x_wconf 80' lang='lat' dir='ltr'>Episcopos</span> <span class='ocrx_word' id='word_1_350' title='bbox 1468 2308 1576 2365; x_wconf 66' lang='lat' dir='ltr'>§.Si</span> 
     </span>
     <span class='ocr_line' id='line_1_36' title="bbox 104 2365 1574 2425; baseline -0.002 -15"><span class='ocrx_word' id='word_1_351' title='bbox 104 2369 187 2425; x_wconf 72' lang='lat' dir='ltr'>quis</span> <span class='ocrx_word' id='word_1_352' title='bbox 207 2398 217 2408; x_wconf 92' lang='lat'><strong>.</strong></span> <span class='ocrx_word' id='word_1_353' title='bbox 251 2365 542 2422; x_wconf 76' lang='lat' dir='ltr'>Referendam‘i‚</span> <span class='ocrx_word' id='word_1_354' title='bbox 572 2366 638 2421; x_wconf 82' lang='lat' dir='ltr'>qui</span> <span class='ocrx_word' id='word_1_355' title='bbox 652 2377 755 2407; x_wconf 81' lang='lat' dir='ltr'>stant</span> <span class='ocrx_word' id='word_1_356' title='bbox 771 2365 811 2405; x_wconf 81' lang='lat' dir='ltr'>in</span> <span class='ocrx_word' id='word_1_357' title='bbox 831 2365 974 2415; x_wconf 79' lang='lat' dir='ltr'>Curia,</span> <span class='ocrx_word' id='word_1_358' title='bbox 1014 2367 1261 2422; x_wconf 61' lang='lat' dir='ltr'>ut‘praestent</span> <span class='ocrx_word' id='word_1_359' title='bbox 1287 2366 1574 2409; x_wconf 81' lang='lat' dir='ltr'>advocationem</span> 
     </span>
     <span class='ocr_line' id='line_1_37' title="bbox 103 2422 1576 2474; baseline -0.001 -6"><span class='ocrx_word' id='word_1_360' title='bbox 103 2426 358 2474; x_wconf 75' lang='lat' dir='ltr'>venientibus,</span> <span class='ocrx_word' id='word_1_361' title='bbox 387 2437 428 2467; x_wconf 75' lang='lat' dir='ltr'>tat</span> <span class='ocrx_word' id='word_1_362' title='bbox 446 2425 548 2466; x_wconf 75' lang='lat' dir='ltr'>dicta</span> <span class='ocrx_word' id='word_1_363' title='bbox 568 2437 694 2465; x_wconf 82' lang='lat' dir='ltr'>eorum</span> <span class='ocrx_word' id='word_1_364' title='bbox 715 2422 883 2474; x_wconf 81' lang='lat' dir='ltr'>referant</span> <span class='ocrx_word' id='word_1_365' title='bbox 898 2453 907 2463; x_wconf 87' lang='lat'><strong>.</strong></span> <span class='ocrx_word' id='word_1_366' title='bbox 940 2427 1182 2466; x_wconf 85' lang='lat' dir='ltr'>Nostrarum</span> <span class='ocrx_word' id='word_1_367' title='bbox 1203 2426 1423 2467; x_wconf 83' lang='lat' dir='ltr'>forensium</span> <span class='ocrx_word' id='word_1_368' title='bbox 1442 2440 1576 2467; x_wconf 88' lang='lat' dir='ltr'>rerum</span> 
     </span>
     <span class='ocr_line' id='line_1_38' title="bbox 104 2482 1575 2542; baseline 0 -16"><span class='ocrx_word' id='word_1_369' title='bbox 104 2485 218 2542; x_wconf 88' lang='lat' dir='ltr'>periti</span> <span class='ocrx_word' id='word_1_370' title='bbox 241 2485 522 2527; x_wconf 81' lang='lat' dir='ltr'>existimarunt</span> <span class='ocrx_word' id='word_1_371' title='bbox 542 2515 555 2533; x_wconf 81' lang='grc'>,</span> <span class='ocrx_word' id='word_1_372' title='bbox 599 2483 640 2522; x_wconf 86' lang='lat' dir='ltr'>in</span> <span class='ocrx_word' id='word_1_373' title='bbox 661 2482 1033 2525; x_wconf 77' lang='lat' dir='ltr'>commissionibus</span> <span class='ocrx_word' id='word_1_374' title='bbox 1050 2512 1062 2530; x_wconf 87' lang='lat'><strong>,</strong></span> <span class='ocrx_word' id='word_1_375' title='bbox 1098 2498 1201 2539; x_wconf 90' lang='lat' dir='ltr'>quae</span> <span class='ocrx_word' id='word_1_376' title='bbox 1230 2499 1252 2525; x_wconf 85' lang='lat' dir='ltr'>a</span> <span class='ocrx_word' id='word_1_377' title='bbox 1283 2484 1575 2526; x_wconf 82' lang='lat' dir='ltr'>Referendariis</span> 
     </span>
     <span class='ocr_line' id='line_1_39' title="bbox 97 2539 1572 2602; baseline 0 -17"><span class='ocrx_word' id='word_1_378' title='bbox 97 2539 407 2602; x_wconf 78' lang='lat' dir='ltr'>proponuntur,</span> <span class='ocrx_word' id='word_1_379' title='bbox 424 2542 529 2584; x_wconf 80' lang='lat' dir='ltr'>idem</span> <span class='ocrx_word' id='word_1_380' title='bbox 546 2541 628 2584; x_wconf 72' lang='lat' dir='ltr'>fere</span> <span class='ocrx_word' id='word_1_381' title='bbox 650 2556 730 2585; x_wconf 86' lang='lat' dir='ltr'>esse</span> <span class='ocrx_word' id='word_1_382' title='bbox 757 2541 939 2599; x_wconf 80' lang='lat' dir='ltr'>ipsorum</span> <span class='ocrx_word' id='word_1_383' title='bbox 957 2557 1108 2584; x_wconf 87' lang='lat' dir='ltr'>munus</span> <span class='ocrx_word' id='word_1_384' title='bbox 1120 2573 1136 2594; x_wconf 87' lang='lat'><em>,</em></span> <span class='ocrx_word' id='word_1_385' title='bbox 1168 2556 1213 2586; x_wconf 75' lang='lat' dir='ltr'>ac</span> <span class='ocrx_word' id='word_1_386' title='bbox 1229 2543 1535 2589; x_wconf 77' lang='lat' dir='ltr'>Advocatorum</span> <span class='ocrx_word' id='word_1_387' title='bbox 1558 2557 1572 2591; x_wconf 87' lang='lat'>;</span> 
     </span>
    </p>

    <p class='ocr_par' dir='ltr' id='par_1_8' title="bbox 497 2612 1572 2648">
     <span class='ocr_line' id='line_1_40' title="bbox 497 2612 1572 2648; baseline -0.002 -4"><span class='ocrx_word' id='word_1_388' title='bbox 497 2612 507 2622; x_wconf 76' lang='lat'>&#39;</span> <span class='ocrx_word' id='word_1_389' title='bbox 1472 2612 1572 2648; x_wconf 50' lang='lat' dir='ltr'>atta}</span> 
     </span>
    </p>
   </div>
  </div>
 </body>
</html>
