2075 3167
443 323 500 382 76
724 328 799 370 DE
830 328 968 383 June
1001 331 1347 376 stoNATURAE
1379 331 1637 388 JUSTlTIAE

429 390 538 434 'rum
558 399 802 430 concursum
832 390 1077 447 respiciunt,
1100 394 1221 436 unica
1248 408 1405 436 tanturn
1430 393 1600 451 propina
1622 390 1817 448 exigenda
1837 403 1909 442 est,

445 444 587 488 habito
619 459 750 489 tamen
782 464 958 507 respectu
977 453 1028 494 ad
1046 451 1237 509 integram
1257 469 1452 496 summam
1472 482 1484 501 ,
1512 467 1548 494 et
1566 451 1757 496 solvenda
1774 464 1905 493 tamen

443 515 499 546 est
527 506 600 563 pro
623 519 705 547 rata
725 509 774 550 ab
793 510 981 552 omnibus
1001 510 1283 555 Creditoribus
1303 543 1313 554 .

576 565 760 621 Quando
784 582 918 611 autem
944 569 1265 614 Commissiones
1297 568 1780 619 contineantclausulam,
1793 572 1905 614 docto

446 619 496 663 He
511 636 740 681 paupertate
774 628 887 670 unius
903 643 954 670 ex
971 629 1271 688 collitz‘gantilms
1282 633 1415 678 Iudex
1428 631 1614 687 procedat
1632 629 1772 683 absque
1803 631 1907 671 Solu-

447 681 549 728 tione
576 684 830 740 sportularum
855 717 867 736 ‚
905 704 968 730 seu
981 690 1184 746 propinae,
1208 690 1318 731 nullo
1337 691 1459 732 modo
1485 686 1906 747 possuntCommissa-

444 738 494 779 rii
516 741 676 793 Judices
695 744 847 801 exigere
863 749 1062 805 sportulas
1079 783 1091 799 ‚
1125 765 1194 791 seu
1215 750 1430 806 propinatu
1450 750 1500 791 ab
1527 748 1604 788 ulla
1629 762 1676 788 ex
1696 747 1878 803 partibus
1893 778 1906 798 ,

441 801 628 849 quamvis
659 802 782 845 divite
802 835 814 853 ,
853 820 924 849 aut
939 810 1081 865 sponte
1101 809 1219 851 dante
1242 824 1252 857 ;
1286 807 1594 851 renunciatione
1613 805 1776 848 demum
1801 807 1906 872 fac-ta

437 855 499 908 ‘liti
521 890 534 908 ,
562 861 708 903 eisdem
735 863 945 909 ,Iudicibus
965 883 1049 909 non
1068 869 1155 910 licet
1176 867 1401 923 quidquam
1422 866 1591 930 recipere
1615 879 1688 920 pro
1707 865 1906 922 sportulis,

435 930 508 965 *seu
530 921 699 976 propina
723 950 735 968 ‚
767 926 841 965 sub
857 926 1001 978 quovis
1019 939 1224 981 praetextu
1241 925 1359 967 ctiam
1381 924 1596 967 taxationis
1621 937 1904 987 expensarum,

439 978 603 1019 sublatis
619 1009 632 1026 ‚
661 994 705 1020 ac
724 982 884 1034 penitus
904 983 1101 1026 revocatis
1120 999 1380 1040 quocumque
1397 985 1564 1041 »decreto
1597 993 1718 1046 etiarn
1743 983 1872 1046 Iffotae
1888 1013 1903 1034 ,

438 1046 514 1075 usu
532 1054 544 1081 ‚-
585 1049 656 1076 seu
675 1039 970 1081 consuetudine
992 1042 1193 1084 contraria
1211 1073 1224 1092 ,
1258 1054 1296 1083 et
1311 1042 1638 1097 quibuscumque
1653 1038 1737 1082 alus
1754 1054 1794 1081 m
1809 1055 1903 1082 con.

437 1093 604 1136 trarium
623 1094 869 1138 facientibus
893 1128 902 1137 .
1355 1142 1361 1149 ,

552 1154 609 1195 At
632 1155 733 1208 quid
767 1156 971 1211 agendum
1000 1160 1049 1201 sit
1066 1188 1078 1208 ‚
1113 1160 1323 1204 videamus
1355 1171 1511 1216 oportet
1537 1186 1551 1204 2
1575 1158 1756 1220 ‚quando
1785 1172 1868 1200 una
1887 1190 1901 1211 2

433 1210 494 1253 vel
529 1212 645 1255 altera
665 1227 757 1269 pars
776 1216 1038 1259 recusationis
1065 1220 1266 1273 querelam
1285 1215 1672 1265 adversusJudsscem
1699 1216 1902 1282 Commis-

434 1270 585 1311 sarium
621 1285 844 1327 proponere
862 1275 984 1324 velit,
1013 1277 1093 1319 sive
1110 1293 1335 1334 suspectum
1362 1280 1535 1323 habeat;
1567 1285 1665 1314 tunc
1698 1288 1805 1315 ²²-anss
1823 1306 1836 1324 ,
1867 1278 1901 1318 εἰ

434 1329 637 1384 appellans
663 1329 833 1372 emiserit
861 1329 942 1383 jam
958 1334 1188 1377 citationem
1205 1338 1260 1379 ad
1276 1336 1498 1379 dicendum
1533 1345 1674 1374 contra
1695 1332 1902 1377 Commis-

433 1385 586 1429 sionem
603 1420 614 1437 ,
647 1400 683 1429 et
700 1388 820 1431 fuerit
846 1390 1004 1447 elapsus
1025 1394 1163 1436 tertius
1179 1396 1263 1438 dies
1281 1425 1293 1444 ,
1321 1395 1404 1436 ullo
1423 1407 1540 1450 pacto
1557 1393 1607 1433 ab
1641 1392 1727 1448 ipso
1745 1407 1901 1436 recusa-

432 1443 614 1498 riJudex
650 1462 734 1487 non
768 1460 928 1503 potest,
956 1465 1049 1493 narn
1069 1456 1322 1506 approbatus
1350 1466 1559 1497 censetur,
1594 1463 1632 1491 et
1652 1451 1898 1495 commissio

432 1505 658 1548 communis
680 1503 815 1548 effecta
834 1523 848 1557 ;
890 1522 927 1551 et
946 1508 1049 1552 idern
1079 1511 1300 1555 dicendum
1333 1513 1381 1554 de
1417 1510 1609 1569 appellato
1624 1540 1637 1558 2
1670 1510 1702 1550 Si
1720 1541 1733 1558 2
1767 1513 1900 1568 appel-

432 1561 578 1606 lantem
608 1565 937 1622 praeveniendo,
970 1568 1073 1612 dicta
1095 1584 1183 1613 acta
1214 1570 1425 1625 judicialia
1459 1583 1576 1626 agat3
1610 1582 1648 1610 et
1679 1582 1803 1625 prout
1834 1570 1896 1612 ille

432 1634 524 1664 ante
564 1624 766 1666 citationis
793 1627 1110 1680 exequutionem
1144 1645 1324 1674 recusare
1355 1630 1538 1684 Judicem
1569 1640 1697 1686 potest
1727 1659 1741 1677 ‚
1770 1629 1826 1670 ita
1860 1644 1898 1678 et

432 1678 500 1722 iste
518 1712 532 1729 ,
568 1683 639 1738 qui
657 1714 670 1733 ‚
701 1683 732 1724 si
769 1683 912 1727 citatus
951 1687 1073 1730 fuerit
1106 1688 1158 1730 ad
1193 1690 1395 1733 dicendum
1431 1699 1561 1732 contra
1585 1716 1599 1733 2
1635 1699 1761 1752 potest
1780 1688 1800 1740 J
1808 1688 1897 1729 Udi·

431 1753 513 1781 cem
530 1740 698 1785 electum
717 1741 880 1800 allegare
901 1759 1151 1803 suspectum:
1185 1762 1394 1808 eapropter
1410 1750 1454 1792 fit
1470 1745 1703 1807 protestatio
1737 1761 1783 1787 m
1798 1748 1898 1796 Bro—

426 1796 546 1843 liardo
578 1828 590 1841 0

833 1861 842 1863 ⁴
873 1864 950 1907 Dt'e
964 1868 1020 1908 N.
1040 1867 1179 1911 mensis
1195 1868 1254 1911 N.
1281 1869 1378 1911 anni
1390 1870 1449 1912 N.

486 1921 560 1961 Pro
581 1919 637 1960 D.
651 1921 708 1960 N.
724 1933 857 1964 contra
890 1926 948 1966 D.
965 1927 1021 1966 N.
1042 1927 1098 1967 N.

545 1977 590 2018 In
615 1977 748 2029 Officio
773 1979 850 2020 mei
866 1992 940 2023 etc.
963 1986 1178 2042 comparuit
1211 1985 1268 2025 D.
1291 1984 1351 2025 N.
1371 1985 1427 2026 N.
1466 1984 1696 2026 Procurator
1712 2011 1726 2031 ‚
1757 1993 1795 2024 et
1810 1998 1911 2030 me-.

427 2033 489 2076 dio
503 2032 728 2085 juramento
750 2038 863 2081 tactis
879 2050 952 2083 etc.
970 2043 1152 2101 allegavit
1164 2057 1379 2098 suspectum
1398 2075 1411 2093 ,
1440 2040 1762 2098 suspectissimum
1780 2044 1826 2083 R.
1843 2045 1888 2085 P.

425 2094 480 2133 D.
504 2095 560 2134 N.
598 2094 755 2152 ideoque
767 2109 1010 2153 protestatus
1030 2101 1115 2154 fuit
1133 2101 1327 2156 Jzz'ln'lfieri
1346 2131 1359 2149 ,
1392 2101 1471 2143 nisi
1486 2101 1715 2144 concordam
1751 2103 1798 2142 de
1815 2102 1888 2146 alio

411 2150 553 2205 judice
574 2182 586 2200 ,
617 2155 714 2196 alias
738 2156 783 2195 cle
798 2156 974 2197 nullitate
992 2169 1066 2200 etc.
1080 2168 1216 2215 petens
1249 2172 1320 2201 etc.
1337 2161 1444 2202 omni
1457 2171 1528 2202 etc.

540 2211 590 2255 Et
608 2213 752 2254 deinde
781 2214 833 2255 ab
850 2227 898 2254 eo
915 2245 928 2263 ,
964 2216 1080 2271 cujus
1099 2217 1274 2267 interest,
1292 2233 1455 2261 causam
1481 2218 1644 2261 celerius
1661 2217 1831 2268 definiri,
1850 2232 1888 2264 et

425 2283 630 2326 eapropter
645 2271 697 2311 ad
715 2270 904 2313 ulteriora
926 2269 1091 2330 procedi
1110 2307 1123 2324 ,
1157 2276 1201 2319 fit
1217 2291 1391 2332 sequens
1416 2279 1550 2321 citatio
1576 2293 1710 2319 coram
1736 2279 1886 2336 Regen-

424 2339 458 2369 te
487 2327 790 2378 Ca-ncellariae,
824 2346 893 2386 per
927 2346 1014 2375 acta
1034 2333 1211 2389 ejusdem
1228 2337 1386 2378 Notarii
1420 2335 1736 2380 officiiArchivii
1755 2365 1764 2375 ,

718 2388 766 2430 R.
787 2389 831 2429 P.
853 2389 911 2430 D.
930 2390 1100 2448 Regente
1127 2392 1382 2437 cancellariae
1406 2396 1485 2438 sive
1503 2407 1574 2438 etc-

959 2451 1157 2507 Nepesina
1187 2452 1299 2495 Dotis
1328 2485 1337 2493 .

544 2501 575 2542 C
574 2502 688 2544 itetur
704 2506 762 2548 D.
784 2508 839 2547 N.
860 2511 921 2551 N.
936 2523 989 2550 ex
1004 2511 1162 2552 adverso
1176 2512 1408 2554 Procurator
1424 2524 1590 2555 assertus
1610 2514 1662 2553 D.
1680 2514 1732 2555 N.
1758 2513 1802 2552 N
1805 2543 1814 2552 -
1832 2527 1884 2556 ex

416 2562 576 2604 adverso
593 2562 829 2621 Principalis
851 2570 907 2611 ad
923 2569 1228 2620 concordandum
1256 2573 1302 2612 de
1317 2572 1391 2614 alio
1408 2572 1545 2621 Iudice
1575 2574 1616 2615 in
1633 2572 1884 2672 manig-15.
