1952 3167
318 328 369 363 44
686 313 750 348 DE
776 313 887 356 JURE
916 312 1198 350 SIGNATURAE
1224 313 1438 355 JUSTITIAE

324 363 377 400 rit*
399 361 579 403 attentari3
606 363 765 407 quocirca
792 362 923 398 dilectis
948 363 1024 398 filiis
1044 363 1165 398 nostris
1186 364 1336 403 eiusdem
1366 364 1399 397 S.
1418 362 1461 397 R.
1477 361 1514 396 E.
1531 362 1805 398 Vite-Cancella-

321 413 373 449 rio
392 437 401 453 ‚
430 422 462 448 et
478 411 676 446 Camerario
693 436 703 452 ‚
735 420 768 446 et
786 413 974 447 Causarum
994 412 1111 447 Curiae
1134 413 1286 450 Camerae
1302 410 1506 457 Apostolicae
1525 411 1683 447 Generali
1697 412 1804 447 Audi-

313 462 390 498 ·tori
420 473 480 507 per
493 469 664 506 praesentes
700 469 790 496 motu
822 461 893 506 pari
909 461 1182 501 committimus,
1212 471 1244 495 et
1276 461 1497 497 mandamus,
1523 469 1686 504 quatenus
1720 462 1806 506 ipsi,

316 511 376 547 ·vel
392 513 460 546 duo
475 535 485 551 ,
519 519 575 544 aut
595 522 680 544 unus
697 522 817 544 corum
834 522 894 555 per
908 521 941 544 se
959 533 968 548 ,
995 509 1048 543 vel
1074 510 1175 543 alium
1196 532 1206 547 ,
1233 520 1290 542 seu
1309 507 1394 541 alios
1423 508 1552 541 easdem
1580 519 1754 552 praesentes
1771 509 1809 544 li..

323 570 437 599 teras,
460 559 554 594 etin
574 559 620 593 eis
649 567 804 593 contenta
821 569 1041 604 quaecumque
1070 558 1125 591 ubi
1146 581 1155 597 ‚
1187 565 1221 591 et
1247 558 1382 601 quando
1399 567 1483 601 opus
1509 555 1638 596 fuerit,
1669 567 1701 592 et
1726 571 1807 604 quo.

324 610 384 644 ties
402 619 460 654 pro
491 616 584 653 parte
615 607 854 651 pra-dictorum
891 606 1117 645 Votantium‚
1146 617 1204 640 seu
1229 605 1368 645 alicujus
1397 616 1540 645 eorum,
1578 604 1630 640 vel
1664 605 1810 642 aliorum

312 658 484 693 <interesse
514 657 545 690 in
565 656 743 701 praemissis
759 667 820 702 pro
834 665 988 701 tempore
1015 655 1209 690 habentium
1238 656 1385 699 desuper
1411 654 1537 689 fuerint
1563 654 1808 700 requisiti,so-

323 706 482 742 lemniter
508 703 716 751 publicantes
736 729 746 745 ,
776 703 910 751 illisque
943 705 973 739 in
988 702 1166 749 praemissis
1196 703 1338 738 efficacis
1365 703 1565 738 defensionis
1596 702 1750 749 praesidio
1768 715 1812 738 as-

322 756 474 791 sistentes
491 779 500 795 ,
529 753 651 789 faciant
683 754 887 790 auctoritate
907 763 1020 789 nostra
1048 753 1132 797 ipsas
1163 761 1341 798 praesentes
1358 752 1471 787 literas
1484 776 1494 793 ,
1512 761 1545 787 et
1563 753 1592 787 in
1614 752 1661 787 eis
1676 761 1814 788 conten-

323 813 356 840 ta
385 803 581 844 huiusmodi
611 805 651 838 ab
671 804 854 843 omnibus,
888 811 920 837 et
950 802 1114 847 singulis,
1144 803 1185 837 ad
1215 813 1299 848 quos
1327 810 1481 846 spectat,
1510 810 1543 836 et
1570 814 1632 848 pro
1660 811 1812 847 tempore

321 854 488 899 spectabit
522 851 763 888 inviolabiliter
776 852 973 892 observari,
1004 852 1161 897 ipsosque
1178 851 1383 889 modernos,
1412 859 1445 884 et
1475 861 1537 894 pro
1566 859 1720 896 ternpore
1740 849 1813 886 exi-

321 911 447 937 stentes
466 903 627 936 Votantes
645 926 657 941 ‚
677 911 710 936 et
726 902 810 935 alios
825 925 835 941 ‚
864 913 948 946 quos
967 902 1089 936 eaedem
1117 900 1222 935 literae
1245 907 1449 935 concernent
1464 922 1474 938 ,
1501 899 1533 933 in
1560 899 1712 934 futurum
1730 910 1812 943 prae-

320 952 467 985 sentium
496 949 667 983 literarum
687 973 696 987 ‚
714 957 747 982 et
765 949 797 983 in
828 948 873 983 eis
897 957 1132 983 contentorum
1147 973 1158 988 ‚
1184 950 1381 983 eorumdem
1413 948 1620 987 commodo,
1642 957 1673 983 et
1690 947 1813 983 effectu

321 997 464 1043 pacifice
494 995 588 1036 frui,
619 1005 651 1030 et
680 998 850 1041 gaudere,
883 1009 946 1031 non
977 998 1209 1042 permittentes
1242 997 1341 1036 illos,
1371 1008 1429 1032 seu
1465 1007 1584 1032 eorum
1614 996 1808 1042 quempiam

322 1046 474 1091 desuper·
495 1045 754 1090 quomodolibet
785 1045 934 1080 indebite
965 1045 1134 1082 molestari
1157 1070 1167 1086 ,
1197 1045 1410 1091 perturbari,
1437 1045 1641 1092 inquietari,
1665 1045 1721 1081 vel
1753 1045 1813 1081 im-

320 1095 458 1142 pediri3
486 1094 766 1129 Contradictores
791 1094 987 1140 quoslibet,
1019 1105 1052 1130 et
1078 1094 1220 1130 rebelles
1250 1106 1311 1141 per
1337 1095 1514 1130 sententias
1531 1119 1541 1134 ,
1571 1105 1750 1135 censuras,
1777 1101 1813 1129 et

321 1156 434 1190 poenas
462 1143 740 1184 Ecclesiasticas,
769 1144 901 1190 aliaque
930 1153 1123 1190 opportuna
1140 1144 1248 1184 iuris,
1278 1152 1313 1178 et
1338 1143 1419 1179 facti
1448 1144 1596 1179 remedia
1626 1169 1636 1185 ‚
1667 1142 1812 1190 appella-

317 1194 413 1228 tione
426 1193 613 1240 postposita
627 1217 636 1234 ,
653 1193 902 1238 compescendo
918 1218 928 1233 ‚
958 1193 1186 1239 legitimisque
1216 1203 1318 1238 super
1330 1192 1380 1226 his
1397 1193 1558 1227 habendis
1579 1194 1716 1228 servatis
1731 1202 1811 1238 pr0⁶

319 1244 469 1277 cessibus
487 1254 498 1282 3
526 1242 707 1276 sententias
725 1267 735 1282 ,
766 1252 920 1277 censuras
935 1266 945 1282 ,
961 1250 994 1276 et
1010 1253 1123 1286 poenas
1154 1241 1239 1284 ipsas
1253 1264 1267 1280 ,
1293 1240 1393 1275 etiam
1426 1241 1554 1276 iteratis
1583 1243 1715 1276 vicibus
1730 1265 1741 1279 ,
1755 1251 1811 1284 ag-

321 1291 490 1338 gravando
504 1314 515 1331 ‚
550 1290 709 1325 invocato
723 1289 825 1324 etiam
843 1291 883 1324 ad
898 1292 961 1324 hoc
978 1313 989 1330 ‚
1020 1290 1046 1323 si
1063 1301 1148 1333 opus
1165 1289 1268 1324 fuerit
1280 1312 1291 1328 ‚
1306 1288 1435 1322 auxilio
1464 1289 1591 1323 brachii
1625 1287 1786 1323 secularis
1800 1310 1812 1326 ‚

321 1352 386 1376 non
416 1339 626 1375 obstantibus
641 1338 699 1373 fel.
714 1338 914 1374 rec.B0nif.
930 1339 996 1372 PP.
1011 1338 1107 1372 VIII.
1135 1337 1389 1383 praedecessoris
1419 1339 1550 1377 nostri,
1578 1338 1618 1372 de
1636 1349 1700 1372 una
1712 1345 1745 1371 et
1774 1335 1808 1369 in

321 1387 484 1423 Concilio
515 1388 674 1424 Generali
702 1387 790 1422 edita
815 1389 857 1422 de
886 1387 1017 1421 duabus
1047 1386 1172 1427 dietis,
1199 1387 1390 1421 dummodo
1415 1385 1501 1421 ultra
1523 1395 1589 1421 tres
1618 1387 1724 1420 dietas
1752 1383 1814 1419 ali-

305 1438 396 1483 -quis
432 1437 636 1472 auctoritate
652 1436 868 1482 praesentium
897 1435 929 1469 in
956 1435 1124 1474 iudicium
1147 1447 1212 1469 non
1253 1436 1407 1469 trahatur
1434 1457 1444 1472 ‚
1475 1445 1513 1468 ac
1542 1442 1707 1479 quatenus
1723 1444 1812 1477 opus

321 1485 364 1521 sit
387 1486 429 1520 de
449 1485 635 1529 praestando
661 1495 826 1518 consensu
842 1483 874 1517 in
889 1482 1113 1527 paritionibus
1128 1505 1138 1521 ‚
1169 1481 1310 1527 aliisque
1328 1481 1640 1517 Constitutionibus
1654 1505 1664 1520 ‚
1685 1490 1718 1516 et
1745 1481 1814 1515 Or-

304 1533 550 1569 -dinationibus
569 1531 776 1578 Apostolicis
792 1555 802 1571 ‚
830 1542 889 1566 nec
915 1542 981 1565 non
1010 1530 1184 1576 quibusvis
1207 1530 1308 1565 etiam
1333 1531 1549 1571 iuramento,
1578 1529 1810 1564 confirmatio·

317 1594 358 1617 ne
390 1581 609 1627 Apostolica‚
642 1580 697 1614 vel
718 1578 834 1624 quavis
864 1578 1023 1614 firmitate
1039 1580 1101 1614 alia
1121 1579 1289 1613 roboratis
1308 1603 1318 1618 ‚
1345 1579 1478 1612 statutis
1506 1602 1517 1618 ‚
1548 1576 1803 1613 consuetudini-

316 1631 406 1669 bus,
431 1628 625 1674 Privilegiis
652 1639 788 1673 quoque
819 1651 830 1667 ‚
868 1626 1006 1662 indultis
1032 1652 1043 1668 ‚
1075 1637 1108 1662 et
1142 1627 1245 1661 literis
1277 1625 1485 1670 Apostolicis
1526 1626 1559 1661 in
1601 1625 1809 1662 contrarium

316 1677 571 1725 praernissorum
604 1675 865 1723 quomodolibet
896 1677 1061 1711 concessis
1086 1700 1097 1716 ,
1138 1674 1344 1711 confirmatis
1370 1699 1381 1715 ‚
1412 1683 1446 1709 et
1474 1675 1640 1710 innovatis
1674 1699 1684 1709 .
1717 1673 1811 1721 Qi-

315 1729 380 1763 bus
408 1725 590 1766 omnibus,
618 1734 651 1760 et
681 1724 822 1772 singulis
855 1723 991 1760 illorum
1018 1736 1152 1761 tenores
1182 1724 1405 1770 praesentibus
1430 1735 1492 1769 pro
1522 1724 1619 1769 plene
1639 1748 1650 1764 ,
1679 1732 1713 1758 et
1739 1723 1811 1759 suf-

315 1776 470 1813 ficienter
496 1774 686 1820 expressis,
716 1783 749 1810 et
782 1775 820 1809 ad
841 1782 968 1808 textum
996 1773 1154 1813 insertis,
1182 1774 1341 1808 habentes
1357 1795 1368 1812 ,
1386 1771 1451 1808 illis
1480 1773 1558 1809 alias
1581 1776 1612 1808 in
1632 1785 1694 1808 suo
1708 1774 1809 1808 robo-

316 1837 355 1862 re
386 1824 613 1871 permansuris
641 1825 683 1860 ad
713 1823 959 1870 praemissorum
990 1823 1147 1858 effectum
1186 1824 1247 1857 hac
1278 1822 1353 1856 vice
1380 1823 1557 1858 dumtaxat
1585 1821 1805 1868 specialiter,

319 1883 356 1910 et
388 1884 545 1919 expresse
579 1874 803 1920 derogamus,
834 1871 1034 1920 exterisque
1061 1870 1234 1908 contrariis
1262 1870 1558 1918 quibuscumque.
1583 1872 1713 1907 Datum
1743 1870 1810 1905 Ro-

317 1934 383 1959 mae
408 1922 499 1967 apud
529 1922 561 1956 S.
581 1922 720 1958 Petrum
749 1922 814 1957 sub
841 1921 954 1956 Anulo
996 1922 1176 1958 Piscatoris
1216 1919 1270 1957 die
1297 1920 1458 1956 XXVIII.
1487 1920 1602 1957 Martii
1631 1919 1806 1958 MDCCI.

320 1971 545 2012 Pontificatus
566 1973 674 2010 nostri
693 1983 778 2009 anno
792 1970 904 2017 primo
917 1995 927 2008 .

1200 2026 1236 2062 F.
1262 2019 1458 2066 oliverius.

1612 2600 1656 2635 N.
1682 2597 1812 2634 XVIII.
