1952 3167
331 318 415 375 156
622 317 698 359 DE
727 318 862 366 JURE
895 317 1238 360 SIGNATURAE
1263 313 1526 370 JUSTlTIAE

328 390 407 422 tum
429 375 619 420 cellarum
642 377 788 420 Civitas
803 410 815 428 ,
845 378 1042 434 quicquid
1060 377 1102 418 in
1122 377 1370 420 contrarium
1405 373 1550 418 dixerit
1570 373 1675 413 Rota
1709 369 1781 426 (1)

329 438 371 479 in
390 437 566 494 quadarn
588 437 801 479 Decisione
821 437 1127 480 contumaciali.

445 495 628 552 Episcopi
648 526 659 544 ‚
677 495 789 549 juxta
823 496 1074 538 sanctionem
1094 492 1261 536 Concilc'i
1283 493 1496 533 Tridentini
1516 505 1635 541 ‚sunt
1662 490 1780 532 etiarn

337 555 394 597 uti
429 555 590 612 delegati
624 556 842 613 Apostolici
875 557 889 601 J
900 554 1034 594 udices
1070 552 1253 610 privativi
1284 550 1325 591 in
1357 551 1516 593 materia
1547 551 1779 607 Legatormn

322 613 477 673 pforum
495 645 503 654 .
542 613 647 656 Hinc
684 616 725 655 in
763 614 899 656 Causa
920 613 1125 669 Spoletana
1167 612 1269 653 inter
1288 611 1493 652 Donatum
1515 639 1526 657 ‚
1560 622 1596 650 et
1616 607 1783 649 Benedi-

330 683 431 716 ctum
466 673 597 714 Amici
633 687 771 715 contra
807 674 1067 715 Promotorem
1102 671 1291 713 fiscalem
1323 670 1483 710 Curiae
1510 666 1754 726 Episcopalis
1769 695 1783 714 ,

331 731 519 785 quamvis
550 732 598 772 illi
620 732 787 774 fuissent
816 730 1076 773 domiciliares
1094 730 1216 772 Urbis
1235 761 1248 780 ,
1279 742 1317 772 et
1342 729 1433 770 ideo
1464 727 1755 771 contenderent
1771 753 1785 774 ‚

329 789 572 849 Episcopum
601 807 683 832 non
714 806 792 833 esse
817 790 1038 846 legitimum
1057 790 1241 838 judicem
1273 801 1414 830 contra
1450 788 1653 836 forenses,
1682 796 1786 827 atta-

330 865 422 892 men
439 851 786 893 Eminentissimus
800 850 1026 892 Praefectus
1055 850 1096 890 in
1114 848 1334 890 Audientia
1353 848 1430 890 diei
1454 848 1521 888 18.
1539 844 1622 899 julii
1656 842 1784 899 1778.

329 920 501 965 peracta
521 909 694 950 Archivii
721 908 921 951 decrevit:
958 908 1142 950 Causam
1167 921 1340 964 spectare
1369 907 1420 947 ad
1448 907 1593 948 dictam
1613 904 1786 945 Curiam
1809 952 1813 955 Π

327 968 599 1023 Episcopalern
621 999 632 1015 ,
665 967 842 1023 praefixo
876 967 1047 1008 termino
1066 966 1180 1007 dictis
1197 964 1336 1011 §Amici
1368 965 1418 1005 ad
1449 963 1678 1019 eligendum
1712 961 1787 1001 do-

330 1023 523 1066 micilium
545 1025 584 1064 in
615 1024 719 1065 dicta
740 1023 914 1066 Civitate
935 1052 946 1070 ,
980 1024 1072 1067 alias
1101 1023 1344 1080 procedatur
1378 1034 1518 1064 contra
1552 1035 1618 1064 eos
1638 1034 1706 1080 per
1725 1018 1787 1062 af-

329 1083 524 1126 fixionem
546 1113 554 1122 .

447 1144 654 1199 Expensae
675 1142 815 1197 quoad
835 1144 993 1186 Causas
1013 1143 1253 1186 Criminales
1272 1174 1284 1191 ‚
1309 1155 1389 1185 tam
1411 1139 1646 1198 judiciales,
1664 1154 1788 1196 quam

328 1199 652 1255 extrajudiciales
672 1202 907 1243 reficiendae
927 1215 1024 1244 sunt
1054 1203 1172 1245 etiam
1208 1216 1228 1242 a
1248 1201 1361 1242 Fisco
1381 1200 1422 1241 in
1448 1216 1543 1242 casu
1561 1198 1787 1242 calumniae

330 1260 391 1302 Vel
409 1274 628 1315 expressae,
641 1260 700 1303 vel
717 1275 1009 1316 praesumptae,
1023 1261 1136 1316 juxta
1156 1260 1403 1301 Farinacium
1423 1289 1432 1298 .
1451 1259 1558 1299 Hinc
1581 1255 1788 1311 judiciales

327 1332 526 1375 expensae
547 1318 586 1357 in
608 1334 702 1360 casu
723 1319 912 1360 victoriae
932 1332 1027 1360 sunt
1043 1318 1185 1361 victori
1207 1318 1598 1373 reficiendae3pr0ut
1613 1314 1789 1360 firmavit

334 1378 473 1420 Votum
489 1377 649 1418 Fiscalis
668 1407 679 1425 ,
698 1377 851 1418 editum
870 1375 982 1431 jussu
1002 1376 1329 1435 congregationis
1346 1377 1397 1417 A.
1417 1376 1460 1417 C.
1485 1390 1497 1424 ;
1513 1389 1550 1417 et
1566 1375 1653 1432 ipsa
1669 1376 1787 1417 etiam

333 1433 608 1492 congregatio
642 1451 717 1477 suo
746 1437 902 1477 decreto
926 1438 1004 1477 sub
1023 1437 1084 1477 die
1105 1450 1174 1491 29.
1199 1435 1421 1491 septembris
1446 1436 1575 1490 1784.
1596 1435 1789 1476 condem-

327 1494 560 1537 nationisin
579 1508 771 1552 expensas
799 1492 1008 1549 judiciales
1027 1526 1039 1543 ,
1073 1494 1187 1549 quod
1218 1494 1423 1536 emanavit
1454 1494 1617 1548 praevio
1649 1492 1788 1536 rescri-

327 1567 397 1612 pto
418 1569 427 1594 ς
445 1552 602 1595 aboletis
628 1552 844 1610 praeceptis
863 1581 875 1600 ‚
904 1564 941 1594 et
959 1551 1215 1608 fidejussione
1236 1585 1247 1602 ‚
1288 1551 1500 1595 Nicolaum
1534 1553 1759 1595 Castronesi
1773 1582 1788 1600 ‚

329 1626 368 1654 et
396 1614 549 1653 Petrum
570 1612 687 1653 Pacci
701 1627 777 1653 non
794 1627 870 1653 esse
889 1611 1048 1653 ulterius
1066 1613 1326 1654 molescandos
1343 1643 1352 1653 .
1377 1613 1507 1668 Quod
1524 1613 1688 1668 quidem
1717 1613 1788 1654 de·-

331 1684 489 1713 cretum
511 1671 936 1728 approbavitAuditor
956 1671 1213 1728 Signaturae,
1235 1686 1271 1715 et
1286 1672 1540 1715 confirmavit
1557 1672 1788 1714 Praefectus

334 1729 395 1771 die
420 1745 436 1770 1
453 1730 624 1772 1.martii
641 1731 762 1787 1785.
778 1762 789 1780 ‚
806 1745 849 1772 ac
870 1730 1046 1772 Auditor
1058 1731 1258 1774 pontificis
1270 1731 1449 1787 14jmzii
1464 1730 1644 1785 ejusdem
1662 1731 1784 1773 anni.

449 1789 633 1844 Quando
656 1791 754 1833 vero
773 1804 939 1846 captura
968 1805 1160 1845 personae
1179 1805 1262 1830 non
1284 1791 1566 1839 intercesserit,
1598 1789 1642 1830 in
1678 1804 1788 1831 mera

329 1848 700 1905 circumscriptione
722 1861 919 1896 actorum,
934 1862 1205 1904 expensarum
1221 1847 1584 1905 extrajudicialium
1604 1849 1786 1892 refectio·

327 1907 371 1948 ni
390 1922 475 1948 non
495 1922 572 1949 esse
589 1906 964 1964 locum,Signatura
992 1906 1148 1949 censuit
1164 1922 1240 1950 suo
1259 1907 1447 1963 rescripto
1466 1907 1606 1950 :Nihil
1619 1938 1632 1956 ‚
1649 1924 1687 1949 et
1700 1923 1789 1949 am-

326 1966 430 2024 plius
447 1967 491 2008 in
513 1966 654 2008 Causa
679 1967 881 2024 proposita
918 1966 985 2007 18.
1003 1966 1162 2023 augusti
1186 1967 1309 2023 1776.
1344 1967 1487 2006 Terrae
1502 1966 1657 2007 Olibani
1685 1966 1788 2008 inter

331 2024 489 2067 Curiam
511 2026 567 2066 Ba
575 2027 760 2074 ronalem,
778 2036 817 2068 et
831 2025 995 2068 Felicem
1017 2026 1238 2077 Fortunati,
1257 2025 1348 2067 licet
1366 2022 1631 2082 Congregatio
1646 2023 1788 2066 Crimi-

329 2084 428 2125 nalis
447 2085 500 2125 A.
521 2083 564 2125 C.
583 2099 652 2141 per
673 2098 759 2128 acta
779 2085 997 2142 Vagnolini
1014 2098 1085 2138 30.
1101 2084 1237 2139 aprilis
1264 2084 1397 2138 1764.
1419 2082 1679 2134 decrevisset,
1703 2083 1790 2126 nul-

327 2140 412 2182 liter
446 2141 621 2184 Curiam
651 2143 891 2183 Baronalem
919 2139 1148 2196 processisse
1166 2168 1176 2180 .

449 2200 638 2240 Fabricmz‘
666 2199 810 2240 Civitas
827 2196 1150 2251 habetJudicem
1184 2198 1464 2256 appellationis
1491 2215 1540 2244 ex
1560 2203 1674 2246 Brevi
1689 2201 1789 2244 Ale-

334 2255 482 2298 xandri
503 2270 563 2300 v1.
577 2271 614 2298 et
629 2256 820 2313 Gregorii
835 2270 897 2298 x1.

450 2314 649 2357 Falsitatis
666 2317 845 2373 exceptio
860 2316 891 2359 si
907 2316 1000 2359 data
1022 2315 1072 2358 sit
1101 2315 1141 2357 in
1169 2314 1326 2370 judicio
1350 2319 1606 2371 civili‚locus
1622 2336 1706 2365 non
1732 2335 1788 2365 est

1683 2396 1786 2438 que-

338 2457 496 2470 -
1142 2460 1613 2477 ——u—
1627 2463 1780 2478 —

380 2513 436 2551 (ι)
460 2514 755 2564 CivitatislVetulae
773 2536 784 2553 ,
804 2526 857 2550 seu
885 2517 991 2550 Viterb
1004 2518 1066 2549 icn.
1091 2517 1258 2552 Nullitatis
1289 2519 1485 2563 obligationis
1516 2523 1548 2555 8.
1574 2523 1664 2566 junii
1690 2529 1785 2562 ¹753·

333 2559 366 2602 §-
387 2560 420 2592 6.
458 2567 558 2591 coram
584 2560 794 2593 Vzcecomite.
