1993 3195
656 302 687 337 A
730 303 757 337 Ρ
798 303 825 338 Ρ
862 304 886 338 Ε
926 305 961 340 N
1000 307 1035 340 D
1061 307 1075 341 Ι
1119 306 1153 342 X?
1571 317 1591 346 ι

170 347 358 394 sumptibus
382 356 441 392 per
452 346 556 382 solam
573 372 583 388 ‚
599 347 829 396 liquidamque
849 352 999 390 veritatis
1017 355 1257 400 inspectionem
1272 355 1330 397 Jus
1342 367 1440 391 suum
1457 318 1641 406 unIcuiquZ

169 399 337 432 tribuatur
353 420 364 436 ,
399 404 545 436 attento,
576 399 666 443 quod
682 400 888 438 ejuscemodi
904 401 1109 437 Consulatus
1141 406 1303 439 Officium
1320 429 1331 445 ,
1358 404 1517 450 illiusque
1537 408 1640 452 Leges

169 455 240 481 tum
258 445 398 490 priscae,
427 454 498 480 tum
536 456 682 482 recentes
720 450 760 483 ad
787 449 996 494 praemissum
1037 451 1191 486 effectum
1212 477 1222 491 ‚
1250 463 1282 487 et
1311 454 1410 488 finem
1441 456 1642 490 adamussim

167 504 318 539 spectant
344 493 440 534 justis
457 519 467 534 ,
496 507 532 530 ac
559 496 812 532 rationabilibus
843 498 965 533 Causis
993 498 1140 534 animum
1168 509 1318 534 nostrum
1345 504 1558 538 moventibus
1584 505 1641 539 ad-

166 544 288 583 ducti,
316 556 352 578 ac
367 543 456 578 felici
476 556 706 591 prosperoque
733 546 901 593 regimini,
919 548 1094 583 Gubernio
1111 573 1120 589 ,
1150 557 1250 594 atque
1288 553 1470 585 commodo
1496 552 1641 598 Populo-

165 603 240 627 rum
269 602 387 628 nostrae
419 604 508 630 curae
537 596 795 630 commissorum
828 606 989 641 quantum
1007 609 1082 632 cum
1102 597 1254 632 Domino
1270 611 1447 644 possumus
1468 601 1643 637 consulere.

164 643 366 687 cupientes,
398 654 457 677 nec
478 654 544 677 non
560 642 723 688 Capitula
749 656 972 691 quaecumque
998 649 1038 681 ad
1058 646 1138 681 dicti
1157 647 1362 683 Consulatus
1389 650 1551 685 Officium
1569 663 1642 697 per-

164 690 305 727 tinentia
320 715 330 730 ,
357 703 393 726 ac
406 691 633 736 supradictam
664 693 808 734 Consilii
824 695 1001 730 Generalis
1023 696 1219 736 hujusmodi
1248 697 1485 734 resolutionem
1515 701 1568 735 die
1587 710 1648 742 15..

160 740 277 776 Martii
293 739 375 775 dicti
393 741 468 775 anni
488 753 593 785 ¹752·
610 742 795 783 celebrati,
827 742 1031 788 illorumque
1048 769 1060 786 ,
1086 755 1117 778 et
1137 744 1224 780 illius
1251 755 1362 781 totum
1395 758 1547 784 tenorem
1564 761 1644 795 prae-

163 791 315 825 sentibus
334 800 394 833 pro
413 802 572 834 expresso
585 814 595 831 ,
610 799 643 825 et
660 792 783 826 inserto
808 793 965 827 habentes
981 816 991 832 ,
1010 803 1106 828 motu
1125 795 1266 838 proprio
1282 819 1293 834 ,
1306 805 1394 831 certa
1421 799 1582 842 scientia,
1608 808 1647 834 et,

162 847 299 874 matura
313 839 557 874 deliberatione
573 840 706 881 nostris,
723 842 831 886 deque
849 840 1058 885 Apostolicae
1074 843 1253 877 Potestatis
1268 842 1477 888 plenitudine
1493 848 1642 892 supradi-

162 896 257 923 ctum
273 888 435 923 Officium
452 889 658 923 Consulatus
689 890 718 923 in
736 889 888 925 Civitate
918 899 1031 925 nostra
1055 891 1167 927 AEsina
1182 892 1222 926 ab
1237 892 1498 929 immemorabili
1515 906 1646 941 temp&

159 948 198 972 re
224 950 286 982 pro
303 938 545 973 commoditate
573 938 783 978 Hominum,
812 949 843 973 et
861 939 1051 974 Incolarum
1081 940 1269 981 Civitatis,
1295 954 1331 990 ac
1369 943 1548 980 Terrarum
1567 969 1577 984 ,
1609 954 1643 980 et

159 986 362 1028 Locorum,
396 988 688 1033 oppidorumque
715 988 908 1023 Comitatus
934 988 1038 1023 AEsini
1070 989 1297 1035 litigantium,
1325 990 1412 1026 sicut
1428 993 1644 1037 praemittitue

159 1046 313 1072 erectum
330 1062 340 1077 ‚
369 1048 429 1071 nec
447 1049 511 1072 non
533 1046 603 1072 tum
624 1037 770 1081 priscas,
798 1046 869 1073 tum
898 1038 939 1072 de
972 1050 1061 1072 novo
1087 1039 1233 1074 conditas
1265 1040 1395 1086 Leges,
1423 1043 1644 1079 etReformae

160 1085 272 1122 tiones
298 1089 392 1126 juxta
413 1085 654 1122 resolutionem
682 1086 764 1121 dicti
783 1086 934 1123 Consilii,
956 1087 1133 1122 Generalis
1165 1090 1312 1128 ejusdem
1329 1089 1488 1125 Civitatis
1509 1091 1563 1126 die
1587 1101 1646 1133 15.

157 1134 277 1169 Martii
295 1135 445 1173 ejusdem
463 1134 551 1169 Anni
576 1146 680 1180 1752.
696 1136 798 1170 habiti
817 1136 1023 1181 praescriptas
1040 1162 1050 1177 ,
1095 1136 1284 1182 volitasque
1305 1151 1380 1173 cum
1400 1140 1554 1175 omnibus
1568 1165 1578 1180 ,
1609 1150 1646 1177 et.

156 1182 300 1229 singulis
318 1183 536 1219 facultatibus
556 1209 567 1224 ,
595 1185 853 1220 auctoritatibus
871 1210 880 1225 ,
910 1195 944 1219 et
968 1185 1159 1232 privilegiis
1187 1186 1303 1222 officii
1339 1188 1531 1226 hujusmodi
1561 1188 1640 1225 alias

154 1233 327 1268 concessis
344 1257 354 1272 ,
369 1243 401 1267 et
416 1234 560 1268 extensis
580 1235 818 1279 approbamus,
836 1244 869 1268 et
886 1235 1122 1269 confirmamus
1136 1260 1146 1276 ‚
1176 1235 1306 1280 illisque
1325 1236 1530 1273 inviolabilis
1546 1239 1643 1283 Apo-

154 1283 287 1316 stolicae
311 1281 478 1316 firmitatis
505 1285 610 1317 robur
631 1283 831 1324 adijcimus,
875 1295 1057 1330 omnesque
1073 1308 1083 1324 ,
1110 1295 1142 1318 et
1160 1284 1309 1329 singulos
1325 1286 1417 1327 Juris
1444 1310 1454 1325 ,
1494 1296 1526 1321 et
1549 1288 1641 1323 Facti

154 1330 258 1366 etiam
293 1332 525 1366 substantiales
551 1332 728 1372 defectus,
767 1333 794 1367 si
814 1333 870 1379 qui
887 1334 1031 1379 desuper
1058 1334 1090 1368 in
1104 1334 1284 1379 praemissis
1315 1334 1554 1371 intervenerint
1568 1350 1644 1383 sup-

151 1379 286 1424 plemus
303 1403 313 1419 ,
344 1390 376 1414 et
405 1393 561 1415 sanamus
586 1406 595 1415 .
629 1383 813 1424 Propterea
840 1391 959 1422 motu,
1003 1383 1166 1423 scientia,
1193 1382 1433 1419 deliberatione
1450 1409 1460 1425 ,
1500 1395 1532 1421 et
1545 1386 1643 1421 Pote-

152 1427 248 1462 statis
282 1428 491 1470 plenitudine
518 1430 652 1473 paribus
677 1431 880 1470 statuimus,
911 1432 1124 1475 praecipimus
1144 1457 1154 1472 ,
1182 1443 1212 1466 ct
1233 1432 1427 1471 mandamus
1446 1458 1456 1472 ‚
1488 1444 1524 1468 ut
1545 1448 1562 1470 a
1586 1436 1644 1476 Ju-

149 1476 252 1512 diciis
269 1475 374 1520 vulgo
401 1477 438 1509 de
456 1479 625 1512 Giudicati
657 1479 872 1516 Consulum,
899 1490 958 1512 seu
975 1480 1092 1514 Officii
1118 1481 1325 1514 Consulatus
1355 1483 1574 1523 hujusmodi,
1609 1483 1642 1518 in

149 1526 274 1571 quibus
305 1535 485 1563 recursus,
515 1533 547 1559 et
566 1526 748 1571 appellatio
762 1550 772 1565 ‚
801 1537 920 1571 nempe
941 1539 1100 1561 asumma
1121 1537 1293 1563 scutorum
1315 1530 1461 1565 duorum
1478 1543 1584 1577 usque
1601 1533 1642 1567 ad

149 1584 315 1609 summam
345 1572 632 1618 vigintiquinque
649 1585 821 1609 scutorum
850 1574 1017 1608 inclusive
1043 1576 1138 1613 juxta
1168 1576 1404 1619 dispositiones
1434 1577 1556 1622 legales
1570 1592 1643 1615 mu-

150 1621 337 1667 nicipales,
379 1631 437 1654 seu
457 1621 648 1655 statutarias
678 1624 759 1656 dicti
778 1623 894 1657 Officii
926 1622 997 1657 fieri
1013 1623 1127 1661 solet,
1155 1632 1188 1656 et
1214 1632 1326 1667 potest
1354 1625 1575 1669 Appellatio,
1606 1637 1643 1665 et

150 1683 308 1707 recursus
351 1669 544 1710 hujusmodi
574 1669 783 1710 adjudicem
812 1671 974 1705 Civitatis
1014 1670 1180 1716 praedictae
1212 1672 1411 1713 dumtaxat,
1440 1675 1501 1709 etsi
1529 1676 1640 1718 Judex

148 1721 308 1767 praefatus
336 1720 367 1754 in
385 1718 614 1764 suspicionem
643 1719 774 1753 habitus
791 1717 895 1753 fuerit
910 1717 1033 1764 ,vulgo
1051 1728 1087 1753 ut
1101 1720 1226 1755 dicitur
1249 1720 1394 1766 allegato
1410 1729 1472 1768 per
1483 1733 1638 1772 sospett0;

146 1782 220 1817 quo
251 1781 328 1804 casu
349 1769 387 1804 ad
404 1779 507 1802 unum
534 1768 656 1802 Civem
684 1767 844 1803 tx'obilem
859 1791 872 1807 ‚
894 1778 925 1802 et
944 1768 1033 1809 juris
1061 1767 1239 1815 utriusque
1264 1769 1460 1806 Doctorem
1477 1774 1495 1808 ὲ
1509 1774 1639 1812 dilectis

145 1831 288 1866 quoque
317 1816 409 1852 Filiis
435 1817 636 1863 Magistratu
663 1817 841 1852 Nobilium
872 1815 970 1852 dictae
985 1816 1146 1853 Civitatis
1169 1818 1271 1854 toties
1289 1820 1420 1865 quoties
1435 1833 1520 1867 opus
1535 1824 1638 1862 fuerit

146 1880 207 1905 seu
229 1868 332 1902 semel
350 1867 543 1908 eligendum
563 1891 584 1907 ,1
602 1875 634 1901 et
652 1866 891 1902 nominandum
907 1890 916 1906 ‚
942 1878 1075 1912 semper
1090 1876 1198 1902 tamen
1225 1879 1286 1912 per
1309 1875 1382 1903 acta
1395 1870 1527 1906 Notarii
1554 1873 1639 1910 Offi-

144 1918 193 1956 eij
209 1910 416 1952 Consulatu}
437 1914 632 1957 hujusmodi
645 1927 710 1950 non
733 1925 841 1951 tamen
862 1917 901 1951 ad
917 1914 996 1950 alios
1012 1928 1252 1962 quoscumque
1264 1918 1396 1954 Iudices
1410 1943 1424 1960 ,
1443 1928 1477 1955 et
1489 1933 1551 1967 per
1564 1934 1637 1960 acta.

150 1978 453 2013 quorumcumque
469 1964 613 2000 aliorum
630 1965 852 2000 Notariorum
883 1964 1043 2000 Civitatis
1070 1967 1213 2012 praefatae
1227 1991 1238 2007 ,
1268 1968 1557 2014 omninospectet
1569 1984 1636 2014 „ac

143 2026 298 2059 spectare
326 2017 470 2055 debeat,
499 2014 563 2061 qui-
588 2015 766 2050 summarie
782 2038 797 2055 ,.
827 2023 863 2049 et
887 2016 929 2049 de
958 2015 1082 2061 plano,
1114 2016 1187 2052 sola
1211 2016 1291 2052 facti
1314 2017 1466 2067 ¹veritate
1487 2018 1636 2068 inspecta

145 2063 241 2104 iuxta
257 2066 465 2110 supradictas
495 2064 579 2099 dicti
606 2064 722 2105 Officii
748 2065 956 2104 Consulatus
982 2065 1088 2111 Leges
1102 2066 1298 2106 hujusmodi
1325 2068 1454 2105 Causas
1475 2069 1507 2105 in
1527 2072 1636 2117 gradu

143 2113 408 2157 appellationis,
435 2124 468 2149 et
482 2124 651 2149 recursus
668 2124 875 2164 cognoscere
892 2139 903 2155 ,
934 2126 970 2150 ac
985 2116 1048 2150 fine
1063 2116 1180 2151 debito
1196 2116 1354 2153 decidere
1367 2143 1377 2159 ,
1405 2128 1440 2154 et
1455 2120 1636 2156 terminare

141 2163 250 2204 possit
266 2188 276 2196 „
305 2165 456 2198 Demum
481 2171 573 2196 motu
588 2186 606 2201 ,
624 2163 763 2198 scientia
777 2187 787 2202 ‚
814 2172 847 2197 et
862 2163 1042 2199 Potestatis
1070 2166 1279 2211 plenitudine
1295 2168 1462 2205 similibus
1475 2194 1489 2209 ,
1518 2181 1635 2206 omnes

142 2219 176 2244 et
189 2209 336 2254 singulas
363 2210 539 2245 facultates
568 2210 695 2246 Officio
711 2209 920 2246 Consulatus
936 2236 947 2251 ‚
971 2224 1031 2246 seu
1051 2215 1264 2250 Consulibus
1276 2240 1286 2255 ‚
1313 2228 1351 2250 ac
1363 2217 1474 2257 judici
1491 2218 1635 2262 praefatis

144 2257 224 2294 alias
252 2270 424 2293 concessas
442 2282 452 2297 ,
486 2266 520 2290 et
535 2257 722 2301 impertitas
740 2271 817 2310 ‘pro
831 2260 1035 2295 executione
1062 2273 1177 2298 eorum
1194 2264 1411 2304 ,lu-diciorum
1429 2266 1532 2314 vulgo
1548 2267 1636 2302 Giu-

140 2305 270 2347 dicati,
297 2318 330 2342 et
349 2305 549 2352 privativam
569 2306 850 2346 jurisdictionem
877 2309 989 2352 quoad
1019 2320 1136 2343 omnes
1153 2323 1261 2355 super¹
1281 2315 1478 2357 cognitione
1493 2339 1503 2354 ,
1527 2324 1562 2349 et
1578 2317 1635 2351 de-

140 2354 269 2390 cisione
300 2367 474 2391 eausarum
491 2354 700 2400 praefatarum
730 2353 847 2388 itidem
878 2356 1141 2394 confirmamus,
1170 2367 1206 2393 et
1228 2362 1478 2405 approbamus,
1504 2373 1538 2398 et
1552 2376 1634 2409 qua-

140 2413 237 2439 tenus
256 2416 340 2449 opus
356 2406 399 2440 sit
416 2405 547 2439 easdem
576 2402 749 2438 facultates
765 2412 803 2437 ut
821 2404 999 2448 praefertur
1013 2406 1140 2441 Officio
1159 2408 1366 2445 Consulatus
1379 2435 1389 2450 ,
1422 2423 1483 2447 seu
1498 2413 1632 2450 Consu-

141 2453 228 2488 libus
247 2479 257 2493 ,
283 2462 314 2487 et
330 2453 440 2494 judici
459 2452 624 2499 praedictis
640 2464 812 2488 concessas
827 2476 838 2492 ‚
865 2461 899 2488 et
912 2463 1064 2489 extensas
1080 2456 1121 2490 de
1137 2469 1228 2494 novo
1247 2461 1465 2496 concedimus
1481 2487 1492 2502 ,
1522 2472 1558 2498 et
1571 2463 1632 2499 im-

136 2502 325 2548 pertimur.
343 2502 536 2537 Mandantes
556 2527 565 2542 ‚
584 2512 616 2537 et
631 2501 862 2547 praecipientes
877 2503 939 2537 sub
959 2503 1065 2549 poenis
1084 2514 1196 2540 nostro
1213 2531 1224 2547 ,
1238 2518 1270 2543 et
1295 2510 1524 2546 Romanorum
1544 2513 1632 2547 Pon⁶

140 2551 272 2589 tificum
296 2551 536 2588 Successorum
563 2550 774 2589 Nostrorum
810 2551 956 2588 arbitrio
991 2553 1202 2601 imponendis
1227 2580 1241 2597 ,
1278 2559 1565 2610 infligendisque,
1594 2569 1629 2596 et

1559 2610 1628 2647 sub
