1993 3195
198 371 301 405 instar
338 367 555 405 Clericorum
595 367 750 404 Camerae
788 369 993 416 Apostolicae
1027 371 1132 405 libere
1160 371 1337 406 extrahere
1371 367 1525 414 possint,
1566 335 1672 406 indu?-

196 429 338 464 gemus.
548 437 551 438 ν

245 467 288 502 Χ.
315 467 356 502 Et
369 466 586 503 nihilominus
623 467 907 510 Referendarios‚
936 477 971 504 et
997 469 1078 504 alios
1105 469 1310 514 praedictos,
1346 477 1383 501 ac
1411 476 1528 501 eorum
1564 466 1672 513 singu-

196 515 276 555 los,
308 527 344 550 ac
360 515 494 551 illorum
525 516 661 557 omnia,
686 525 720 552 et
746 515 876 563 singula
904 518 1091 557 beneficia,
1119 527 1151 552 et
1167 516 1278 552 officia
1307 515 1564 554 Ecclesiastica,
1598 528 1671 560 qux

196 564 377 604 obtinent,
406 576 443 600 ac
468 565 501 600 in
519 564 671 600 futurum
699 567 860 601 canonice
895 567 1097 602 obtinebunt
1116 575 1176 606 ‚et
1191 566 1223 601 in
1241 563 1304 600 illis
1336 575 1398 608 pro
1425 572 1578 608 tempore
1613 565 1673 598 de-

194 613 401 653 servientes,
442 625 482 648 ac
498 612 751 659 Cappellanos,
779 624 812 649 et
829 614 1003 651 familiares
1026 640 1036 655 ‚
1068 624 1101 650 et
1118 615 1300 651 servitores
1327 624 1404 648 suos
1436 620 1503 646 tain
1533 622 1672 656 praesen·

188 662 246 696 *tes
262 685 274 702 ,
305 673 402 707 quam
420 661 552 697 futuros
568 686 579 703 ,
612 672 645 697 et
660 674 720 698 sua
745 675 781 698 ac
799 663 935 699 illorum
965 667 1050 699 bona
1067 655 1215 711 ‚⁹quoad
1241 662 1414 701 vixerint,
1441 663 1481 696 ab
1497 662 1591 695 omni
1619 662 1673 701 iu-

194 709 416 750 risdictione,
447 711 682 752 correctione,
712 710 906 747 visitatione
927 736 938 753 ,
964 712 1144 754 dominio,
1175 711 1411 759 superioritate
1439 734 1450 750 ,
1481 717 1516 743 et
1529 718 1674 754 potcsta-

195 765 229 792 te
255 758 625 805 Archiepiscoporum,
657 760 900 806 episcoporum
918 787 927 800 ‚
957 761 1177 798 Praelatorum
1206 787 1217 802 ‚
1245 771 1279 796 et
1292 757 1552 794 ordinariorum
1582 758 1675 792 loco-

191 818 270 843 sum
297 819 618 856 quorumcumque,
649 808 852 855 illorumque
882 809 1119 850 Vicariorum‚
1147 819 1182 845 et
1212 808 1422 845 officialium
1468 808 1674 841 Locatenen-

192 855 280 892 tium
300 880 311 897 ,
340 858 545 898 ctJudicum
572 884 583 900 ,
625 859 725 894 etiam
754 871 772 893 a
798 860 890 894 dicta
919 860 1003 894 Sede
1032 858 1262 905 delegatorum
1292 883 1303 899 ,
1337 865 1393 892 aut
1418 856 1673 901 sublegatorum

193 905 454 950 quomodolibet
483 920 571 943 nunc
586 932 596 948 ‚
625 916 659 942 et
682 918 743 952 pro
759 918 913 953 tempore
936 908 1179 949 existentium3
1205 917 1332 953 eosque
1362 906 1393 939 in
1410 907 1508 940 rebus
1524 928 1534 944 ,
1566 914 1598 940 et
1617 905 1675 937 bo-

193 953 245 988 nis
272 953 406 989 illorum
441 955 584 1002 propriis
610 957 806 996 dumtaxat,
834 968 911 992 cum
929 956 975 991 eis
993 958 1250 994 contrahentes,
1279 967 1294 989 a
1312 952 1480 988 solutione
1498 977 1508 992 ,
1536 961 1569 986 et
1598 964 1673 986 exa·

192 1001 308 1037 ctione
353 1014 646 1050 quarumcumque
678 1003 812 1050 pedagii
840 1028 850 1044 ,
877 1004 1015 1050 gabellae
1034 1030 1044 1046 ‚
1091 1003 1337 1042 bollectarum,
1366 1002 1573 1037 decimarum
1593 1024 1604 1039 ,
1639 1007 1675 1034 et

192 1051 344 1090 cujusvis
375 1052 512 1088 alterius
541 1053 653 1088 oneris
683 1061 747 1088 tam
779 1052 940 1088 ordinarii
965 1077 975 1092 ,
1015 1066 1113 1100 quam
1154 1051 1430 1090 extraordinarii,
1464 1049 1673 1093 ubicumque

193 1098 349 1135 locorum
367 1124 378 1140 ,
407 1111 497 1136 etex
513 1113 725 1147 quacumque
753 1113 853 1136 causa
885 1102 982 1138 etiam
1017 1115 1076 1148 per
1092 1102 1277 1147 Synodales
1309 1099 1579 1134 Constitutiones
1609 1097 1674 1150 im:

190 1148 321 1191 positi,
364 1148 418 1182 vel
441 1149 660 1193 imponendi,
699 1149 879 1184 eximimus
902 1174 912 1189 ‚
941 1159 973 1184 et
994 1150 1144 1185 totaliter
1170 1150 1352 1184 liberamus
1385 1171 1395 1185 ,
1434 1158 1469 1181 ac
1497 1149 1558 1180 sub
1576 1145 1673 1178 Beati

188 1195 312 1235 Petri,
344 1205 376 1231 et
391 1196 486 1232 Sedis
517 1199 704 1243 praedictae,
731 1205 828 1242 atque
856 1206 971 1232 nostra
998 1198 1208 1243 protectione
1236 1194 1461 1241 suscipimus,
1482 1194 1642 1239 nobisque
1660 1215 1674 1232 ,

190 1252 226 1278 et
242 1243 340 1279 dictae
355 1244 433 1279 Sedi
461 1246 653 1281 immediate
670 1245 870 1284 subjicimus
885 1271 896 1286 ,
923 1259 960 1282 ac
977 1248 1099 1282 liberos
1115 1271 1127 1287 ‚
1157 1246 1322 1281 immunes
1337 1268 1348 1284 ,
1379 1252 1553 1288 exemptos
1571 1266 1583 1282 >
1620 1253 1674 1275 δῦ·

189 1302 349 1338 sceptos,
382 1302 417 1328 et
431 1295 601 1334 subjectos
628 1306 745 1330 omnes
772 1295 1034 1337 constituimus,
1072 1305 1105 1331 et
1121 1294 1354 1334 declaramus,
1374 1301 1406 1326 et
1434 1290 1672 1330 decernimus3

190 1342 238 1377 ita
255 1344 347 1386 quod
363 1344 622 1389 Archiepiscopi
641 1367 652 1383 ,
682 1343 870 1388 Episcopi,
908 1344 1067 1385 Praeiati‚
1106 1343 1280 1379 Ordinarii
1325 1341 1507 1380 locorum,
1537 1350 1673 1392 eorum-

189 1403 256 1436 que
278 1390 430 1430 vicarii,
463 1391 635 1427 Officiales
660 1415 670 1430 ,
697 1393 961 1432 Locatenentes,
989 1403 1022 1427 et
1050 1392 1185 1434 Judices
1212 1392 1313 1426 etiam
1342 1403 1359 1425 a
1388 1390 1474 1423 Sede
1515 1387 1673 1432 praedlcta

187 1439 340 1484 deputati
376 1439 503 1484 praefati
530 1464 542 1481 ‚
575 1449 607 1474 et
639 1439 692 1475 alii
718 1440 924 1485 quicumque
962 1441 1061 1475 etiam
1087 1443 1218 1475 ratione
1244 1437 1359 1473 delicti
1376 1435 1592 1477 ,contracti,
1617 1433 1671 1469 vel

189 1488 265 1528 rei,
290 1490 332 1523 de
355 1500 421 1534 qua
445 1488 602 1534 ageretur
621 1511 631 1528 ,
662 1487 868 1534 ubicumque
891 1489 1128 1524 committatur
1163 1487 1349 1530 delictum,
1382 1484 1506 1520 iniatur
1535 1493 1671 1519 contra-

187 1545 286 1577 ctus,
314 1545 370 1572 aut
387 1549 439 1572 res
460 1538 528 1583 ipsa
555 1537 739 1578 consistat,
770 1537 896 1574 nullam
929 1538 959 1573 in
974 1538 1045 1580 eis,
1085 1546 1142 1573 aut
1160 1537 1305 1583 aliquem
1323 1546 1440 1571 eorum
1458 1558 1469 1575 ,
1495 1545 1533 1568 ac
1548 1533 1673 1568 benefi-

185 1585 238 1621 cia
265 1586 461 1626 hujusmodi
478 1611 489 1627 ‚
515 1595 547 1621 et
566 1587 596 1621 in
612 1584 679 1621 illis
694 1586 922 1623 deservientes
937 1611 948 1628 ,
980 1586 1277 1633 Cappellanosque
1294 1610 1304 1626 ,
1321 1582 1500 1620 familiares
1518 1605 1529 1636 3
1546 1590 1577 1616 et
1595 1592 1663 1615 ser-

186 1634 320 1670 vitores
347 1646 449 1677 suos,
477 1643 678 1681 promentes,
717 1645 750 1671 et
764 1636 917 1676 futuros,
946 1648 984 1672 ac
1013 1637 1099 1672 bona
1125 1637 1286 1682 praedicta
1305 1659 1315 1675 ‚
1356 1631 1628 1673 jurisdictionem
1655 1652 1668 1669 2

186 1684 435 1719 correctionem
453 1708 465 1724 ,
502 1685 729 1720 visitationem
763 1708 773 1725 ,
803 1685 990 1721 dominium
1012 1710 1022 1726 ,
1057 1684 1331 1731 superioritatem
1357 1705 1368 1722 ,
1406 1688 1441 1715 et
1467 1686 1669 1735 potestatem

186 1743 370 1772 exercere,
400 1742 456 1767 aut
471 1733 550 1767 alias
576 1733 739 1774 injurias,
769 1743 802 1769 et
831 1735 946 1770 damna
984 1734 1134 1781 irrogare
1164 1758 1176 1775 ,
1213 1745 1251 1769 ac
1278 1736 1639 1768 excommunicationis
1657 1750 1671 1767 ⁵

183 1781 334 1826 aliasque
363 1781 569 1820 sententias,
597 1793 778 1822 censuras,
810 1792 844 1816 et
858 1795 972 1827 poenas
999 1784 1151 1827 proferre
1176 1806 1186 1816 .
1219 1782 1295 1817 Nec
1321 1788 1494 1815 exactores
1526 1775 1669 1823 gabella-

182 1841 258 1865 rum
279 1853 290 1869 ‚
331 1828 551 1875 pedagiorum
579 1853 590 1869 ‚
622 1830 856 1870 decimarum,
886 1840 918 1864 et
933 1841 1071 1866 onerum
1089 1830 1309 1870 hujusmodi,
1337 1829 1377 1865 ad
1407 1826 1551 1872 aliquam
1578 1824 1669 1859 solu-

186 1879 315 1913 tionem
335 1889 393 1913 eos
411 1886 604 1918 coarctare,
629 1886 685 1913 aut
700 1877 753 1913 alii
773 1879 1008 1925 quicumque,
1039 1881 1286 1925 cujuscumque
1312 1876 1582 1913 Ecclesiasticae,
1611 1872 1666 1928 vel

182 1932 360 1962 mundanae
399 1926 597 1973 dignitatis,
626 1936 754 1967 status,
784 1930 905 1974 gradus
923 1952 934 1969 ,
978 1929 1183 1964 conditionis
1209 1952 1220 1967 ,
1249 1936 1282 1962 et
1309 1924 1568 1971 p'raeeminentiae
1597 1932 1668 1976 exi·

184 1983 274 2011 stant
290 1999 300 2015 ,
334 1973 408 2010 illos
427 1987 528 2022 super
550 1975 753 2022 praemissis,
773 1985 806 2011 et
820 1976 957 2013 illorum
982 1990 1042 2013 usu
1058 2003 1068 2019 ‚
1098 1991 1116 2013 a
1131 1977 1338 2023 possessione
1351 1997 1362 2014 ,
1377 1985 1437 2009 seu
1451 1971 1544 2019 quasi
1562 1979 1667 2006 etiam

181 2036 225 2061 ex
241 2035 458 2069 quocumque
483 2025 625 2060 crimine
650 2025 703 2059 vel
719 2025 844 2060 delicto
869 2050 880 2066 ‚
909 2035 1032 2072 praeter
1058 2038 1156 2073 quam
1191 2026 1223 2060 in
1244 2033 1415 2064 nostram,
1446 2030 1479 2057 et
1506 2021 1668 2055 Romanae

180 2073 346 2109 Ecclesia:
372 2073 531 2108 offensam
563 2082 783 2118 perpetrato,
824 2074 952 2110 directe
970 2100 980 2116 ‚
1010 2076 1064 2110 vel
1092 2076 1256 2110 indirecte
1277 2099 1288 2115 ,
1315 2072 1436 2119 quovis
1450 2068 1592 2118 quaesito
1609 2079 1667 2103 co-

179 2121 252 2158 lore
282 2145 294 2162 ,
331 2121 386 2156 vel
416 2123 552 2168 ingenio
583 2121 765 2156 molestare
789 2146 800 2162 ,
830 2132 888 2157 aut·
903 2123 982 2157 alias
1021 2122 1284 2169 quomodolibet
1325 2122 1491 2168 impedire
1531 2128 1668 2164 quoque

182 2173 287 2207 modo
303 2179 531 2216 praesumant,
566 2179 622 2206 aut
641 2171 810 2210 debeant,
838 2184 897 2206 seu
916 2171 1016 2207 etiam
1045 2172 1201 2210 valeant,
1231 2171 1290 2205 sed
1315 2171 1424 2205 solum
1456 2166 1667 2203 Referenda-

183 2219 254 2259 rii,
281 2221 510 2255 deservientes
538 2243 549 2259 ,
589 2220 788 2265 Cappellani
806 2244 817 2259 ,
855 2220 1035 2256 familiares
1063 2246 1074 2262 ,
1116 2231 1150 2256 et
1176 2219 1364 2255 Servitores
1393 2217 1521 2265 praefati
1550 2226 1665 2252 coram

183 2268 304 2306 nobis,
334 2279 367 2304 et
383 2269 468 2304 Sede
496 2268 653 2313 praedicta
685 2268 884 2308 dumtaxat,
916 2272 956 2303 de
990 2270 1120 2309 iustitia
1147 2270 1349 2313 respondere
1375 2276 1572 2303 teneantur.
1597 2264 1667 2297 De-

182 2325 355 2353 cernentes
383 2328 615 2364 quoscumque
642 2328 844 2361 processus,
884 2317 1087 2358 sententias,
1114 2329 1270 2354 censuras
1299 2342 1310 2357 ,
1352 2326 1384 2351 et
1411 2326 1521 2361 poenas
1549 2309 1666 2346 Eccle-

186 2364 359 2405 siasticas,
389 2378 498 2412 quos,
530 2376 564 2401 et
581 2377 662 2411 quas
678 2376 737 2410 per
758 2364 1068 2410 Aichiepiscopos‚
1098 2366 1311 2411 Episc0p0s‚
1350 2364 1506 2399 Praelatos
1532 2385 1544 2401 ,
1576 2361 1666 2395 loco-

183 2426 260 2450 rum
279 2414 479 2451 ordinarios
495 2440 504 2456 ‚
520 2415 725 2460 illorumque
752 2414 929 2454 Vicarios,
959 2423 992 2448 et
1012 2414 1211 2455 officiales,
1252 2414 1519 2451 Locatenentes,
1544 2419 1577 2446 et
1607 2410 1666 2451 lu*

181 2463 275 2499 dices
306 2463 406 2498 etiam
440 2465 554 2500 aSede
581 2463 740 2510 praedicta
777 2462 972 2508 delegatos,
999 2471 1054 2498 aut
1087 2462 1343 2509 subdelegatos,
1375 2473 1412 2497 ac
1439 2459 1516 2495 alias
1544 2458 1665 2505 praedi-

182 2521 255 2549 ctos
274 2537 284 2553 ,
315 2522 369 2548 aut
397 2522 514 2547 eorum
545 2513 674 2557 aliquos
705 2521 819 2547 contra
852 2512 1135 2552 Referendarios,
1163 2521 1196 2547 et
1221 2511 1302 2547 alios
1341 2510 1567 2554 infrascriptos
1585 2532 1595 2547 ,
1626 2519 1663 2541 ac

185 2562 441 2602 deservientes,
473 2560 722 2607 Cappella'nos,
749 2560 958 2602 familiares,
988 2572 1020 2595 et
1041 2561 1223 2597 servitores
1253 2560 1407 2606 praefatos
1436 2557 1576 2598 haberi,
1603 2567 1663 2590 seu

1582 2615 1664 2653 pro-
