1993 3195
633 338 671 380 C
707 338 745 379 A
776 341 804 379 P
836 339 876 379 U
904 339 942 379 T
1002 340 1055 380 V.
1478 357 1501 385 2

214 398 314 440 Non
348 396 607 443 destituitur,
638 407 772 436 tamen
793 424 804 441 ‚
839 395 911 449 qui
946 397 1060 436 tertio
1093 398 1135 437 in
1168 409 1287 439 causa
1317 360 1564 450 succumbit?

100 458 174 500 alio
195 453 396 499 remedio
386 468 449 510 jus
475 467 597 495 suum
621 453 760 494 denuo
779 453 1043 520 experiendi,
1071 456 1184 519 quod
1207 467 1263 495 est
1279 456 1557 499 Restitutionis

107 517 147 557 in
166 517 395 581 integrum3
412 527 450 556 et
468 513 509 554 in
529 512 658 554 Curia
680 528 755 569 pro
780 514 901 555 unica
919 512 1036 562 vice,
1039 513 1170 555 etiam
1188 514 1344 565 absque
1363 528 1498 566 causa,
1511 533 1556 559 ac

96 573 245 616 etiamsi
280 572 414 622 intra,
446 572 505 616 vel
531 585 619 629 post
652 573 959 629 quatriennium
986 587 1172 631 petatur,
1213 573 1382 614 concedi
1416 575 1553 626 solet;

95 648 196 688 quae
219 631 381 688 quidem
402 631 612 674 Restitutio
633 632 680 674 de
697 631 759 673 sui
785 645 929 673 natura
965 626 1138 674 retardat
1154 632 1552 688 exequutionemju-

96 691 323 734 dicatorum
338 719 350 738 ,
382 690 552 746 quando
569 691 715 747 petitur
735 692 969 748 priusquam
998 691 1058 732 illa
1078 703 1217 749 coepta
1238 692 1314 741 sit;
1345 706 1553 750 eapropter

93 750 332 808 Signatura,
366 751 464 791 dum
483 750 631 792 dictam
649 750 938 792 restitutionem
955 751 1141 793 concedit
1160 724 1352 795 advers'us
1368 764 1444 793 tres
1462 754 1555 794 Sen-

94 810 238 851 tentias
255 838 267 857 ‚
298 824 474 865 quarum
491 807 642 861 justitia
663 809 958 865 praesumitur,
989 811 1039 851 ne
1061 812 1284 852 retardetur
1309 809 1551 863 exequutio,

93 869 189 910 solet
217 869 516 911 commissiones
536 869 721 926 expedire
749 884 844 910 cum
873 869 1083 912 clausula.
1111 870 1194 911 sine
1212 867 1458 926 praejudicio
1496 872 1553 914 rei

80 925 310 984 judicatae,
341 929 400 970 vel
416 927 532 970 trium
552 927 839 980 conformium3
868 942 989 986 prout
1008 929 1199 971 admonet
1228 931 1290 971 De
1308 931 1413 971 Luca
1445 931 1548 987 (1).

211 987 357 1055 Quuin
389 1002 485 1030 vero
519 988 646 1031 dictae
664 1001 740 1030 tres
764 989 1017 1037 Sententiae,
1022 988 1097 1031 vel
1128 989 1240 1029 duo*
1232 1004 1273 1029 tn
1294 1004 1393 1031 casu
1425 990 1552 1032 alicu-

90 1045 156 1104 jus
189 1047 326 1088 statuti
355 1047 635 1104 municipalis,
671 1047 712 1087 in
745 1048 937 1088 omnibus
972 1062 1055 1088 non
1082 1048 1357 1096 conveniant,
1394 1048 1470 1090 hoc
1495 1061 1552 1090 est

91 1105 316 1147 conformes
347 1122 429 1148 non
448 1107 554 1157 sint,
589 1121 686 1150 tunc
704 1107 920 1164 Signatura
956 1106 1069 1147 addit
1103 1106 1208 1147 hanc
1231 1106 1477 1150 clausulam·
1504 1107 1552 1148 In

91 1177 135 1205 eo
153 1164 193 1205 in
216 1181 294 1222 quo
309 1179 399 1207 sunt
416 1167 658 1220 conformest,
680 1181 718 1208 et
739 1167 791 1207 ira
822 1179 1100 1223 praeservatur
1118 1165 1282 1213 judici,
1311 1181 1333 1205 a
1362 1181 1446 1220 quo
1478 1182 1553 1224 ap-

90 1223 310 1279 pellatum,
339 1238 692 1280 provocatumque
731 1237 816 1272 est,
852 1223 1018 1264 facultas
1048 1223 1263 1263 sententias
1294 1226 1552 1292 exequendi,

90 1283 277 1334 quamvis
301 1296 436 1323 coram
468 1282 545 1324 alio
560 1282 700 1329 iudice
734 1281 775 1321 in
806 1282 934 1338 gradu
965 1280 1197 1337 praedictae
1219 1281 1478 1324 restitutionis
1509 1284 1551 1326 in

90 1339 292 1397 integrum
331 1340 471 1383 Causa
499 1340 759 1389 revideatur3·
792 1341 839 1382 de
865 1340 934 1388 vi,
968 1337 1163 1381 eteffectu
1193 1339 1320 1395 hujus
1349 1340 1551 1385 clausulae

88 1397 164 1441 late
183 1412 309 1455 agunt
327 1400 498 1442 Barbosa
514 1399 618 1455 (ε),
645 1400 929 1442 Marclzesanus
948 1398 1043 1456 (3),
1071 1413 1108 1440 et
1125 1400 1187 1440 De
1203 1399 1308 1440 Luca
1338 1399 1554 1455 (4).1m..

89 1472 156 1499 mo
182 1458 213 1499 si
247 1472 322 1499 tres
351 1459 578 1500 Sententiae
605 1458 829 1501 conformes
854 1460 932 1500 sint
949 1456 1270 1501 evidentissime
1260 1473 1416 1509 justae,
1450 1459 1554 1503 itaut

90 1516 251 1559 nullum
273 1517 466 1585 adpareat
493 1531 709 1575 gravamen
732 1531 779 1556 ex
799 1518 896 1559 actis
911 1515 1260 1573 praecedentium
1252 1518 1556 1567 instantiarum,

89 1590 127 1619 et
153 1577 372 1633 praecipue
387 1591 415 1617 si
437 1578 594 1633 aliquae
622 1590 762 1617 earum
781 1576 937 1618 Rnales
953 1577 1061 1626 sint,
1079 1576 1209 1616 solent
1228 1574 1548 1620 commissiones

90 1634 324 1691 hujusmodi
345 1666 356 1683 ‚
390 1636 670 1680 Restitutionis
699 1652 837 1694 nempe
873 1638 915 1677 in
937 1636 1138 1692 integrum
1159 1634 1311 1703 signari
1334 1651 1426 1677 cum
1444 1637 1553 1679 clau-

28 1728 32 1729 ,
87 1695 172 1737 sula
191 1696 340 1752 ‚parite
354 1694 536 1750 judicato
549 1725 563 1762 .’
580 1710 686 1750 quae
706 1696 745 1736 id
757 1710 984 1765 operatur,
1004 1709 1049 1737 ut
1074 1710 1157 1737 non
1176 1695 1298 1751 possit
1311 1695 1477 1752 procedi
1495 1695 1554 1737 ad

89 1754 205 1795 aliam
225 1754 392 1822 judicati
410 1756 709 1822 cognitionem,
729 1756 802 1797 risi
830 1756 930 1797 facta
949 1755 1062 1813 prius
1082 1754 1134 1797 sit
1154 1754 1305 1810 integra
1326 1754 1550 1808 exequutio

86 1815 300 1855 sententiae
315 1842 327 1860 ,
345 1815 468 1856 etiam
488 1829 555 1870 per
577 1815 869 1857 restitutionem
889 1814 1129 1864 fructuum,
1148 1827 1190 1856 et
1205 1828 1472 1879 expensarum
1488 1828 1548 1855 so-

87 1872 284 1913 lutionem
306 1888 320 1922 3
347 1872 461 1925 quod
489 1887 510 1912 a
533 1873 772 1913 Forensibus
791 1875 932 1914 nostris
949 1874 1095 1914 dicitur
1113 1903 1125 1921 ,
1145 1873 1219 1913 nisi
1241 1872 1292 1913 sit
1311 1872 1476 1914 doctum
1499 1871 1547 1913 de

86 1929 309 1987 paritioue.
331 1932 380 1972 Et
402 1943 457 1972 est
477 1927 699 1970 differentia
730 1929 830 1971 inter
849 1930 1094 1978 clausulam,
1112 1929 1194 1971 sine
1221 1928 1464 1996 praejudicio
1494 1929 1559 1972 rei*

75 1989 306 2055 judicatae,
325 2006 389 2032 seu
420 1989 535 2030 trium
554 1987 837 2040 conformium,
855 2003 894 2030 et
914 1990 1043 2045 parim
1065 1988 1282 2045 judicato·
1297 2003 1397 2030 nam
1411 1989 1547 2045 vigore

89 2048 232 2106 prioris
250 2048 448 2090 clausulae
481 2048 622 2089 eodem
655 2060 829 2105 ternpore
848 2049 981 2102 Judex
1011 2049 1066 2090 ad
1082 2062 1209 2100 quern
1233 2060 1361 2104 potest
1385 2048 1547 2088 Senten-

89 2107 185 2150 tiam
218 2107 484 2163 exequutioni
519 2108 798 2155 demandare,
833 2121 871 2150 et
912 2123 1058 2152 novam
1087 2107 1241 2148 Causae
1275 2105 1556 2164 cognitionem

91 2166 329 2217 instituere,
344 2166 384 2210 vi
417 2177 549 2207 tamen
577 2166 739 2206 alterius
771 2167 971 2207 clausulae
1001 2167 1064 2207 ille
1085 2167 1226 2208 haud
1219 2181 1261 2207 in
1282 2164 1556 2222 Causajudi-

92 2240 199 2273 care,
214 2240 251 2268 et
268 2241 506 2284 cognoscere
522 2224 643 2272 valet,
656 2223 786 2266 donec
804 2225 934 2272 judex
955 2239 974 2264 a
997 2238 1081 2277 quo
1101 2227 1297 2281 integram
1314 2224 1561 2280 exequutio*

93 2299 184 2327 nem
213 2285 453 2331 absolverit,
477 2285 541 2328 vel
564 2286 656 2325 Pars
685 2284 863 2327 adversa
883 2283 1065 2341 judicato
1096 2283 1360 2334 satisfecerit,
1379 2297 1550 2340 nempe,

95 2344 233 2400 quoad
260 2345 465 2403 negotium
484 2343 702 2400 principale
720 2371 733 2390 ‚
750 2358 863 2385 secus
878 2358 975 2387 vero
992 2343 1135 2400 quoad
1150 2342 1443 2386 restitutionem
1467 2343 1554 2385 fru-

95 2416 266 2453 ctuum,
280 2418 319 2446 et
344 2418 648 2462 expensarum
1403 2402 1556 2457 Quum.
1601 2400 1607 2405 '

251 2482 404 2502 -ubun
1351 2481 1509 2496 --ι-

140 2547 197 2587 (1)
222 2545 321 2577 Κεῖαι.
338 2547 438 2578 Curiae
452 2548 529 2579 disc.
545 2557 598 2588 31.
616 2557 647 2578 n.
663 2555 716 2587 37.
854 2544 909 2586 (3)·
933 2547 978 2576 De
993 2546 1197 2586 Commiss.p.
1215 2553 1244 2575 2.
1263 2541 1331 2583 §'.1.
1350 2553 1380 2573 n.
1403 2549 1486 2581 1542

140 2591 193 2633 (2)
221 2589 356 2624 Clausal.
375 2600 431 2631 97.
854 2591 909 2632 (4)
933 2591 1034 2623 Relat.
1053 2591 1154 2622 Curiae
1169 2589 1247 2622 disc.
1267 2597 1364 2629 31.n.
1381 2597 1440 2631 39ι
