1993 3195
593 288 625 321 A
659 288 687 320 P
722 287 749 320 P
789 288 812 320 E
855 287 888 320 N
929 287 963 320 D
1002 288 1017 321 Ι
1057 287 1087 321 X.
1575 300 1619 336 41

111 335 179 369 bris
195 333 364 378 sequentis
379 356 390 372 ‚
425 333 483 378 qui
502 337 541 367 D.
555 337 703 367 Decanus
723 335 906 377 aperiendo
933 337 1079 368 Mentem
1098 335 1280 380 Signatum
1293 357 1303 373 ‚
1331 335 1482 368 decrevit
1497 359 1505 374 ‚
1524 339 1616 380 quod

109 383 336 422 relaxaretur,
361 389 394 416 et
410 382 602 428 signaretur
627 382 835 417 Commissio
852 381 950 419 huius
967 382 1120 416 secunda:
1138 382 1383 426 Appellationis
1411 394 1486 416 cum
1514 384 1616 418 Clau-

109 431 203 466 sula:
250 431 287 464 de
306 431 551 478 Appellatione
564 432 811 478 circumscripta
838 430 1062 478 possessione.
1081 437 1112 463 et
1142 432 1302 464 restitutis
1327 429 1520 472 fructibus.
1555 432 1618 466 Ra-

109 479 156 514 tio
172 480 282 524 itaque
303 480 402 519 huius
422 479 655 515 Resolutionis
684 479 744 516 fuit
759 504 768 520 ,
796 481 885 526 quod
902 490 1005 524 quum
1023 486 1131 522 partes
1151 479 1251 513 tacite
1284 479 1313 512 in
1335 483 1417 521 Rota
1444 480 1616 515 renuncia-

109 528 222 564 ¹verint
248 528 458 575 AEgidianae,
491 541 556 563 non
574 529 803 574 disputando,
832 541 870 563 an
897 537 983 563 esset
1012 528 1111 563 dicta:
1141 527 1326 574 AEgidianae
1364 527 1483 566 locus,
1517 540 1616 564 causa

111 578 304 613 remanebat
319 581 360 613 de
377 579 427 613 sui
444 587 559 613 natura
587 576 794 623 appellabilis
817 601 828 616 ‚
858 586 891 611 et
903 585 1084 622 propterea
1117 589 1182 611 non
1214 585 1374 621 potuerat
1402 576 1476 622 capi
1506 577 1618 612 Bono·

112 638 185 662 rum
203 628 368 672 possessio
394 627 479 661 intra
496 636 628 672 tempus
656 627 697 661 ad
713 625 948 672 appellandum
968 634 1035 660 etc.
1050 628 1175 671 absque
1190 627 1278 661 vitio
1294 635 1535 661 attentatorum
1553 651 1563 666 ,
1578 635 1619 661 ut

113 686 296 722 propterea
326 675 397 710 talis
414 683 507 720 capta
535 676 701 720 possessio
716 684 801 711 esset
834 675 1142 710 circumscribenda
1173 687 1251 710 cum
1273 675 1433 711 omnibus
1464 675 1540 709 inde
1566 687 1623 710 se-

112 725 254 770 quutis‚
281 732 314 758 et
329 724 492 759 deberent
518 725 637 760 exinde
668 726 796 761 fructus
824 723 974 768 percepti
1001 724 1158 758 restitui.
1187 725 1262 759 Nec
1293 725 1408 759 voluit
1437 723 1620 769 signatura

110 773 288 820 persistere
306 773 337 807 in
353 773 463 817 primo
478 773 704 819 suprascripto
737 772 916 817 Rescripto
945 782 1099 807 emanato
1126 775 1188 807 sub
1203 773 1256 807 die
1274 785 1333 808 22.
1350 773 1499 819 Augusti
1516 774 1619 807 1680.

112 821 380 868 circumscriptis
397 823 552 858 omnibus
582 823 681 868 gestis
698 830 762 858 etc.
794 833 833 856 ex
847 820 982 866 aliquali
1008 821 1166 866 aequitate
1183 846 1192 862 ‚
1220 822 1300 867 quia
1320 822 1387 856 fuit
1415 823 1555 856 doctum
1575 822 1619 856 de

111 869 248 915 aliquali
264 872 509 907 consuetudine
524 872 620 907 Rota-2
635 872 667 906 in
680 870 897 918 procedendo
915 870 1048 915 quando
1066 870 1179 904 Partes
1210 871 1424 906 consentiunt
1448 896 1458 911 ‚
1488 869 1543 905 vel
1559 870 1621 905 sal-

111 928 180 954 tem
196 931 262 954 non
281 920 504 962 dissentiunt3
530 922 684 967 quamvis
716 921 747 955 in
781 918 988 954 contrarium
1018 927 1158 963 urgeret
1186 920 1353 953 motivum
1373 942 1383 958 ‚
1417 928 1450 954 ct
1478 918 1621 958 dejuris

109 968 223 1014 rigore
238 971 474 1006 attendendum
493 995 503 1011 ,
531 971 624 1016 quod
643 970 727 1004 Rota
742 970 877 1014 quando
892 975 942 1001 est
959 967 1072 1007 Judex
1091 966 1326 1011 appellationis
1355 979 1419 1002 non
1450 968 1558 1012 possit
1585 967 1619 1001 in

108 1016 233 1052 Causis
263 1019 446 1063 procedere
479 1028 618 1056 contra,
645 1030 704 1054 seu
724 1025 847 1063 praeter
864 1017 1006 1052 formam
1039 1015 1304 1051 Commissionis
1332 1041 1343 1056 ,
1375 1026 1408 1051 et
1439 1015 1616 1062 Rescripti

109 1064 296 1111 Signaturae
318 1068 348 1102 in
372 1069 623 1103 Commissione
650 1066 820 1113 appositi.

207 1116 323 1150 Rebus
357 1116 404 1151 sic
420 1117 581 1151 stantibus
606 1116 670 1150 fuit
695 1128 758 1161 pro
781 1123 877 1161 parte
905 1117 1076 1150 dictorum
1107 1116 1200 1150 Petri
1234 1115 1449 1161 Ciamenghi,
1475 1121 1508 1148 et
1534 1112 1619 1148 Iulii

110 1163 243 1197 casaris
272 1168 402 1200 Mazza
428 1165 596 1209 incapsata
630 1164 719 1198 dicta
735 1163 881 1198 secunda
896 1163 1109 1205 Commissio
1127 1163 1363 1208 appellationis
1382 1164 1412 1198 in
1434 1163 1521 1197 Rota
1535 1172 1618 1197 cum

108 1211 258 1247 clausula
280 1227 289 1247 z
314 1214 581 1261 sinepraejudicio
599 1221 664 1248 etc.
697 1212 867 1247 scribente
882 1222 944 1257 pro
962 1211 1039 1258 ipsis
1066 1211 1256 1247 Innocentio
1286 1213 1401 1248 Meula
1418 1211 1619 1246 Procurato-

108 1270 145 1294 re
157 1284 167 1293 .
194 1261 242 1295 At
256 1273 332 1297 cum
349 1265 413 1296 hoc
430 1263 556 1298 factum
583 1262 702 1297 fuisset
720 1272 833 1298 contra
850 1270 996 1297 mentem
1013 1259 1199 1308 Signaturae
1215 1285 1224 1301 ‚
1239 1270 1273 1295 et
1291 1262 1478 1297 Decretum
1496 1259 1619 1295 exinde

107 1308 237 1344 factum
269 1319 425 1356 utsupra
442 1323 459 1345 a
474 1311 627 1346 Domino
641 1313 784 1347 Decano
812 1313 997 1358 Signaturae
1012 1313 1049 1345 de
1065 1311 1309 1357 Appellatione
1324 1335 1334 1350 ‚
1364 1309 1617 1356 circumscripta

104 1358 312 1405 possessione
326 1382 336 1397 ‚
364 1367 396 1393 et
414 1362 593 1397 reservatis
617 1362 806 1403 fructibus,
826 1362 1003 1405 signatura
1018 1361 1081 1394 sub
1099 1359 1153 1394 die
1178 1362 1232 1394 16.
1248 1359 1399 1399 Januarii
1431 1359 1536 1393 1681.
1567 1367 1619 1391 re.

109 1414 265 1440 currente
290 1408 463 1441 francisco
477 1411 619 1442 Taccono
635 1434 646 1448 ,
663 1418 697 1443 et
709 1422 772 1453 pro
788 1421 828 1443 eo
847 1409 1013 1442 scribente
1028 1407 1148 1442 Jacobo
1174 1408 1290 1441 Tesino
1321 1408 1552 1441 Procuratore
1568 1415 1621 1440 re-

107 1455 242 1500 scripsit
258 1455 503 1503 circumscripto
522 1456 630 1490 Dubio
647 1457 759 1497 Rotali
773 1468 846 1491 cum
866 1455 1016 1490 omnibus
1035 1456 1111 1489 inde
1131 1455 1280 1502 sequutis
1318 1455 1489 1490 relaxetur
1521 1457 1619 1489 Com-

108 1505 220 1539 missio
246 1506 339 1545 iuxta
355 1504 498 1547 formam
513 1507 645 1540 Decreti
662 1506 794 1541 Domini
807 1505 933 1539 Decam‘
948 1505 1131 1550 Signatum
1146 1527 1156 1543 ,
1188 1512 1218 1538 et
1235 1505 1346 1550 quoad
1361 1504 1618 1551 liquidatt'onem

105 1551 302 1595 fructuum,
330 1561 362 1587 et
375 1555 565 1590 damnorum
582 1557 624 1589 ad
637 1556 814 1589 Dominum
831 1554 1063 1600 Rattam(qu1'
1091 1562 1140 1587 est
1154 1553 1307 1587 Auditor
1341 1555 1525 1599 Signaturae
1551 1559 1615 1598 pro

109 1602 375 1637 Eminentisst'mo
407 1602 564 1644 Praefecto
591 1607 680 1650 >pro
693 1602 880 1650 praefixione
909 1603 1054 1637 Termini
1085 1608 1229 1638 Taccono
1243 1603 1286 1636 ad
1305 1602 1537 1648 liquidandum
1552 1625 1564 1636 .

203 1651 299 1686 Dum
328 1653 398 1687 haec
429 1652 542 1686 Causa
570 1651 616 1687 sic
644 1651 859 1698 agitabatur,
889 1650 953 1686 fuit
977 1662 995 1684 a
1013 1650 1106 1685 dicto
1134 1651 1253 1686 Jacoho
1275 1653 1392 1685 Tesino
1411 1648 1614 1685 'Procurato-

108 1710 145 1734 η
176 1700 317 1735 Taccom‘
345 1700 475 1735 habitus
504 1712 660 1736 recursus
690 1701 729 1736 ad
757 1700 967 1745 signaturam
1000 1700 1227 1744 exponendo,
1245 1701 1338 1745 quod
1370 1700 1477 1735 fuerat
1502 1697 1614 1733 aTri-

109 1748 225 1784 bunali
254 1749 354 1784 Rotae
380 1761 557 1794 suspensus
586 1752 625 1784 ab
652 1749 814 1785 exercitio
830 1747 1064 1783 procuratoris
1087 1749 1117 1782 in
1139 1748 1198 1782 illo
1214 1748 1388 1783 Tribunali
1418 1749 1461 1782 ob
1493 1758 1613 1782 recur-

109 1809 165 1832 sus
188 1799 228 1831 ad
251 1796 465 1843 Signaturam
483 1797 612 1831 habitos
626 1821 635 1831 .
657 1799 719 1831 Sed
747 1809 834 1844 aegre
850 1799 913 1832 hoc
939 1797 1068 1831 ferente
1087 1796 1259 1831 Tribunali
1276 1798 1461 1843 Signaturae
1475 1820 1486 1836 ,
1506 1804 1613 1842 utque

109 1858 174 1882 non
205 1855 291 1881 esset
316 1846 550 1892 angustiandus
575 1857 728 1881 recursus
759 1847 797 1880 ad
825 1845 1021 1889 Principem
1039 1869 1048 1884 ,
1078 1844 1222 1880 scilicet>
1245 1847 1284 1880 ad
1308 1846 1470 1881 Tribunal
1491 1845 1611 1890 Signa-

110 1904 191 1931 turae
210 1909 286 1931 cuni
309 1896 429 1941 plena,
449 1906 484 1932 et
510 1908 618 1942 usque
635 1907 722 1931 nunc
749 1894 860 1929 habita
883 1893 1040 1929 libertate
1056 1918 1066 1934 ‚
1087 1893 1152 1929 fuit
1178 1904 1355 1941 propterea
1376 1908 1394 1930 a
1415 1896 1504 1930 Rota
1523 1894 1610 1928 rein·

111 1951 259 1989 tegratus
276 1970 286 1985 ‚
304 1946 457 1990 quamvis
481 1959 499 1980 a
531 1944 701 1981 Tribunali
729 1945 826 1980 Rotae
855 1944 1081 1991 allegaretur,
1112 1945 1205 1990 quod
1230 1956 1297 1980 non
1322 1952 1465 1990 propter
1493 1953 1608 1978 recur-

111 2005 184 2029 sum
217 2003 252 2027 ut:
277 2005 375 2039 supra
399 1996 438 2029 ad
464 1994 675 2039 signaturam
702 1995 812 2030 fuerat
839 2007 1016 2040 suspensus
1043 2019 1054 2035 ‚
1080 1995 1137 2028 sed
1167 1994 1260 2040 quod
1288 2001 1356 2028 tam
1392 1993 1462 2038 ipse
1495 1991 1607 2027 dictus

110 2042 252 2077 Tesinus
279 2054 380 2088 quam
419 2055 533 2078 omnes
560 2043 616 2078 alii
644 2045 884 2079 Procuratores
914 2045 1044 2079 fuerant
1068 2044 1249 2088 suspensi,
1275 2043 1334 2089 qui
1354 2042 1546 2078 scribebant
1573 2040 1608 2075 in

113 2090 226 2131 Rota,
254 2101 314 2125 nec
329 2090 460 2124 fuerant
477 2092 654 2136 approbati
681 2101 713 2125 et
741 2092 946 2131 examinati;
975 2104 1048 2137 quae
1078 2102 1189 2127 tamen
1215 2092 1315 2127 Rotae
1346 2089 1522 2128 excusatio
1540 2100 1610 2122 non

112 2137 178 2174 fuit
207 2139 239 2174 in
269 2140 367 2179 huius
395 2139 625 2185 contingentia
648 2139 991 2174 CausaeaTribunali
1018 2140 1202 2184 Signaturae
1231 2148 1428 2185 acceptata,
1453 2136 1609 2184 quamvis

115 2196 270 2224 caeterum
302 2186 418 2221 relicta
430 2189 491 2223 sub
520 2187 741 2232 dispositione
770 2188 884 2222 Rotali
913 2188 1021 2223 Tesini
1039 2199 1078 2222 ac
1109 2187 1373 2223 Procuratorum
1404 2186 1578 2233 suspensio
1593 2200 1611 2226 ,¹

117 2236 195 2282 quia
231 2249 296 2272 non
324 2235 466 2272 fuissent
495 2236 672 2270 examinati
699 2260 709 2275 ,
740 2245 773 2270 et
801 2236 974 2282 approbati
1003 2260 1013 2277 ‚
1045 2245 1138 2272 extra
1172 2245 1282 2272 tamen
1314 2248 1428 2272 casum
1468 2244 1502 2270 et
1530 2246 1609 2269 con-

119 2286 312 2329 tingentiam
337 2286 436 2325 hujus
464 2284 607 2324 Causae,
633 2291 671 2318 ut
686 2291 863 2328 propterea
893 2284 1112 2330 reintegratus
1130 2285 1269 2320 omnino
1297 2285 1399 2321 fuerit
1424 2297 1442 2319 a
1470 2285 1556 2318 Rota
1570 2282 1604 2319 in

120 2332 277 2368 omnibus
293 2357 304 2373 ,
321 2342 355 2368 et
379 2345 441 2380 per
468 2333 580 2367 omnia
606 2332 714 2368 dictus
744 2331 884 2366 Tesinns
910 2332 1140 2367 Procurator.

218 2381 364 2417 Tandem
393 2381 472 2428 quia
502 2381 583 2416 dicti
612 2387 732 2415 'Petrus
759 2382 956 2427 Ciamengus
977 2388 1009 2414 et
1025 2381 1133 2416 Julius
1155 2384 1257 2417 Caesar
1278 2387 1408 2418 Mazza
1424 2389 1608 2428 paruerunt

124 2429 305 2475 Rescripta
340 2429 521 2476 Signaturae
550 2429 763 2465 reformando
806 2429 1095 2464 Commissionem
1127 2441 1168 2465 ex
1203 2431 1344 2468 adverso
1377 2432 1610 2478 interpositam

125 2490 201 2515 cum
231 2476 399 2519 clausula;
427 2480 463 2512 de
479 2479 743 2527 appellatione,
769 2486 802 2513 et
817 2479 1046 2514 renunciando
1076 2479 1279 2523 possessioni
1312 2488 1440 2526 captae,
1473 2489 1506 2516 et
1534 2491 1611 2526 pro-

124 2528 277 2564 testando
301 2539 338 2562 se
365 2525 552 2573 paratos'ad
586 2526 809 2564 restituendos
839 2527 970 2564 fructus
987 2537 1163 2575 perceptos
1180 2553 1191 2570 ,
1207 2541 1250 2566 ex
1277 2531 1418 2566 adverso
1445 2529 1610 2577 liquidan-

1044 2578 1062 2612 f
1545 2579 1608 2615 dos
