1993 3195
44 2530 59 2537 κ

612 286 643 321 Α
680 286 707 318 Ρ
745 285 772 318 Ρ
811 286 836 319 E
874 286 906 319 N
945 285 980 319 D
1019 286 1034 320 1
1068 285 1098 320 X
1545 290 1588 325 25

102 343 330 382 opportunum
360 338 373 373 ',
404 333 479 367 Hac
519 331 625 377 igitur
650 340 759 370 nostra
790 340 954 376 perpetuo
983 333 1128 366 valitura
1155 328 1399 366 constitutione
1425 330 1596 374 praedictas

101 392 292 420 nostrorum
322 381 606 427 praedecessorum
634 402 644 418 ‚
670 379 701 413 in
735 378 798 413 illis
827 380 979 423 partibus
1009 403 1020 418 ‚
1047 391 1122 424 quae
1148 380 1302 423 praesenti
1337 389 1400 412 non
1423 379 1604 412 adversan-

101 443 179 471 tur,
211 440 268 466 aut
297 429 377 465 alias
410 429 563 476 legitime
589 428 778 465 reformatae
818 439 884 462 non
915 426 1039 463 fuerint
1064 452 1075 467 ,
1111 429 1378 465 confirmamus,
1411 434 1444 459 et
1472 426 1615 461 innova-

100 492 199 517 mus.
227 481 370 525 Insuper
397 480 558 524 erigimus
588 503 598 519 ,
640 486 672 512 et
705 476 912 512 instituimus
938 475 1136 522 Collegium
1166 477 1366 510 eorumdem
1404 474 1617 508 Referenda-

100 530 230 565 riorum
259 553 269 569 ,
312 529 406 574 quod
439 527 598 563 volumus
639 526 867 571 repraesentari
900 537 942 562 ex
969 525 1149 561 duodecim
1176 522 1385 559 Votantibus
1421 522 1616 567 Signaturae

99 577 243 620 justitiae
271 578 314 612 de
352 587 522 621 corpore,
546 587 584 610 ac
625 586 766 610 numero
796 576 946 621 ipsorum
978 574 1300 609 Referendariorum
1330 571 1472 610 electis,
1509 580 1542 605 et
1577 571 1611 605 in

99 636 273 674 posterum
313 625 474 671 eligendis
503 650 513 665 ‚
541 635 686 670 quorum
715 633 817 668 caput
842 650 853 666 ,
882 636 919 659 ac
950 624 1200 659 moderatorem
1229 630 1395 668 perpetuo
1424 619 1610 655 constitui-

101 688 176 712 mus
202 675 403 711 Praefectum
431 673 581 712 eiusdem
599 674 784 719 Signaturae
809 673 946 713 justitiae
960 684 1023 718 pro
1053 681 1206 717 tempore
1238 671 1467 708 existentem3
1498 676 1533 703 et
1555 681 1617 703 an-

105 723 233 769 tiquior
265 735 382 758 eorum
409 722 442 757 in
466 723 578 757 officio
594 721 821 767 appellabitur
844 723 1027 757 Decanus.
1063 722 1200 757 Horum
1229 729 1342 755 autern
1370 719 1521 754 officium
1545 717 1616 752 erit:

101 773 248 808 formare
286 771 519 817 inquisitiones
543 796 553 810 ,
594 782 631 805 ac
660 782 834 815 processus
870 781 971 816 super
1006 770 1228 815 qualitatibus
1259 780 1379 804 eorum
1409 792 1420 808 ,
1463 765 1522 812 qui
1570 766 1614 800 ad

101 822 283 867 praefatum
312 819 540 855 Referendarii
579 832 724 859 munu5‚
751 832 787 855 ac
817 819 1014 866 dignitatem
1046 818 1245 854 admittendi
1265 826 1389 856 erunt,
1424 823 1525 860 prout
1544 813 1615 848 siu-

101 869 189 917 gulis
221 869 390 904 I’raefectis
413 869 597 915 Signaturae
625 868 762 914 speciali
793 870 958 914 rescripto
999 867 1283 908 demandabitur,
1313 875 1353 902 ut
1382 864 1467 900 infra
1500 871 1613 898 statu-

101 927 174 954 tum
202 927 274 953 est.
310 919 476 953 Praeterea
504 918 628 954 eisdem
659 918 820 958 Decano,
848 927 880 953 et
898 917 1061 963 Collegio
1077 917 1252 953 incumbet
1277 925 1424 952 coeteros
1440 912 1606 948 Referen-

103 966 240 1006 darios,
258 968 441 1012 praesertim
472 968 505 1002 in
531 977 704 1013 posterum
721 967 931 1011 recipiendos
949 965 1128 1011 diligenter
1158 967 1323 1000 instruere
1341 965 1382 998 de
1414 962 1460 996 eis
1486 984 1498 1000 ,
1529 970 1606 1006 quae

105 1023 260 1061 spectant
278 1017 318 1050 ad
344 1015 543 1051 exercitium
573 1027 690 1051 eorum
717 1015 848 1056 officii,
876 1024 910 1051 et
936 1015 1092 1051 omnibus
1127 1015 1281 1049 intimare
1308 1013 1472 1050 decreta,
1501 1017 1534 1043 et
1551 1018 1611 1043 or-

102 1065 291 1100 dinationes
321 1077 551 1112 quascumque
582 1089 592 1105 ‚
633 1075 699 1100 tam
740 1073 866 1100 nostras
894 1089 904 1105 ,
945 1076 1047 1110 quam
1076 1063 1226 1103 eiusdem
1259 1061 1413 1097 Praefecti
1445 1083 1456 1099 ‚
1482 1068 1605 1093 eorum

101 1125 260 1159 personas
289 1138 300 1153 ,
330 1126 367 1149 ac
400 1127 519 1149 munus
553 1123 789 1149 concernentes
822 1138 833 1154 ,
872 1124 905 1149 et
947 1112 1182 1148 concernentia
1214 1135 1225 1151 ,
1255 1122 1316 1146 nec
1344 1120 1410 1144 non
1440 1108 1539 1146 dies,
1568 1115 1609 1140 ac

105 1170 287 1207 tempora,
313 1170 348 1195 et
374 1162 509 1197 servitia
536 1174 554 1195 a
580 1162 720 1207 singulis
744 1172 861 1198 eorum
894 1161 992 1196 nobis
1019 1170 1087 1196 tam
1103 1162 1136 1196 in
1153 1159 1314 1205 Cappella
1342 1165 1477 1196 nostra,
1507 1165 1613 1200 quam

103 1212 138 1246 in
166 1210 241 1246 aliis
268 1210 499 1247 functionibus
533 1212 740 1256 praestanda‚
770 1223 809 1246 ac
837 1210 939 1246 etiam
957 1221 1100 1250 curare,
1132 1218 1170 1245 ut
1196 1208 1326 1244 tabellae
1352 1205 1542 1242 indicantes
1558 1203 1616 1237 Si-

105 1268 268 1306 gnaturas
296 1283 308 1300 ,
347 1269 381 1295 et
406 1260 697 1307 Congregationes
724 1260 892 1296 faciendas
929 1260 1089 1305 congruis
1116 1258 1344 1303 .temp0ribus
1380 1267 1398 1288 a
1444 1250 1614 1288 Ministris

105 1307 276 1352 deputatis
291 1315 355 1348 ‚ut
377 1308 481 1343 moris
510 1319 587 1350 est,
608 1317 845 1354 exponantur,
871 1321 908 1344 ac
926 1308 1082 1344 omnibus
1109 1309 1249 1343 demum
1282 1304 1481 1341 incumbere
1500 1325 1511 1341 ,
1538 1311 1616 1346 quae

105 1355 212 1391 totius
239 1356 366 1391 ordinis
394 1357 554 1393 interesse
581 1367 787 1393 conternent
819 1384 831 1394 .
856 1357 1005 1403 Quoties
1035 1367 1119 1392 vero
1144 1356 1272 1392 dictum
1304 1352 1506 1397 Collegium
1534 1360 1619 1384 con-

103 1404 220 1441 vocari
250 1426 262 1443 ‚
288 1413 322 1439 et
347 1406 526 1440 coadunari
557 1418 692 1441 necesse
719 1406 783 1441 erit
809 1431 820 1446 ,
855 1406 1046 1450 requiratur
1071 1405 1164 1449 prius
1193 1402 1327 1438 licentia
1358 1397 1539 1437 Praefecti,
1576 1402 1613 1431 et

104 1454 147 1488 de
175 1454 246 1494 ejus
276 1455 431 1488 mandato
461 1464 523 1499 per
550 1454 729 1489 Decanum
769 1463 979 1488 convocetur
1008 1477 1019 1492 ‚
1060 1461 1160 1498 atque
1195 1451 1227 1486 in
1261 1453 1364 1486 domo
1396 1444 1613 1482 habitationis

105 1503 260 1542 ejusdem
287 1501 467 1543 Praefecti,
498 1510 531 1537 et
549 1514 614 1538 non
630 1502 736 1543 alibi,
763 1514 825 1537 nec
838 1501 935 1537 aliter
963 1501 1170 1540 convocari,
1204 1508 1237 1535 et
1251 1496 1434 1535 coadunari
1453 1495 1614 1542 possint,

105 1550 170 1585 nisi
185 1550 226 1584 de
241 1561 400 1595 expresso
429 1552 581 1590 ejusdem
612 1552 765 1587 Praefecti
794 1563 984 1590 consensu,
1013 1562 1050 1585 ac
1083 1549 1219 1585 licentia
1246 1549 1279 1583 in
1306 1545 1442 1591 scriptis
1474 1551 1613 1578 tantum

105 1601 312 1646 praestanda.
342 1599 510 1635 Volumus
540 1608 651 1634 autem
671 1601 846 1645 praefatum
874 1599 1072 1644 Collegium
1101 1612 1119 1634 a
1145 1597 1241 1632 nobis
1270 1596 1461 1631 institutum
1477 1592 1610 1628 eisdem.

105 1647 321 1694 privilegiis,
350 1658 384 1683 et
410 1648 683 1694 exemptionibus
710 1649 838 1694 perfrui
867 1673 878 1688 ‚
905 1660 942 1683 ac
959 1648 1088 1693 potiri,
1119 1647 1243 1693 quibus
1281 1653 1407 1680 coetera
1444 1639 1607 1686 collegia

105 1695 328 1732 Praelatorum
359 1698 521 1732 Romanae
544 1698 661 1734 Curiae
685 1697 884 1743 potiuntur,
916 1705 950 1732 et
976 1697 1149 1742 gaudent.
1179 1695 1290 1729 Porro
1316 1693 1393 1732 illi,
1421 1689 1480 1737 qui
1503 1690 1538 1725 in
1553 1699 1616 1724 or-

105 1745 220 1781 dinem
251 1747 574 1781 Referendariorum
611 1746 764 1791 cooptari
798 1755 939 1791 petent,
970 1757 1045 1780 ante
1073 1743 1187 1779 omnia
1215 1743 1405 1780 curabunt,
1435 1747 1473 1774 ut
1510 1737 1616 1773 relata

108 1794 232 1833 nobis,
251 1804 284 1829 et
312 1795 563 1829 successoribus
594 1794 713 1828 nostris
741 1807 759 1827 a
786 1795 951 1829 Praefecto
975 1793 1162 1838 Signaturae
1192 1802 1312 1826 eorum
1340 1786 1498 1825 instantia
1515 1811 1527 1827 ,
1556 1797 1627 1822 no··

107 1851 213 1878 strum
233 1867 244 1883 ,
278 1855 316 1877 ac
347 1843 587 1878 Successorum
614 1842 830 1887 praefatorum
859 1840 1107 1886 beneplacitum
1135 1839 1302 1886 praecedat
1321 1862 1331 1872 .
1352 1837 1490 1873 Deinde
1505 1844 1543 1871 ut
1567 1836 1613 1870 ab'

108 1892 232 1927 eodem
274 1891 464 1932 Praefecto,
494 1903 578 1926 unus
610 1903 652 1926 ex
680 1891 810 1926 Praelati
840 1890 968 1936 praefati
1008 1888 1161 1935 Collegii
1204 1887 1380 1934 delegetur
1415 1896 1478 1930 pro
1508 1884 1616 1937 coni}-

109 1941 233 1975 ciendo
268 1952 428 1986 processu
454 1965 466 1981 ‚
495 1941 526 1974 in
551 1951 619 1985 quo
647 1939 865 1984 infrascriptae
893 1937 1086 1974 instantium
1124 1936 1303 1984 qualitates
1334 1933 1487 1982 legitime
1514 1934 1612 1973 iusti-

109 1989 275 2024 ficentur.
306 1989 422 2024 Primo
439 2014 450 2030 ,
478 1988 629 2029 scilicet,
659 1996 694 2023 ut
710 2000 750 2024 ex
768 1999 879 2028 vero,
912 1999 946 2024 et
972 1987 1129 2034 legitimo
1156 1985 1399 2024 matrimonio,
1416 1990 1450 2018 et
1467 1980 1583 2028 probis
1597 1991 1614 2018 ·¹

115 2048 155 2071 ac
181 2037 329 2072 honestis
359 2038 552 2082 parentibus
583 2037 675 2076 nati,
701 2046 735 2072 et
764 2037 932 2082 procreati
963 2036 1055 2077 sint,
1081 2048 1118 2071 ac
1137 2037 1234 2071 bonae
1261 2033 1408 2071 indolis..
1432 2030 1535 2071 vitae,
1566 2039 1608 2065 ac

115 2085 212 2120 famae
241 2097 378 2132 prorsus
411 2085 591 2130 inculpatae
617 2085 773 2124 fuerint,
793 2094 894 2130 atque
909 2085 943 2119 in
974 2084 1140 2129 vigesimo
1160 2085 1281 2130 quinto
1312 2082 1419 2120 aetatis
1433 2091 1521 2115 anno
1538 2090 1617 2114 con·-

114 2132 223 2169 stituti
256 2149 265 2169 =
299 2145 459 2180 praeterea
502 2133 533 2168 in
571 2133 682 2178 aliqua
709 2132 847 2177 publica
880 2132 1107 2166 Universitate
1139 2133 1261 2167 studiis
1306 2130 1469 2178 legalibus
1497 2127 1634 2162 saltem-

117 2192 178 2228 per
208 2183 472 2230 quinquennium
501 2193 637 2227 operam
664 2181 818 2216 dederint
844 2205 854 2220 ‚
895 2192 932 2215 ac
963 2179 994 2215 in
1026 2181 1141 2215 eadem
1169 2180 1348 2225 utriusque
1375 2178 1461 2218 iuris
1485 2174 1616 2211 scilicet

120 2230 286 2267 Canonici
313 2257 323 2273 ,
353 2240 384 2267 et
413 2230 539 2266 Civilis
566 2231 711 2265 lauream
753 2229 966 2264 Doctoratus
999 2228 1145 2264 assecuti
1171 2229 1328 2265 fuerint:
1357 2236 1460 2273 atque
1489 2235 1618 2261 annuos

121 2278 219 2313 etiam
245 2281 394 2317 redditus
426 2290 592 2315 summam
619 2286 795 2312 scutorum
822 2277 915 2311 mille
943 2276 1209 2323 quingentorum
1240 2284 1385 2312 monetae
1410 2274 1620 2311 constituen-

123 2336 170 2363 tes
204 2338 310 2367 Vere,
337 2342 374 2365 ac
404 2328 562 2367 realiter,
587 2336 620 2362 et
650 2325 789 2372 pacifice
817 2325 1038 2370 possideant,
1075 2326 1130 2360 vel
1160 2338 1177 2359 a
1201 2325 1425 2363 Parentibus,
1450 2329 1509 2357 aut
1534 2331 1618 2365 pro·

123 2376 259 2422 pinquis
271 2376 397 2412 fuerint
422 2377 489 2413 illis
519 2376 630 2412 valide
650 2372 802 2420 assignati
819 2387 828 2406 ε
858 2385 896 2408 ac
913 2375 1049 2408 demum
1079 2373 1110 2407 in
1124 2374 1186 2408 hac
1202 2373 1311 2409 Curia
1326 2374 1478 2408 Romana
1495 2368 1618 2405 saltem

126 2436 188 2470 per
202 2424 372 2460 biennium
391 2427 513 2461 versati
540 2425 692 2464 fuerint,
709 2431 741 2458 et
765 2422 881 2458 studio
908 2433 1048 2467 praxeos
1073 2433 1174 2468 penes
1202 2421 1348 2467 aliquem
1376 2431 1418 2456 ex
1436 2417 1619 2455 Auditori-

126 2474 189 2509 bus
218 2474 314 2508 Rotae
331 2483 452 2508 nostrae
464 2498 476 2514 ,
489 2474 541 2510 vel
556 2474 638 2510 alios
660 2472 818 2508 Praelatos
833 2495 844 2511 ,
858 2470 1028 2506 Officiales
1043 2481 1101 2505 seu
1117 2471 1314 2505 Advocatos
1329 2468 1480 2510 ejusdem
1496 2467 1618 2503 Curiae

127 2521 245 2558 sedulo
276 2521 524 2560 incumbuerint
554 2537 563 2556 ε
595 2533 697 2569 super
727 2521 852 2566 quibus
878 2518 1062 2566 compilato
1091 2519 1272 2567 diligenter
1299 2529 1484 2567 processu,
1514 2518 1572 2553 fiat
1599 2528 1619 2551 a

1097 2570 1119 2603 d
1485 2567 1619 2603 Ponen-
