2075 3167
437 311 493 355 4²
732 293 807 335 DE
837 290 976 346 JURE
1010 288 1362 334 SIGNATURAE
1395 283 1651 343 JUSTlTlAE

438 369 621 413 gressus,
651 351 722 408 qui
742 353 863 410 vulgo
904 352 1019 408 plena
1056 351 1270 408 Signatura
1305 349 1483 397 dicitur,
1515 345 1694 401 qualibet
1719 339 1783 383 die
1806 337 1916 394 Iovis

443 415 491 456 de
508 428 623 457 mane
651 410 863 464 cujuslibet
901 411 1175 454 hebdomadae
1209 424 1292 451 non
1324 408 1538 465 impedita,
1570 406 1649 446 hoc
1684 413 1766 451 est,
1797 400 1917 441 dum-

442 474 564 515 modo
592 471 689 513 feria
710 471 843 525 aliqua
865 483 964 512 stata
983 502 995 520 ,
1028 482 1066 511 et
1082 468 1264 511 solemnis
1280 500 1292 519 ,
1321 468 1382 511 vel
1404 465 1608 524 repentina
1627 494 1639 511 ,
1674 474 1778 518 quae
1802 472 1917 525 nem-

443 545 491 588 pe
527 547 600 588 pro
632 546 669 572 re
711 543 804 572 nata
836 529 989 571 Curiae
1029 527 1221 570 indicitur
1241 559 1254 578 ,
1288 528 1330 568 in
1350 527 1455 568 dicta
1479 525 1540 566 die
1563 537 1646 564 non
1683 518 1910 561 coincidat-

447 589 567 644 Quae
586 589 749 646 quidem
776 588 1050 645 congregandi
1074 587 1174 628 ratio
1192 586 1417 643 antiquitus
1448 584 1684 627 servabatur
1711 576 1918 640 interdurn

444 663 571 704 usque
605 650 655 689 ad
677 648 923 689 medietatem
957 645 1100 688 mensis
1118 645 1242 698 Julii,
1274 638 1777 704 utpateteTribunalium
1807 634 1919 675 Indi-

445 721 487 748 ce
516 707 720 749 Francisci
738 705 890 753 Glzem'i,
921 721 1031 748 nunc
1069 719 1163 747 vero
1180 719 1306 760 usque
1340 704 1393 746 ad
1420 699 1720 755 mensemjunu
1741 726 1753 745 ²
1787 706 1922 736 nama

445 779 578 806 mense
595 766 691 819 julii
725 780 851 822 usque
873 766 924 807 ad
945 765 1099 807 exitum
1116 763 1360 820 Septembris
1385 762 1552 819 singulis
1569 772 1727 803 tantum
1746 753 1923 814 quinde-

447 823 523 864 cim
545 824 686 867 diebus
709 825 880 867 habetur
899 826 952 867 ob
971 825 1139 866 aestivos
1158 822 1304 864 calores
1325 821 1423 878 (1);
1457 822 1497 861 in
1519 833 1650 861 mense
1670 832 1764 861 vero
1793 811 1924 856 Octo-

447 881 526 922 bris
554 885 765 924 occasione
791 884 981 925 feriarum
999 881 1297 924 autumnalium
1315 880 1475 938 penitus
1495 890 1644 928 vacat3
1677 890 1760 931 qua
1790 874 1837 915 (le
1859 887 1923 922 re,

447 951 495 979 ut
516 942 707 983 omnibus
738 942 1003 983 innotesceret
1027 954 1231 995 quaenam
1252 939 1333 980 dies
1349 937 1570 981 vacationis
1587 949 1687 978 esset
1704 964 1717 983 ,
1742 933 1927 987 antiqui-

449 1008 513 1037 tus
547 997 589 1036 in
622 1000 761 1039 Banco
777 999 1008 1040 Cursorum
1037 999 1078 1038 in
1099 997 1181 1038 acie
1200 996 1348 1051 Campi
1369 996 1505 1036 Florae
1539 994 1681 1035 tabella
1702 991 1931 1032 collocaba-

449 1067 515 1096 tur
543 1069 613 1110 per
634 1055 856 1095 nonnullos
878 1057 959 1095 dies
980 1067 1070 1096 ante
1091 1082 1104 1100 ‚
1142 1067 1223 1106 qua
1243 1053 1529 1107 designabatur
1556 1051 1794 1106 Signaturae
1818 1048 1934 1090 Con-

446 1127 631 1168 gressus;
663 1125 701 1154 et
720 1113 821 1154 ratio
840 1143 852 1160 ,
881 1127 954 1153 cur
973 1113 1027 1152 ibi
1044 1112 1182 1152 notula
1212 1110 1414 1164 praedicta
1449 1109 1724 1149 collocabatur
1742 1135 1755 1154 ,
1786 1122 1833 1148 ea
1860 1119 1931 1157 est,

448 1171 546 1220 quia
568 1170 758 1227 Magister
774 1168 1006 1211 Turnarius
1023 1169 1254 1209 Cursorum
1285 1180 1328 1206 ea
1356 1177 1472 1207 aetate
1490 1165 1686 1208 residebat
1703 1164 1747 1206 in
1771 1165 1932 1207 illorum

456 1227 611 1278 Banco,
635 1229 826 1271 existente
841 1228 883 1268 in
902 1228 984 1268 acie
1002 1226 1150 1282 Campi
1170 1225 1308 1266 Florae
1327 1254 1339 1272 ,
1369 1223 1435 1265 ubi
1464 1222 1603 1280 recipit
1621 1252 1633 1270 ‚
1666 1224 1720 1266 ait
1740 1222 1901 1266 Gherius
1917 1256 1930 1276 ,

454 1298 491 1328 et
510 1287 623 1344 ponit
639 1287 680 1329 in
699 1286 865 1344 capsulis
893 1286 924 1327 C
924 1285 1189 1327 ommissiones
1205 1314 1219 1334 ,
1250 1293 1287 1324 et
1300 1282 1461 1339 apponit
1474 1285 1642 1325 notulam
1662 1283 1856 1339 utriusque
1867 1284 1935 1326 Si-

457 1356 655 1403 gnaturae
673 1377 686 1396 ,
716 1355 756 1388 et
788 1343 1015 1387 Consistorii
1035 1375 1044 1386 .
1079 1345 1204 1385 Nunc
1225 1355 1320 1385 vero
1340 1341 1599 1399 Litigantium
1617 1372 1628 1391 ,
1649 1354 1686 1384 et
1703 1342 1936 1385 Curialium

460 1404 737 1447 commoditati
769 1402 994 1446 consulitur
1023 1402 1200 1444 editione
1235 1399 1467 1443 Kalendarii
1498 1399 1650 1443 Curiae
1677 1432 1690 1450 ,
1733 1416 1818 1456 quo
1851 1417 1937 1444 non

458 1464 582 1505 modo
610 1464 692 1506 dies
711 1462 899 1506 Curiales
912 1461 1147 1505 Tribunalis
1175 1463 1229 1503 A.
1250 1459 1303 1501 C.
1326 1472 1364 1501 et
1383 1460 1601 1511 Gamerae,
1636 1474 1778 1505 verum
1790 1473 1829 1503 et
1854 1462 1937 1504 dies

458 1521 602 1575 Jovis,
636 1523 677 1564 in
715 1522 867 1579 quibus
899 1520 1117 1577 Signatura
1153 1521 1270 1579 plena
1306 1533 1390 1560 non
1419 1520 1614 1569 habetur,
1644 1519 1936 1576 designantur.

458 1580 714 1638 Congressus
740 1597 834 1623 vero
861 1582 1089 1624 habebatur
1106 1582 1217 1638 prius
1235 1578 1277 1619 in
1296 1578 1464 1621 aedibus
1481 1578 1796 1621 Eminentissimi
1818 1580 1938 1622 Prae-

458 1638 575 1688 fecti,
610 1653 699 1682 teste
729 1642 992 1683 Marekesano
1011 1638 1114 1697 (2);
1145 1637 1404 1680 Innocentius
1437 1652 1570 1681 tamen
1602 1639 1714 1686 Xll.,
1735 1639 1939 1682 Romanae

463 1697 618 1740 Curiae
638 1698 914 1742 reformationi
946 1699 1189 1747 consulens,
1219 1698 1321 1738 inter
1340 1696 1413 1739 alia
1447 1712 1522 1755 pro
1555 1697 1697 1754 majori
1725 1697 1825 1739 tanti
1846 1697 1944 1739 Tri-

466 1756 626 1798 bunalis
660 1759 807 1801 decore
841 1759 1011 1810 statuit,
1039 1772 1084 1800 ut
1110 1758 1347 1814 Signaturae
1379 1757 1622 1800 convocatio
1653 1756 1869 1798 haberetur
1899 1756 1942 1798 in

461 1815 674 1856 Pontificio
695 1817 846 1857 Palatio
863 1847 876 1865 ,
911 1830 1033 1872 prout
1069 1818 1108 1856 S.
1130 1818 1254 1858 Rotae
1272 1814 1492 1863 Auditores
1512 1842 1526 1859 ,
1561 1828 1599 1855 et
1636 1815 1834 1856 Gamerae
1852 1814 1946 1856 Cle-

462 1871 530 1914 rici
550 1871 633 1926 jam
649 1874 947 1918 conveniebant
967 1906 977 1916 .

580 1930 819 1986 Priusquam
865 1932 1032 1972 ulterius
1066 1933 1372 1987 progrediamur
1424 1927 1830 1970 animadvertendum
1860 1942 1945 1981 est,

460 1988 575 2045 quod
591 1989 623 2030 si
662 1988 888 2043 aliquando
906 1987 1006 2031 ultra
1027 1988 1295 2044 quadraginta
1327 1998 1470 2028 causas
1500 1985 1724 2041 propositas
1740 2015 1753 2034 ‚
1787 2001 1832 2029 ac
1850 1988 1959 2032 defi-e

461 2048 566 2090 nitas
596 2047 638 2088 in
660 2047 765 2090 dicta
787 2047 1117 2104 Congregatione
1135 2077 1149 2095 ,
1165 2059 1271 2099 quae
1292 2061 1314 2088 a
1345 2043 1557 2100 Signatura
1579 2044 1750 2087 habetur
1770 2043 1943 2103 tempore

464 2105 616 2148 aestivo
632 2136 645 2156 ,
676 2106 844 2148 aliarum
861 2120 1074 2148 causarum
1092 2118 1286 2145 numerus
1301 2101 1498 2160 supersit,
1523 2117 1741 2159 earumque
1759 2105 1945 2148 commis-

464 2163 599 2206 siones
614 2177 736 2220 atque
756 2163 875 2207 libelli
895 2161 1097 2206 distributi
1110 2162 1189 2218 jam
1207 2162 1412 2210 fuerint‚et
1427 2161 1633 2217 proximae
1645 2163 1722 2204 sint
1733 2163 1864 2206 Feriae
1879 2179 1947 2206 au-

463 2222 1142 2272 tumnales,soletEminentissimus
1155 2221 1381 2264 Praefectus
1398 2234 1557 2262 monere
1577 2220 1751 2277 ejusdem
1763 2223 1947 2279 Signatu-

458 2295 521 2322 rae
541 2282 605 2322 De
614 2297 765 2324 canum
781 2296 850 2339 per
874 2282 1054 2323 medium
1067 2279 1280 2323 Auditoris
1297 2279 1426 2321 dictae
1441 2279 1678 2336 Signaturae
1695 2309 1708 2328 ,
1721 2294 1766 2323 ut
1779 2297 1852 2338 pro
1873 2285 1948 2325 bo-

1894 2356 1950 2383 no

461 2407 620 2422 —

511 2438 568 2476 (1)
593 2440 631 2469 Et
655 2446 729 2471 tunc
753 2449 932 2483 congressus
947 2439 1001 2472 illi
1019 2440 1180 2482 appellan-
1226 2441 1257 2472 S.
1275 2441 1355 2470 Rota
1379 2437 1530 2470 habeatur
1552 2447 1610 2480 pro
1637 2438 1744 2480 aliqua
1772 2442 1868 2474 Causa
1898 2438 1951 2470 di-

492 2490 537 2512 tur
554 2483 809 2524 Congregationes
837 2506 848 2522 ,
873 2493 968 2527 prout
984 2487 1076 2517 etiam
1089 2483 1128 2523 fit
1156 2486 1183 2519 si
1231 2492 1348 2518 ctarum
1374 2483 1530 2525 fetiarum
1554 2491 1689 2526 tempore
1712 2505 1718 2512 .

1266 2529 1319 2567 (2)
1342 2531 1388 2560 De
1404 2529 1546 2562 commis.
1577 2537 1614 2571 p.
1634 2539 1660 2559 1.
1677 2539 1765 2562 num.
1782 2537 1857 2568 107.

1038 2596 1056 2619 x
1359 2591 1363 2594 .
