1952 3167
736 291 799 326 DE
827 289 937 333 JURE
966 287 1249 325 SIGNATURAE
1275 286 1486 329 JUSTITIAE

364 309 637 383 {iistnccessores
653 348 782 376 nostros
808 341 975 374 Romanos
991 337 1183 375 Pontifices,
1201 337 1254 371 vel
1267 338 1454 382 respective
1469 361 1480 376 ,
1504 343 1537 371 et
1552 334 1647 375 iuxta
1662 336 1856 371 Causarum

375 404 526 432 naturam
545 416 555 431 ,
582 400 614 425 et
640 390 834 436 qualitatem
855 387 1035 433 appellatio
1064 391 1101 421 ad
1126 398 1209 431 quos
1240 387 1378 427 dejure
1406 387 1437 420 in
1466 384 1540 420 solo
1564 384 1767 420 devolutivo
1785 409 1794 423 ,
1822 392 1855 419 et

373 445 444 480 sine
473 440 723 479 retardatione,
751 437 804 473 vel
831 436 1028 483 praeiudicio
1056 435 1215 481 legitimae
1241 434 1478 479 exequutionis
1515 433 1639 478 recipi,
1669 444 1702 468 ct
1731 433 1854 468 admit·

377 492 403 528 ti
432 490 559 537 possit.
1180 528 1201 536 ..

477 538 649 584 Quoniam
677 547 758 571 vero
791 535 821 568 in
852 535 943 568 hisce
963 531 1041 576 ipsis
1073 538 1217 573 negotiis
1235 537 1293 568 ,et
1324 529 1455 568 causis,
1481 529 1512 563 in
1545 529 1667 573 quibus
1683 528 1860 564 Inhibitio-

379 596 435 624 nes
463 587 671 622 Canonicam
706 582 967 628 exequutionem
997 578 1217 622 impedientes
1235 601 1244 616 ,
1274 587 1331 612 aut
1359 578 1598 623 suspendentes
1624 578 1763 613 concedi
1798 590 1863 614 non

380 639 529 675 debent,
548 635 617 669 dari
638 641 775 677 possunt
806 641 899 665 casus
915 653 923 667 ‚
939 627 995 673 qui
1023 638 1083 672 per
1105 629 1211 670 ipsum
1229 627 1366 661 Sacrum
1387 627 1582 662 Concilium
1601 626 1839 661 Tridentinum
1854 648 1866 665 ,

378 686 433 721 vel
450 685 545 723 iuxta
576 683 644 721 ejus
660 682 807 715 Mentem
840 689 900 723 per
915 675 1126 722 Apostolicas
1142 674 1416 710 Constitutiones
1431 700 1441 716 ‚
1469 685 1501 711 et
1517 677 1690 711 Sacrarum
1716 675 1872 719 Congre-

381 734 552 780 gationum
572 729 813 765 declarationes
834 751 844 767 ,
869 734 924 761 aut
951 734 1164 759 communem
1204 724 1402 767 Doctorum,
1425 724 1629 760 Sententiam
1650 748 1659 763 ‚
1693 736 1712 760 a
1740 722 1873 768 praefata

380 779 529 830 generali
556 779 727 826 regulade
742 789 805 812 non
823 773 1046 811 concedendis
1078 771 1338 807 Inhibitionibus
1366 773 1484 818 eisque
1512 773 1778 818 posthabendis‚
1807 783 1871 806 ex·

380 830 579 875 cipiuntur,
609 827 736 873 quique
755 835 791 860 ut
813 824 997 870 plurimum
1029 834 1092 856 non
1122 819 1218 856 aliter
1236 833 1338 866 quam
1377 822 1532 866 prudenti
1561 822 1692 863 judicis
1725 820 1868 856 arbitrio

378 879 561 915 secundum
577 874 793 920 particulares
828 873 903 908 facti
920 869 1184 906 circumstantias
1206 869 1361 904 aestimari
1391 880 1553 913 possunt:
1583 871 1672 905 Hinc
1698 870 1796 910 Nos,
1826 879 1867 903 ne

379 929 441 962 sub
469 923 634 965 ejusmodi
663 930 823 967 praetextu
843 920 1067 955 Inhibitiones
1084 942 1094 957 ,
1123 928 1161 953 ut
1176 919 1485 964 supraproliibitae,
1503 919 1608 969 guigo
1623 942 1632 957 ,
1661 926 1695 952 et
1711 918 1780 952 sine
1796 916 1865 952 ullo

380 974 514 1008 delectu
537 971 644 1006 ,etiam
671 971 701 1004 in
721 970 866 1004 Casibus
893 980 956 1002 non
983 966 1133 1012 exceptis
1165 968 1414 1007 concedantur,
1446 968 1621 1003 statuimus
1638 990 1649 1006 ‚
1674 974 1707 1000 et
1738 965 1868 1001 manda-

381 1034 480 1061 πως,
513 1023 602 1064 quod
633 1020 663 1053 in
686 1018 784 1052 dictis
809 1018 955 1056 Causis‚
983 1025 1016 1050 et
1050 1018 1199 1060 negociis
1228 1015 1379 1061 superius
1406 1017 1567 1061 expressis
1599 1012 1867 1060 Metropolitani,

380 1069 604 1107 Patriarchae‚
632 1066 793 1102 Priniates
812 1091 823 1107 ,
856 1065 977 1110 aliique
1007 1064 1142 1105 judices
1173 1064 1345 1110 praedicti,
1373 1074 1406 1099 et
1420 1066 1600 1110 praesertim
1627 1066 1780 1099 Camerae
1810 1073 1868 1097 no·

379 1129 453 1155 strae
472 1118 630 1164 generalis
646 1116 818 1154 Auditor,
847 1115 987 1160 ejusque
1015 1115 1319 1153 Locumtenentes‚
1350 1124 1381 1148 et
1411 1115 1592 1160 Signatum
1617 1113 1753 1150 Iustitiae
1780 1109 1868 1146 Pra-

374 1168 507 1211 fectus,
539 1167 673 1212 ejusque
705 1166 880 1203 Auditor,
908 1165 947 1197 ad
964 1174 1048 1207 quos
1077 1162 1107 1196 in
1137 1162 1344 1206 contingenti
1372 1176 1447 1198 casu
1477 1175 1537 1207 pro
1558 1162 1741 1197 obtinenda
1770 1158 1862 1195 Inhi-

378 1215 507 1250 bitionc
539 1225 708 1249 recursum
738 1213 850 1248 haberi
879 1211 1084 1257 contigerit,
1113 1211 1244 1245 etiamsi
1268 1220 1454 1251 asseratur,
1479 1223 1590 1246 casum
1620 1209 1712 1245 illum
1743 1221 1762 1244 a
1794 1209 1868 1243 Sac.

380 1263 542 1299 Concilio
558 1287 568 1302 ,
604 1262 656 1296 vel
677 1259 1214 1306 ApostolicisConstitutionibus
1239 1272 1451 1305 quacumque.
1481 1262 1522 1294 de
1544 1262 1658 1294 Causa
1684 1267 1864 1302 exceptum

380 1325 474 1347 esse:
503 1311 737 1347 Nihilominus
764 1309 875 1344 literas
891 1310 1077 1343 Citatorias
1093 1307 1146 1342 vel
1166 1308 1350 1342 Monitoria
1365 1321 1441 1343 cum
1467 1307 1671 1343 inhibitione
1691 1308 1866 1347 huiusmo-

379 1361 414 1396 di
447 1373 509 1394 non
542 1360 750 1398 concedant,
780 1358 842 1393 nisi
868 1359 961 1403 prius
986 1370 1025 1392 ex
1056 1358 1134 1392 facti
1165 1357 1427 1392 circumstantiis
1462 1357 1492 1392 in
1522 1357 1667 1400 supplici
1701 1354 1816 1389 libello
1846 1364 1864 1387 a

380 1410 479 1444 Parte
512 1417 705 1442 recurrente
734 1408 847 1445 clare,
874 1419 910 1441 ac
936 1405 1085 1441 dilucide
1116 1407 1343 1450 exponendis,
1374 1416 1406 1441 et
1432 1418 1507 1443 cum
1523 1406 1637 1450 aliquo
1655 1406 1862 1437 documento

378 1455 562 1501 semiplene
589 1455 704 1489 saltem
729 1455 941 1488 verificandis
958 1478 968 1493 ‚
1010 1454 1133 1487 eisdem
1155 1455 1340 1488 summarie
1369 1454 1558 1498 apparuerit
1585 1476 1595 1492 ‚
1622 1463 1732 1486 casum
1767 1449 1864 1484 illum

381 1517 453 1539 esse
483 1506 523 1539 de
540 1505 712 1548 exceptis,
742 1511 774 1536 et
802 1510 982 1547 propterea
1012 1500 1180 1544 Episcopo
1199 1527 1208 1540 ‚
1238 1502 1291 1536 vel
1313 1503 1498 1536 Ordinario
1535 1501 1614 1535 Loci
1644 1499 1864 1533 inhibendum

379 1564 451 1587 esse
470 1575 480 1590 ‚
507 1552 547 1585 ne
564 1552 604 1584 ad
623 1551 784 1584 ulteriora
816 1551 973 1593 proctdat
991 1562 999 1589 ;
1027 1550 1120 1583 Tunc
1148 1549 1234 1584 enim
1251 1574 1260 1588 ,
1290 1559 1321 1584 et
1336 1562 1398 1584 non
1418 1549 1494 1583 alias
1511 1571 1521 1586 ,
1554 1558 1585 1581 et
1601 1555 1777 1592 postquam
1800 1544 1864 1590 ipsi

380 1600 516 1642 Judices
532 1623 541 1638 ,
569 1610 713 1644 quorum
740 1596 978 1631 conscientiam
1012 1599 1070 1631 hac
1087 1597 1118 1630 in
1137 1608 1230 1641 parte
1249 1609 1424 1631 oneramus
1439 1620 1448 1634 ,
1477 1606 1581 1640 super
1597 1597 1691 1631 dicto
1719 1592 1864 1639 supplici

376 1648 492 1684 libello
520 1660 619 1681 manu
654 1658 711 1681 sua
749 1644 1004 1689 rescripserint,
1032 1646 1125 1689 quod
1156 1644 1316 1679 Inhibitio
1332 1644 1471 1679 concedi
1498 1652 1632 1689 potest,
1660 1642 1864 1688 libellusque

380 1709 457 1732 cum
490 1696 653 1740 rescripto
682 1693 846 1734 ejusmodi
866 1694 896 1728 in
924 1693 1004 1728 actis
1026 1696 1210 1737 productus
1233 1694 1359 1734 fuerit,
1386 1693 1566 1738 diligenter
1595 1692 1718 1727 ibidem
1755 1700 1866 1726 custo-

380 1745 545 1785 diendus,
564 1753 606 1778 ret
621 1744 834 1778 asservandus
852 1766 861 1781 ‚
892 1741 991 1776 liceat
1016 1754 1132 1776 eorum
1163 1741 1310 1776 Notariis
1342 1743 1412 1777 sive
1431 1742 1598 1776 Actuariis
1628 1742 1739 1775 literas
1767 1739 1865 1774 Cita-

379 1794 482 1829 torias
513 1806 589 1828 cum
620 1792 706 1827 dicta
723 1792 932 1826 Inliibitione
961 1791 1147 1836 expedire,
1181 1801 1213 1825 et
1243 1790 1332 1825 Parti
1358 1792 1542 1826 recurrenti
1571 1791 1726 1829 tradere,
1758 1788 1803 1823 ita
1817 1797 1864 1823 ta-

379 1855 453 1878 rnen
471 1866 480 1881 ‚
510 1851 546 1876 ut
580 1841 609 1875 in
628 1853 741 1876 earum
775 1839 866 1874 calce
896 1851 1051 1883 expresse
1072 1840 1251 1874 adiiciatur
1278 1852 1417 1885 sequens
1451 1839 1598 1874 clausula
1616 1852 1651 1873 r:
1680 1840 1756 1883 'Nos
1777 1838 1864 1872 enim

375 1891 506 1926 attentis
537 1890 693 1930 Iuribus,
720 1897 751 1923 et
778 1888 919 1936 supplici
949 1888 1059 1922 libello
1073 1889 1186 1933 Nobis
1209 1890 1437 1936 praesentatis,
1471 1897 1569 1935 atque
1603 1889 1636 1923 in
1653 1883 1756 1922 Actis
1776 1886 1879 1921 exhi-¹

379 1940 481 1979 bitis,
509 1940 555 1974 sic
581 1947 616 1973 ut
639 1937 813 1986 praefertur
841 1962 850 1978 ‚
878 1937 1090 1972 inhibendum
1122 1949 1187 1972 esse
1221 1938 1358 1985 speciali
1385 1939 1550 1985 Rescripta
1583 1937 1864 1976 mandavimus:

376 1987 468 2023 Alias
496 1988 601 2023 literae
629 1987 796 2026 eiusmodi
814 1987 884 2020 sine
916 1985 971 2020 tali
988 1986 1136 2021 clausula
1165 1986 1288 2021 nullam
1310 1987 1379 2022 vim
1399 1986 1567 2021 inhibendi
1597 1987 1736 2021 habeant
1767 1983 1798 2016 in
1812 1991 1863 2014 ca-

377 2037 468 2072 sibus
497 2037 664 2082 praedictis
686 2061 695 2072 .
726 2038 768 2071 Et
794 2035 1007 2070 nihilominus
1027 2035 1053 2070 si
1082 2036 1217 2074 Notarij
1248 2036 1318 2070 sine
1335 2036 1425 2071 dicto
1457 2034 1594 2079 speciali
1614 2031 1794 2076 Rescripto
1809 2040 1862 2062 su-

378 2096 438 2130 per
453 2085 598 2131 supplici
631 2084 770 2129 libello,
795 2093 855 2119 aut
883 2085 954 2119 sine
983 2084 1208 2129 productione
1239 2083 1326 2118 illius
1354 2085 1384 2118 in
1416 2084 1534 2121 Actis,
1564 2092 1619 2116 aut
1639 2082 1709 2115 sine
1743 2076 1860 2122 prccdri-

377 2142 430 2167 cta
446 2133 624 2172 clausula,
655 2133 846 2167 Citationes
864 2132 946 2167 ullas
963 2155 973 2170 ,
1003 2141 1062 2165 aut
1087 2132 1268 2165 Monitoria
1284 2143 1359 2164 cum
1381 2129 1579 2163 inhibitione
1606 2130 1667 2163 sub
1698 2137 1860 2172 quocum-

375 2192 440 2225 que
471 2188 635 2223 praetextu
652 2203 662 2218 ‚
682 2191 740 2212 seu
761 2179 873 2212 colore
887 2178 1048 2220 expedire
1063 2202 1072 2216 ‚
1101 2190 1138 2211 ac
1154 2180 1283 2212 tradere
1305 2178 1603 2222 praesumpserint,
1634 2175 1761 2209 etiamsi
1780 2174 1868 2213 illae,

375 2236 432 2261 aut
451 2227 505 2262 illa
523 2229 539 2261 {1
567 2226 686 2268 judice
703 2225 891 2270 subscripta
914 2224 1064 2264 fuerint,
1092 2236 1216 2269 paenam
1247 2226 1386 2262 infamia:
1401 2249 1410 2265 ‚
1441 2234 1475 2259 et
1491 2233 1658 2270 perpetuae
1675 2221 1876 2258 inhabilita-'

377 2275 419 2310 tis
451 2277 491 2309 ad
522 2275 668 2319 officium
685 2273 818 2308 Notarii
842 2273 879 2314 in
895 2273 1015 2307 Causis
1041 2273 1280 2307 Ecclesiasticis
1310 2273 1557 2313 exercendum,
1583 2282 1615 2308 et
1641 2274 1750 2317 quoad
1782 2271 1856 2306 illos

375 2324 528 2358 Camerae
546 2323 680 2357 Nostrae
708 2321 872 2368 generalis
901 2320 1076 2355 Auditoris
1097 2345 1106 2360 ‚
1133 2331 1189 2356 aut
1209 2321 1350 2356 aliorum
1379 2323 1537 2357 Romanae
1563 2321 1678 2356 Curiae
1697 2320 1856 2361 judicum

369 2372 522 2417 superius
556 2383 790 2416 expressorum
806 2394 815 2410 2
844 2369 942 2404 etiam
959 2369 1200 2417 quinquaginta
1214 2372 1411 2407 ducatorum
1429 2370 1498 2406 auri
1531 2373 1572 2405 de
1588 2371 1735 2404 Camera
1751 2392 1761 2408 ,
1792 2379 1852 2413 pro

373 2432 436 2454 una
463 2420 643 2456 medietate
670 2421 823 2455 Camerae
841 2419 975 2453 Nostrae
991 2419 1223 2463 Apostolicae,
1253 2431 1287 2454 et
1303 2432 1363 2465 pro
1390 2420 1451 2455 alia
1477 2418 1539 2464 ipsi
1567 2418 1656 2453 Parti
1684 2428 1854 2452 recurren-

372 2469 422 2507 ti,
453 2478 486 2503 et
516 2470 545 2504 in
574 2481 668 2504 causa
698 2469 854 2504 interesse
880 2467 1041 2507 habenti,
1071 2467 1119 2502 sin
1155 2468 1264 2503 minus
1288 2468 1387 2503 alicui
1413 2481 1455 2503 ex
1486 2469 1582 2502 Locis
1612 2466 1677 2502 Piis
1712 2463 1852 2501 arbitrio

367 2517 494 2550 Nostro
513 2542 523 2557 ,
550 2519 823 2564 Nostrorumque
850 2517 1090 2552 Successorurn
1121 2513 1316 2552 destinando
1343 2517 1584 2565 applicandam,
1605 2515 1680 2563 ipso
1698 2516 1785 2552 facto
1796 2513 1850 2594 ΚΞ

372 2574 530 2601 currant.
