1993 3195
88 2588 91 2589 γ
98 2575 114 2588 1

663 248 771 289 CA
804 250 832 288 P
863 246 903 288 U
935 246 972 286 T
1032 247 1085 286 V.
1548 246 1604 287 28

178 324 270 351 nem
307 320 448 348 necare
472 337 485 355 ,
522 306 579 347 ait
614 318 744 347 textus
781 303 825 344 in
854 306 932 359 leg.
967 318 1105 344 necare
1135 331 1148 349 ‚
1183 299 1256 342 ubi
1286 300 1489 349 Bartolus,
1527 261 1633 361 Digi

172 370 219 407 cle
237 366 318 407 Lib.
340 364 597 421 agnoscendis
617 394 626 404 .
663 363 702 403 Si
723 363 904 417 quaestio
924 374 1061 403 tamen
1092 361 1140 401 sit
1164 361 1211 400 cle
1251 357 1445 398 alimentis
1481 374 1629 413 praete-

171 423 493 471 ritis,Doctores
526 421 670 474 ajunt,
704 421 884 463 eamdem
916 419 1112 462 rationem
1154 431 1237 458 non
1274 416 1437 456 militare
1459 445 1471 463 ,
1502 430 1632 469 quum

168 495 215 523 ex
250 482 319 524 illis
346 482 461 524 cibus
495 497 576 523 non
596 495 777 523 sumatur
795 513 806 530 ,
840 492 887 522 ut
905 494 952 521 ex
984 478 1067 519 aliis
1093 479 1140 519 de
1174 474 1370 532 praesenti
1395 503 1406 521 ‚
1439 487 1477 516 et
1496 475 1542 515 de
1562 475 1631 517 fu-

168 553 262 583 turo
281 570 294 589 ‚
333 555 369 583 et
385 542 567 584 Causam
604 540 774 597 proinde
798 541 847 581 ita
868 536 1125 580 summariam
1147 551 1230 577 non
1249 548 1330 575 esse
1350 564 1361 581 ‚
1397 547 1468 575 nec
1489 533 1628 579 eadem

167 599 314 643 habere
332 600 533 657 privilegia
552 616 564 651 ;
598 614 634 642 et
651 600 866 656 S-ignatura
893 595 1118 655 simpliciter
1138 591 1411 653 appellationis
1432 592 1633 640 Coruinis-⁶

165 657 321 701 sionem·
340 659 432 700 dare
458 660 554 702 solet
572 690 582 702 .

282 718 332 760 Et
363 719 549 771 quamvis
583 735 604 761 a
638 721 886 763 Doctoribus
909 732 952 760 ea
972 718 1088 759 etiam
1109 716 1311 759 distinctio
1348 713 1534 755 fiatinter
1559 713 1626 755 ali-

165 789 327 827 men-ta,
369 792 473 832 quae
504 778 636 820 officio
661 779 844 832 Judicis,
877 789 916 819 et
949 790 1053 831 quae
1088 775 1175 829 jure
1207 773 1378 817 actionis
1410 785 1626 830 petantur,

165 833 268 877 itaut
305 837 446 889 quoad
480 836 540 879 illa
573 838 836 880 summarium
868 834 1097 893 judicium,
1142 847 1179 876 et
1212 831 1514 891 appellationem
1541 844 1626 871 non

167 893 472 941 dar123ffirment
486 925 498 944 ,
518 897 657 953 quoad
674 899 771 939 haec
791 911 886 940 vero
905 893 1210 951 appellationem
1230 890 1384 932 admitti
1405 903 1562 932 tantum
1581 890 1624 930 in

165 955 401 1010 suspensivo
420 970 432 1004 ς
450 968 622 998 attamen
642 956 929 1001 Marclzesanus
948 965 1112 994 testatur
1126 981 1138 998 ,
1156 953 1261 992 hanc
1280 948 1580 990 distinctionem
1601 963 1624 989 a

165 1010 380 1068 Signatura
408 1029 621 1070 nunquam
652 1029 847 1059 servatam
864 1012 983 1054 fuisse
1003 1042 1016 1060 ‚
1033 1023 1070 1051 et
1089 1010 1302 1051 dumtaxat
1319 1006 1422 1048 illam
1439 1006 1627 1071 superius

167 1070 399 1113 adnotatam
426 1074 498 1128 (1)
565 1075 830 1129 Quandoque
848 1073 1059 1128 Signatura
1083 1068 1200 1110 etiam
1227 1068 1274 1107 in‘
1301 1067 1500 1108 alimentis
1513 1079 1628 1122 prae·

165 1129 290 1170 teritis
317 1131 493 1172 rescribit
523 1147 615 1173 cum
635 1132 834 1174 antedicta
862 1128 1035 1173 clausula
1054 1158 1066 1175 ‚
1097 1142 1171 1167 non
1199 1126 1397 1166 retardata
1418 1155 1431 1173 ,
1465 1124 1626 1164 sinem-

166 1199 213 1241 pe
243 1186 330 1235 ille,
364 1188 430 1230 cui
448 1189 631 1231 alimenta
662 1189 899 1248 praestanda
936 1198 1079 1233 erant,
1112 1187 1164 1225 ob
1198 1198 1281 1224 non
1319 1181 1626 1239 praestationem

166 1258 222 1285 aes
243 1245 417 1288 alienum
448 1250 721 1298 contraxerim
755 1262 792 1290 et
817 1247 869 1289 ita
901 1244 942 1287 in
961 1245 1140 1301 quadam
1175 1257 1294 1284 causa
1313 1239 1525 1283 Bononien.
1553 1241 1628 1297 ple-

166 1315 220 1343 na
251 1303 464 1361 Signatura
485 1308 679 1364 rescripsit
699 1339 712 1356 ‚
746 1318 837 1348 teste
855 1305 994 1347 eodem
1013 1305 1272 1346 Marclzesano
1291 1301 1362 1358 (2)
1384 1331 1399 1340 ο»

285 1364 437 1418 Quoad
457 1382 596 1408 causas
613 1367 843 1408 mercedum
862 1364 995 1421 vigore
1017 1361 1333 1404 Constitutionis
1344 1359 1487 1400 Leonis
1503 1357 1628 1422 x.(3)

164 1420 275 1463 stilus
295 1422 464 1466 invaluit
495 1425 698 1480 rejiciendi
720 1422 994 1480 suspensivam
1021 1418 1353 1477 appellationem,
1385 1416 1493 1457 nulla
1512 1429 1631 1457 ettam

165 1479 301 1523 habita
330 1483 483 1526 ratione
505 1484 606 1527 illius
625 1514 637 1532 ,
672 1485 743 1541 qui
777 1498 850 1540 pro
871 1480 1047 1522 mercede
1076 1480 1224 1528 instat;
1257 1487 1465 1535 eapropter
1492 1475 1630 1541 Signa-

166 1547 259 1579 tura
278 1540 318 1580 in
337 1543 467 1585 causis
486 1542 720 1592 hujusmodi
741 1540 959 1584 rescribere*
973 1537 1184 1581 consuevit
1203 1552 1297 1580 cum
1315 1534 1492 1578 clausula
1507 1565 1521 1583 ,
1549 1547 1633 1574 szne

161 1598 403 1653 praejudicio
421 1602 621 1661 legitimae
643 1599 914 1660 exeqttutionz's
932 1631 943 1648 ‚
974 1599 1033 1641 vel
1049 1613 1124 1640 non
1143 1599 1341 1638 retardata
1361 1592 1630 1648 exequutione,

165 1668 212 1696 ut
232 1665 398 1698 testatur
416 1661 562 1712 pluries
588 1663 777 1704 laudatus
808 1660 1094 1703 Mareliesanus
1114 1672 1124 1704 ;
1161 1654 1334 1712 exceptis
1354 1664 1486 1694 tamen
1524 1664 1633 1691 non-

166 1713 285 1754 nullis
304 1713 462 1756 casibus
479 1746 492 1765 ,
529 1730 706 1770 quorum
727 1716 880 1772 primus
898 1726 979 1761 est,
1008 1715 1178 1767 quando
1200 1726 1284 1750 non
1316 1710 1446 1765 agitur
1464 1709 1511 1749 de
1528 1710 1631 1751 sala»-

167 1770 228 1811 rio
249 1784 451 1813 convento
472 1804 483 1821 ,
513 1788 643 1827 neque
662 1774 763 1814 inter
779 1774 913 1814 solitos
938 1772 1069 1813 locare
1086 1800 1099 1818 ‚
1128 1784 1165 1811 et
1183 1769 1407 1811 conducere
1429 1782 1440 1816 ;
1475 1768 1627 1820 quibus

167 1828 365 1883 requisitis
389 1829 669 1872 deficientibus
695 1830 911 1886 Signatura
946 1829 1005 1870 uti
1023 1827 1117 1870 solet
1135 1827 1311 1869 clausula
1333 1857 1345 1874 ,
1367 1825 1510 1882 siquid
1535 1841 1632 1870 exe-

167 1889 363 1942 quendum
384 1888 486 1943 (4);
522 1889 616 1931 alter
635 1903 731 1931 vero
756 1904 869 1931 casus
887 1899 974 1935 est,
1012 1887 1182 1940 quando
1218 1884 1406 1928 salarium
1424 1884 1501 1927 fuit
1532 1901 1633 1928 con—

168 1956 337 1986 ventum
355 1977 368 1995 ,
401 1959 441 1988 et
460 1947 566 1989 inter
583 1947 718 1989 solitos
742 1947 870 1989 locare
887 1978 899 1996 ,
928 1960 965 1988 et
984 1946 1208 1988 conducere
1228 1957 1369 2002 agatur
1386 1976 1399 1994 ,
1434 1957 1471 1986 et
1495 1944 1630 1997 Judex

170 2016 192 2043 a
212 2018 299 2058 quo¹
327 2007 490 2048 excessit
511 2007 552 2047 in
570 2006 769 2050 servanda
790 2005 1014 2062 quantitate
1032 2004 1162 2046 salarii
1180 2020 1193 2053 ·,
1226 2017 1323 2045 tunc
1344 2003 1453 2044 enim
1484 2004 1632 2061 Signa?

168 2073 260 2103 tura
289 2060 330 2102 in
353 2063 484 2118 aliqua
515 2078 623 2121 parte
661 2066 978 2120 exequutionem
1009 2062 1210 2110 admittit,
1246 2075 1283 2103 et
1305 2060 1347 2102 in
1369 2062 1443 2103 alia
1470 2064 1634 2120 appella-

170 2120 319 2162 tionem
345 2124 553 2172 concedit‚
589 2122 651 2166 vel
680 2138 773 2165 cum
804 2123 907 2164 dicta
937 2120 1189 2169 clausula‚si
1209 2121 1303 2176 quit}
1333 2124 1602 2178 exequendum
1619 2154 1632 2174 ,

171 2179 234 2221 vel
250 2180 323 2221 alia
343 2181 507 2223 arbitrio
538 2197 613 2231 suo
634 2213 647 2231 ,
670 2181 787 2239 ajunt
804 2180 1028 2238 praedictus
1043 2181 1330 2223 Marchesanus
1347 2210 1360 2229 ,
1393 2194 1430 2223 et
1456 2181 1634 2226 Ursellus

172 2235 341 2281 laudatis
376 2239 415 2280 in
436 2240 530 2281 locis
549 2271 559 2281 .

290 2297 566 2342 Diversimode
586 2297 708 2341 etiam
729 2298 905 2342 rescribit
923 2329 935 2348 ,
973 2299 1143 2353 quando
1164 2313 1282 2355 agens
1318 2315 1392 2357 pro
1410 2300 1553 2343 salario
1589 2300 1632 2344 in

1548 2361 1631 2416 pti-

172 2427 639 2443 ——*
805 2430 954 2442 ψ

223 2467 277 2506 (1)
303 2467 526 2502 Marchesanus
558 2470 597 2501 de
635 2471 793 2502 Commiss-
821 2470 887 2512 fol.
978 2470 1029 2508 (4)
1059 2471 1104 2500 De
1119 2470 1279 2500 Commiss-
1299 2476 1335 2509 p.
1358 2478 1385 2498 1.
1406 2470 1437 2499 in
1455 2469 1587 2512 Appell„
1601 2471 1634 2501 in

181 2513 257 2550 165.
283 2514 381 2554 antiq.
399 2514 474 2544 edit.
936 2515 1041 2546 Causis
1067 2515 1208 2546 Merced.
1230 2512 1260 2554 §2
1281 2521 1308 2542 1.
1333 2523 1362 2544 n*
1384 2523 1436 2552 55·
1457 2516 1581 2546 Scaccia
1597 2515 1639 2546 de

223 2557 275 2595 (2)
300 2556 355 2588 loc.
377 2560 518 2601 cit.pag.
531 2561 600 2597 ⁷64·
618 2561 732 2597 164.n-
749 2568 801 2601 39.
942 2558 1103 2601 Appellat.
1120 2571 1150 2600 q.
1172 2569 1225 2601 17.
1250 2558 1352 2592 lim-8.
1371 2558 1478 2593 Ursill.
1499 2559 1637 2594 consult.

172 2621 177 2623 ἡ
219 2602 276 2643 (3)
300 2604 400 2639 Const.
425 2613 456 2644 7.
471 2606 502 2637 in
516 2603 598 2638 Bull.
614 2613 679 2639 vet,
696 2612 739 2637 to.
754 2613 786 2636 ιφ
945 2604 1019 2637 128.
1032 2604 1146 2646 n.298.
