1993 3195
645 319 1132 358 APPENDIX
1574 332 1624 366 99

739 417 801 464 N.
814 418 1014 464 XXXIII.

297 513 568 562 Constitutio
603 509 828 562 Benedicti
860 514 982 562 XIV.
1008 524 1130 584 super
1144 511 1482 565 Reformationc

647 582 947 635 Tribunalium
975 585 1110 635 Urbis
1128 621 1141 634 .

154 658 240 744 R
259 706 398 739 Omanae
411 701 527 737 Curiae
541 710 680 747 piaestat
686 702 763 737 tiam
793 712 858 739 etc.

250 800 340 834 Cum
357 807 464 834 autem
487 822 497 838 ,
543 807 576 832 ct
591 773 750 833 diu'turno
775 808 888 833 nostro
913 809 1023 834 rerum
1040 800 1222 835 forensium
1249 813 1333 840 usu,
1348 803 1390 837 ‘et
1415 803 1539 837 crebris
1555 812 1628 847 gra-

153 851 247 884 vium
277 849 438 882 Virorum
472 847 685 881 relationibus
700 871 710 886 ‚
731 856 764 881 et
779 846 924 892 querelis
938 871 948 887 ‚
971 859 1180 894 compertum
1196 850 1393 884 haberemus
1412 874 1422 889 ‚
1450 849 1628 885 nonnullos

153 901 277 934 abusus
297 896 327 931 in
344 895 493 936 iudiciali
511 895 602 938 praxi
619 895 849 930 Tribunalium
867 897 963 935 hujus
979 897 1111 932 Nostra:
1127 897 1225 931 Urbis
1240 922 1250 938 ‚
1283 905 1315 931 ct
1330 898 1447 933 Curiae
1475 898 1631 933 invectos

153 959 222 981 esse
237 970 247 985 ‚
278 947 398 991 quibus
429 943 618 985 etJustitiae
635 955 769 978 cursum
799 944 996 984 interverti,
1027 955 1083 980 aut
1100 946 1217 980 saltem
1235 946 1419 983 retardari,
1445 956 1477 981 ct
1495 946 1631 991 litigan-

154 996 238 1030 tium
281 993 455 1039 dispendia
485 1003 689 1037 magnopere
716 992 828 1037 augeri
861 993 1072 1040 contingeret
1096 1018 1107 1034 ,
1134 993 1274 1039 illasque
1302 993 1513 1039 potissimum
1547 1005 1630 1029 con-

100 1043 107 1046 *
152 1043 335 1079 troversias
362 1044 394 1076 in
410 1041 547 1087 longum
577 1051 662 1085 saepc
688 1041 861 1084 protrahi,
890 1052 963 1086 qua:
988 1042 1078 1077 circa
1103 1041 1261 1082 Judicum
1290 1067 1301 1082 ,
1339 1053 1372 1076 et
1393 1042 1629 1079 Tribunalium

153 1091 416 1135 competentiam
435 1114 445 1130 ‚
474 1100 660 1133 eorumque
678 1089 902 1124 recusationes
929 1090 1237 1136 declinationesque
1252 1100 1489 1133 versarentur3
1523 1092 1631 1125 Cum-

153 1152 218 1185 que
235 1141 300 1179 iam
317 1139 550 1174 commendata
575 1136 712 1182 singulis
741 1137 977 1172 Tribunalibus
1009 1150 1124 1174 earum
1140 1148 1250 1174 rerum
1269 1140 1501 1174 reformatione
1519 1163 1528 1179 ‚
1560 1149 1633 1183 quae

153 1190 185 1223 in
205 1191 356 1232 ipsorum
399 1194 564 1231 potestate
592 1193 706 1223 erant,
736 1197 839 1231 eaque
868 1186 985 1221 sedulo
1010 1189 1049 1221 ab
1068 1188 1145 1232 ipsis
1173 1196 1330 1232 peracta,
1359 1188 1436 1223 satis
1454 1188 1631 1234 agnoveri-

152 1248 250 1276 mus,
286 1243 471 1270 memorata
497 1234 711 1268 incommoda
738 1246 801 1268 non
818 1235 931 1269 omnia
956 1247 1054 1281 posse
1087 1237 1214 1280 privata
1240 1236 1398 1277 Judicum
1418 1261 1429 1276 ‚
1469 1236 1540 1271 sive
1561 1234 1636 1268 Tri-

152 1284 327 1319 bunalium
359 1282 560 1318 auctoritate
586 1283 777 1317 submoveri
806 1295 816 1322 3
845 1284 884 1317 ad
911 1284 1104 1329 ampliorem
1134 1293 1233 1329 atque
1267 1284 1507 1320 absolutiorem
1541 1283 1635 1324 Judi-

152 1334 302 1367 ciorum
310 1331 581 1366 reformationem
600 1354 610 1370 ‚
637 1332 907 1376 supradictorum
935 1333 1222 1368 Praedecessorum
1239 1333 1396 1379 exemplo
1415 1357 1425 1373 ‚
1453 1332 1637 1369 devenien-

151 1381 230 1414 dum
257 1381 365 1414 Nobis
395 1378 727 1418 essejudicavimus.

251 1427 482 1472 Qamobrem
511 1428 749 1471 praedictorum
776 1428 930 1463 omnium
957 1430 1121 1463 abusuum
1151 1430 1380 1475 cognitionem
1397 1429 1632 1474 delegavimus

151 1474 317 1521 peculiari
349 1475 618 1520 Congregationi
647 1475 784 1510 aNobis
797 1477 991 1518 deputatae,
1019 1477 1154 1510 duobus
1170 1478 1335 1522 nempeS.
1351 1478 1393 1510 R.
1412 1477 1449 1510 E.
1469 1476 1635 1511 Cardina-
1674 1500 1677 1503 -

154 1524 265 1562 libus,
294 1535 330 1557 ac
344 1532 473 1566 septem
503 1524 663 1556 Romanae
683 1524 799 1557 Curiae
827 1523 972 1558 Praelatis
998 1524 1029 1558 in
1049 1525 1228 1569 praecipuis
1257 1526 1404 1566 ejusdem
1424 1525 1540 1560 Curiae
1558 1524 1636 1559 Tri-

154 1570 334 1607 bunalibus
350 1578 423 1604 actu
447 1573 497 1610 jus
518 1571 730 1611 dicentibus3
761 1583 836 1617 quae
863 1573 999 1616 quidem
1029 1573 1261 1618 Congregatio
1288 1574 1377 1608 serio
1391 1572 1530 1611 studio,
1562 1572 1633 1606 lon-

155 1631 263 1674 gaque
290 1618 467 1664 indagine,
497 1617 616 1651 relatos
635 1621 756 1654 abusus
777 1620 931 1659 notavit,
958 1630 1057 1665 atque
1078 1621 1244 1656 recensuit
1264 1645 1275 1661 ,
1315 1630 1350 1656 et
1364 1620 1514 1665 providis
1528 1620 1631 1654 effor-

155 1668 255 1703 matis
284 1666 427 1702 decretis
445 1692 456 1707 ‚
495 1676 686 1711 opportuna
725 1668 835 1701 Nobis
876 1668 1024 1703 remedia.
1052 1669 1243 1724 suggessit,
1275 1682 1314 1704 ex
1340 1668 1460 1716 quibus
1487 1667 1625 1714 aliqua,

157 1727 231 1762 quae
249 1716 359 1750 statim
393 1715 634 1760 approbatione
666 1714 764 1760 digna
788 1715 1037 1757 judicavimus,
1065 1719 1173 1752 statim
1193 1730 1329 1764 quoque
1343 1717 1540 1753 auctoritate
1554 1716 1629 1751 No-

156 1774 203 1800 tra
228 1763 418 1810 publicari
408 1763 563 1803 iussimus
579 1786 590 1802 ‚
617 1771 649 1796 et
662 1764 858 1799 observari.
876 1764 1030 1811 Reliqua
1039 1768 1121 1800 vero
1137 1767 1310 1801 maturiori
1326 1766 1467 1802 examini
1481 1767 1632 1805 subjecta

155 1815 314 1849 diuturna
328 1812 594 1847 consideratione
611 1835 621 1851 ,
639 1822 776 1852 rerum,
793 1824 830 1847 ac
845 1808 1033 1858 temporum
1038 1815 1293 1869 opportunitati
1308 1823 1423 1860 aptare
1439 1814 1632 1849 studuimus

155 1862 278 1908 illaque
293 1873 370 1896 curn
399 1861 516 1895 iisdem
532 1861 602 1895 fere
617 1884 628 1899 ‚
654 1859 707 1895 ali'
688 1871 792 1906 usque
818 1861 932 1896 Viris'
923 1873 956 1896 in
982 1861 1062 1901 iuris
1081 1863 1219 1898 scicntia
1234 1887 1244 1903 ,
1273 1873 1305 1898 et
1335 1863 1472 1903 iustitiae
1494 1861 1635 1897 admini-

153 1910 312 1945 stratione
338 1909 486 1954 apprime
499 1909 639 1943 versatis
653 1932 664 1948 ,
695 1909 742 1943 Mi
736 1909 856 1944 nistris
871 1911 1032 1951 Nostris,
1059 1923 1187 1946 necnon
1202 1924 1279 1947 cum
1299 1912 1464 1958 aliquibus
1481 1910 1632 1950 eiusdem

154 1959 269 1993 Curiae
285 1959 419 1993 Nostrae
434 1956 624 1992 Cansidicis
638 1981 648 1997 ,
680 1957 815 1992 Forensi
832 1959 985 1994 facultate
1013 1936 1234 2006 doctrinaque
1253 1960 1484 2005 prestantibus
1504 1984 1515 1999 ,
1544 1971 1634 1994 com-

156 2006 354 2042 municata·
345 2031 355 2046 ,
401 2008 534 2041 tandem
561 2009 621 2049 hac
636 2015 748 2043 nostra
775 2008 1028 2043 Constitutione
1046 2018 1215 2054 perpetuae
1241 2009 1323 2056 legis
1349 2008 1417 2046 vim
1436 2007 1590 2066 habitura
1620 2031 1632 2047 ,

156 2056 411 2101 promulgamus
427 2079 439 2095 ,
469 2048 630 2089 edicimus
645 2079 656 2094 ‚
687 2063 787 2101 atque
806 2057 1001 2093 sancimus-

255 2105 304 2138 Ac
316 2104 461 2149 primum
481 2103 633 2137 omnium
660 2103 930 2141 Iurisdictionem
959 2106 1116 2141 Indicum
1131 2130 1142 2147 ,
1160 2113 1192 2141 et
1215 2106 1446 2142 Tribunalium
1477 2104 1636 2139 Romana:

162 2150 276 2186 Curiae
293 2175 304 2191 ‚
335 2162 480 2197 quorum
508 2151 718 2185 auctoritasa
745 2153 893 2192 Nostra,
922 2164 953 2188 ct
969 2156 1115 2189 Romani
1133 2179 1144 2194 ,
1188 2167 1250 2209 pro
1279 2164 1433 2199 tempore
1460 2152 1641 2188 Pontificis

162 2199 355 2234 auctoritate
397 2199 565 2244 profluit,
608 2207 818 2245 nostroque,
845 2210 879 2236 et
905 2202 1084 2237 Pontificio
1114 2203 1250 2237 nornine
1290 2210 1492 2240 exercetur,
1518 2209 1642 2236 sartam

162 2253 282 2282 tectam
311 2247 461 2285 servari,
500 2257 536 2279 ac
562 2247 673 2281 debita
715 2250 928 2284 veneratione
968 2252 1008 2284 ab
1023 2251 1179 2285 omnibus
1224 2251 1392 2286 observari
1436 2249 1609 2296 cupientes
1626 2272 1637 2288 ‚

165 2295 374 2339 Apostolicas
393 2296 534 2330 Nostras
550 2293 678 2328 Literas
707 2300 756 2329 De
769 2293 831 2329 n'on
851 2298 1056 2343 impedienda
1077 2300 1265 2332 executione
1295 2300 1522 2337 citationum,
1544 2301 1641 2331 Man.

167 2344 316 2377 datorum
332 2368 343 2383 ‚
368 2345 575 2389 aliarumque
603 2343 839 2378 Provisionum
856 2349 1004 2386 Romanae
1027 2347 1218 2385 curiae‚seu
1242 2348 1330 2381 Sedis
1344 2346 1571 2393 ⁴Apostolt‘m,
1588 2347 1642 2381 da·

162 2400 210 2426 tas
233 2392 333 2426 Anno
350 2391 603 2427 MDCCXLII.
637 2392 737 2426 tertio
756 2391 920 2428 Kalendas
950 2393 1075 2438 Aprilis
1091 2417 1101 2433 ,
1129 2405 1269 2439 quarum
1299 2394 1433 2430 initium
1461 2397 1643 2429 est‘Pasto-

164 2439 243 2474 ralis
259 2441 465 2485 Regiminis,
489 2451 673 2485 omnesque
700 2440 929 2476 ordinationes
945 2466 955 2481 ,
986 2453 1022 2476 ac
1040 2441 1277 2487 dispositiones
1306 2444 1336 2478 in
1357 2442 1420 2477 illis
1435 2452 1606 2478 contentas
1625 2466 1636 2482 ,

168 2499 280 2534 poenas
305 2500 440 2536 quoque
463 2492 619 2524 adversus
651 2501 886 2535 quoscumque
903 2490 1095 2535 praedictam
1110 2491 1344 2527 executionem
1376 2491 1618 2536 impedientes
1609 2503 1642 2525 ιιι

119 2544 122 2547 ·
173 2536 299 2572 eisdem
321 2539 537 2575 comminatas
565 2546 666 2583 atque
681 2547 820 2575 statutas
835 2563 846 2579 ‚
872 2543 948 2575 curn
963 2539 1091 2574 caeteris
1107 2540 1277 2588 praeceptis
1292 2565 1302 2582 ,
1337 2552 1434 2588 atque
1449 2541 1610 2579 mandatis
1628 2569 1640 2584 ‚

1041 2601 1062 2623 n
1090 2600 1107 2622 2
1599 2604 1636 2628 ac
