1993 3195
642 289 672 323 A
714 289 739 321 P
780 290 806 322 P
843 290 867 323 Ε
910 290 942 322 N
980 288 1015 322 D
1053 290 1069 324 1
1107 289 1151 326 X·
1587 296 1630 323 11v

250 339 323 374 XX.
343 337 417 373 Nec
446 346 511 369 non
530 341 568 369 ut
602 335 643 368 de
667 335 822 369 omnibus
839 358 849 374 ‚
879 345 911 369 et
937 335 1074 379 singulis
1097 335 1192 371 bonis
1226 332 1407 369 mobilibus
1427 356 1437 373 ‚
1469 342 1500 367 et
1524 345 1632 369 semo·

151 386 335 424 ventibus,
370 396 408 420 ac
436 381 667 419 immobilibus
697 382 840 418 ubilibet
884 383 1143 419 consistentibus
1169 406 1179 420 ‚
1213 394 1272 416 nee
1308 394 1374 415 non
1409 381 1541 420 juribus
1560 405 1570 420 ‚
1599 391 1633 416 et

149 435 363 475 actionibus,
395 445 468 479 quae
494 434 533 468 ad
551 445 607 467 eos
625 457 635 473 ,
667 442 700 467 et
729 443 847 468 eorum
864 432 1076 479 quemlibet,
1107 431 1206 466 etiam
1238 429 1551 474 Archiepiscopos,
1578 429 1635 463 vel

149 485 360 528 Episcopos,
393 482 492 517 etiarn
525 481 653 516 ratione
677 493 810 518 suarum
829 506 840 522 ,
871 482 995 527 quibus
1022 492 1163 526 praeesse
1190 478 1455 524 dignoscuntur,
1486 490 1522 511 ac
1554 477 1637 512 alia-

150 542 226 567 rum
260 531 519 568 Cathedraiium
549 528 773 566 Ecclesiarum
800 554 810 569 ‚
850 531 950 566 etiam
981 530 1316 577 Metropolitanarum
1347 550 1358 567 ,
1398 528 1437 560 ad
1466 538 1545 571 quas
1579 536 1635 559 eos

151 583 322 616 transferri
358 580 537 626 contigerit
571 603 580 619 ,
614 589 648 613 et
683 580 827 615 aliorum
854 580 1103 616 Beneficiorum
1148 575 1462 615 Ecclesiasticoruni
1506 574 1638 608 Secula-

154 630 245 666 rium
265 655 275 670 ,
304 638 338 664 et
360 628 580 674 Regularium
611 639 904 674 quorumcumque
936 631 1152 665 obtentorum
1168 653 1179 669 ,
1217 635 1249 662 et
1273 624 1534 660 obtinendoruni
1556 634 1639 668 quo-

155 679 349 715 modolibet
374 678 568 723 pertinent,
600 685 633 711 et
660 675 874 722 pertinebunt
901 702 911 718 ,
954 677 1123 724 acquisitis
1153 702 1163 718 ‚
1200 685 1235 712 et
1266 672 1506 719 acquirendis,
1536 679 1638 716 proiit

152 728 337 762 Auditores
368 725 486 760 Curiae
523 736 699 760 causarum
728 725 845 760 Palatii
885 726 1078 771 Apostolici
1115 738 1155 761 ex
1186 722 1373 767 privilegio
1404 719 1637 766 Apostolico,

152 777 200 811 eis
231 786 292 821 per
317 775 500 810 nonnullos
529 774 699 809 Romanos
730 774 907 810 Pontifices
939 775 1203 810 Praedecessores
1231 781 1363 807 nostros
1388 794 1398 810 ,
1440 778 1475 805 et
1504 778 1639 813 praeser‹

153 824 216 859 tim
245 823 420 869 praefatum
449 822 579 864 julium
596 824 883 859 Praedecessorem
917 835 978 869 per
1005 826 1075 864 ejus
1096 823 1224 858 litteras
1244 846 1255 862 ,
1287 831 1368 865 quas
1398 830 1456 853 nos
1486 816 1610 852 vidisse
1629 838 1640 855 ,

153 874 302 908 tenuisse
316 898 326 912 ,
355 883 387 908 et
417 873 535 918 legisse
555 873 654 908 etiam
678 882 771 908 motu
786 873 890 908 simili
905 881 1101 909 attestamur
1117 897 1127 912 ‚
1147 872 1246 906 etiam
1265 880 1343 904 cum
1361 867 1524 913 expressis
1540 865 1641 900 Clau-

150 921 234 958 sulis
264 921 559 967 derogatoriarum
587 923 811 967 derogatoriis
838 933 1025 963 concesso,
1054 921 1109 957 vel
1128 919 1207 955 alias
1231 918 1409 962 disponere
1428 939 1439 955 ,
1469 925 1611 968 erogare
1629 936 1641 952 ,

154 970 295 1010 testati,
324 968 509 1006 co'dicillari
528 994 539 1010 ,
568 979 599 1004 et
616 979 812 1005 convertere
840 970 968 1014 possint
983 980 1048 1005 tam
1080 970 1113 1005 in
1138 968 1231 1008 vita,
1258 977 1358 1011 quarn
1375 975 1494 999 eorum
1521 961 1643 1015 ultima

153 1019 358 1059 voluntate,
390 1028 427 1054 ut
453 1019 520 1056 alio
545 1030 764 1065 quocumque
791 1028 972 1063 tempore,
998 1030 1035 1055 ac
1066 1017 1154 1053 inter
1179 1014 1444 1059 consanguineos
1462 1035 1472 1051 2
1500 1019 1533 1065 ef
1561 1009 1641 1044 allas

151 1080 388 1114 quascumque
407 1079 562 1112 personas
584 1091 593 1107 ,
621 1067 720 1103 etiarn
755 1079 819 1102 non
837 1078 932 1103 notas
948 1092 958 1108 ‚
985 1076 1017 1103 et
1045 1067 1118 1102 loca
1151 1066 1251 1100 etiam
1282 1074 1396 1098 caussa
1418 1069 1561 1098 mortis,
1583 1065 1641 1093 aut

149 1116 340 1151 donationis
369 1117 456 1151 inter
469 1118 592 1155 vivos,
625 1129 685 1151 nec
702 1128 766 1150 non
806 1128 867 1159 pro
900 1116 1055 1161 expensis
1082 1116 1240 1150 funerum
1261 1135 1271 1151 ‚
1299 1120 1334 1144 et
1368 1117 1643 1162 remuneratione

148 1164 288 1199 illorum
318 1187 329 1203 ‚
359 1165 418 1208 qui
449 1163 496 1198 eis
524 1163 718 1198 viventibus
745 1163 921 1197 servierint
950 1187 961 1202 ,
988 1163 1347 1208 disponere‚erogare
1380 1182 1390 1197 ,
1422 1165 1560 1211 testari,
1580 1165 1645 1208 ‘co-

151 1212 296 1247 dicillari
320 1236 330 1252 ,
357 1223 391 1247 et
422 1211 581 1247 ordinare
604 1235 614 1251 ,
642 1223 678 1246 ac
707 1210 762 1247 illa
790 1210 871 1246 alios
900 1211 933 1246 in
965 1212 1064 1257 pios,
1096 1218 1131 1245 et
1159 1218 1394 1255 quoscumque
1424 1205 1511 1240 alios
1532 1202 1643 1257 licitos

149 1272 229 1296 usus
259 1284 270 1297 ,
298 1270 401 1306 prout
434 1260 609 1294 videbitur
637 1260 830 1304 expedire„
853 1269 1080 1300 convertere,
1121 1260 1246 1304 absque
1277 1255 1393 1301 aliquo
1426 1260 1642 1289 conselentlae

149 1309 314 1354 scrupulo
332 1333 343 1348 ,
379 1307 509 1348 libere,
538 1317 570 1342 et
599 1307 690 1343 licite
718 1308 872 1344 valeant:
1416 1349 1424 1356 .

246 1357 339 1392 XXI.
354 1358 395 1390 Et
411 1359 546 1391 demum
564 1357 611 1390 eis
626 1381 637 1396 ‚
667 1357 850 1392 etillorum
876 1357 1017 1403 singulis
1036 1355 1207 1392 Beneficia
1235 1352 1466 1390 Ecclesiastica
1480 1360 1557 1384 cum
1572 1357 1640 1401 ‘cu-

151 1415 211 1446 ra,
246 1414 279 1439 et
297 1404 379 1439 sine·
394 1416 475 1439 cura
488 1429 498 1444 ,
529 1404 694 1440 secularia
711 1428 721 1444 ‚
753 1414 784 1439 et
807 1407 1005 1449 quorumvis
1021 1405 1194 1439 Ordinum
1213 1400 1393 1446 Regularia
1409 1422 1420 1438 ‚
1443 1408 1516 1441 quae
1535 1405 1639 1430 etiam

149 1466 192 1490 ex
207 1452 382 1498 quibusvis
400 1452 671 1488 concessionibus
690 1476 700 1491 ‚
725 1462 759 1487 et
790 1453 1091 1498 dispensationibus
1120 1448 1328 1495 Apostolicis
1360 1446 1392 1480 in
1412 1444 1550 1499 titulum
1568 1468 1578 1482 ,
1605 1451 1640 1477 et

149 1502 424 1541 commendam,
451 1514 488 1537 ac
516 1511 555 1538 ut
572 1501 716 1538 invicem
735 1526 745 1542 ‚
773 1514 831 1537 seu
846 1501 917 1536 aliis
944 1500 1115 1537 beneficiis
1143 1500 1182 1534 ad
1201 1509 1319 1534 eorum
1339 1495 1444 1530 vitam
1469 1502 1565 1548 'unita
1579 1494 1640 1526 ob·

150 1551 258 1588 tinent
272 1574 283 1589 ,
309 1560 342 1585 et
361 1550 568 1596 inposterum
588 1551 793 1587 obtinebunt
807 1575 817 1591 ,
849 1551 949 1586 simul
966 1575 976 1590 ‚
1011 1549 1064 1584 vel
1084 1548 1273 1584 successive
1288 1569 1300 1585 ‚
1330 1543 1532 1597 simplic-iter
1547 1564 1558 1580 ²
1579 1547 1639 1574 aut

149 1611 213 1646 pro
230 1599 295 1635 alio
310 1623 320 1639 ‚
351 1598 489 1634 velaliis
508 1598 634 1640 simili,
664 1598 886 1634 veldissim'ili
902 1623 913 1640 ,
939 1607 996 1634 aut
1011 1598 1178 1633 similibus
1194 1621 1205 1636 ‚
1239 1595 1294 1630 vel
1310 1591 1554 1645 dissimilibus,
1582 1589 1641 1622 be·

149 1647 297 1687 neficio,
323 1659 383 1682 seu
404 1648 581 1684 Beneficiis
614 1648 850 1684 Ecclesiastico
874 1672 885 1688 ‚
912 1648 965 1683 vel
995 1645 1235 1682 Ecclesiasticis
1263 1654 1338 1678 cum
1370 1641 1546 1692 quibusws
1568 1647 1641 1691 peur-

149 1696 240 1732 sonis
267 1708 381 1732 secum
422 1708 615 1741 permutare
641 1697 835 1733 volentibus
860 1709 901 1732 ex
929 1708 1041 1732 caussa
1069 1691 1324 1741 permutationis
1351 1688 1545 1742 huiuerOdJ
1566 1709 1577 1724 2
1605 1696 1638 1719 1ss

149 1757 216 1791 qua
239 1754 348 1779 tamen
368 1745 459 1780 nulla
480 1745 600 1780 illicita
628 1746 739 1789 pactio
756 1770 766 1785 ,
795 1747 865 1780 sive
896 1744 1078 1780 simoniaca
1103 1742 1244 1789 gravitas
1271 1742 1491 1775 interveniat,
1521 1746 1553 1789 [τι
1569 1735 1641 1768 Or-

148 1793 358 1829 dinariorum
389 1793 542 1828 locorum
569 1817 580 1832 ,
625 1802 683 1827 aut
711 1792 965 1827 Canonicorum
997 1790 1339 1836 Metropolitanarum
1369 1809 1379 1825 ‚
1413 1782 1467 1819 vel
1498 1782 1643 1837 aliarum

150 1841 410 1877 cathedralium
441 1841 692 1881 Ecclesiarum‚
719 1852 777 1875 seu
807 1840 946 1875 aliarum
980 1850 1198 1883 personarum
1230 1836 1261 1871 in
1292 1834 1455 1888 dignitate
1478 1830 1643 1885 EccleSia-

150 1891 235 1926 stica
260 1890 541 1931 constitutarum,
565 1892 605 1925 ad
631 1890 752 1934 idper
778 1900 834 1924 eos
853 1913 863 1929 .
894 1888 945 1924 vel
977 1889 1220 1923 Procuratores
1246 1897 1324 1920 suos
1355 1882 1553 1928 legitimos,
1581 1878 1644 1914 eli—

152 1938 340 1985 gendorum
358 1963 368 1978 ‚
402 1951 462 1975 seu
490 1940 719 1985 eligendarum
753 1938 904 1973 manibus
932 1947 1024 1973 extra
1053 1937 1237 1972 Romanam
1266 1932 1409 1968 Curiam
1445 1929 1642 1982 praefqtqms

154 1987 301 2027 eiusdem
332 1987 541 2033 Apostolicae
567 1987 683 2027 Sedis,
713 1999 772 2022 seu
801 1986 951 2028 cujusvis
979 1985 1114 2021 alterius
1140 1982 1277 2031 licentia
1294 1981 1478 2033 supei·li0c
1499 1987 1640 2030 minime

153 2035 312 2082 requisita
337 2060 349 2076 ‚
375 2036 529 2080 quotiens
571 2038 618 2071 eis
646 2035 809 2080 placuerit
836 2061 846 2076 ‚
881 2033 1072 2081 resignandi
1101 2059 1111 2075 ,
1151 2042 1182 2069 et
1210 2032 1436 2068 Commendis
1476 2025 1641 2083 cedendi,

155 2096 214 2119 nec
242 2095 307 2118 non
321 2083 482 2120 unionum
510 2085 704 2124 huiusmodi
734 2083 948 2118 dissolutioni
969 2080 1310 2124 consentiendivipsis
1325 2076 1546 2116 ordinatim,
1575 2074 1644 2109 Ca·

154 2131 282 2169 nonicis
300 2157 311 2174 ,
343 2143 376 2168 et
392 2132 541 2179 personis
570 2132 601 2166 in
627 2131 789 2176 dignitate
815 2131 1047 2166 Ecclesiastica
1072 2131 1293 2168 constitutis,
1326 2126 1569 2173 resignationes
1601 2122 1642 2158 ab

158 2180 282 2217 eisdem
308 2182 586 2222 Referendariis‚
612 2189 647 2215 et
661 2180 733 2216 aliis
750 2179 969 2225 infrascriptis
996 2179 1196 2226 simpliciter
1213 2201 1223 2218 ,
1252 2176 1309 2213 vel
1332 2187 1375 2210 ex
1403 2175 1517 2209 eadem
1551 2184 1644 2209 caus-

157 2241 219 2268 sa,
256 2239 289 2266 et
318 2231 359 2266 ab
389 2230 469 2276 ipsis
507 2228 856 2275 comper-mutantibus
889 2228 1040 2274 personis
1075 2241 1116 2264 ex
1141 2227 1231 2262 dicta
1257 2236 1355 2261 causa
1381 2223 1581 2262 dumtaxat,
1609 2227 1643 2256 et

157 2279 446 2315 Commendarum
477 2279 643 2315 cessiones
659 2286 752 2313 extra
780 2278 918 2312 eandem
940 2278 1083 2313 Curiam
1113 2274 1325 2318 recipiendi,
1353 2282 1384 2308 et
1416 2271 1613 2306 admittendi
1630 2294 1641 2311 ,

157 2326 364 2372 unionesque
389 2328 584 2371 hujusmodi
607 2325 840 2365 dissolvendi,
872 2336 931 2360 nec
950 2336 1014 2359 non
1031 2338 1069 2360 ea
1089 2349 1100 2364 ,
1137 2335 1211 2369 quae
1243 2323 1305 2366 ipsi
1321 2319 1576 2357 Referendarii,
1609 2328 1643 2355 et

159 2374 212 2410 alii
240 2374 437 2421 infrascripti
468 2376 668 2422 simpliciter
686 2374 954 2419 resignaverint,
985 2386 1040 2408 seu
1062 2384 1205 2418 quorum
1226 2369 1450 2405 Commendis
1467 2366 1641 2409 cesserint,

160 2433 216 2458 aut
241 2423 403 2459 unionum
420 2425 628 2462 dissolutioni
645 2422 897 2463 consenserint,
931 2422 1085 2462 idoneae,
1110 2419 1164 2456 vel
1195 2418 1323 2457 idoneis
1351 2420 1391 2452 ad
1420 2416 1453 2450 id
1485 2426 1544 2461 per
1559 2427 1643 2460 eos,

160 2483 219 2507 seu
247 2472 484 2509 Procuratores
511 2474 689 2518 praedictos
714 2471 952 2510 nominandis,
979 2472 1077 2505 etiam
1111 2477 1353 2515 quaecumque,
1382 2475 1643 2510 quotcumque,

163 2529 197 2555 et
228 2521 487 2571 qualiacumque
504 2522 672 2560 Beneficia
702 2520 934 2559 Ecclesiastica
961 2520 1185 2555 obtinentibus
1203 2542 1212 2555 ,
1242 2526 1275 2552 et
1307 2515 1582 2562 expectantibus,
1608 2525 1643 2551 et

1181 2568 1202 2601 b
1230 2578 1249 2601 2
1569 2573 1644 2611 quae
