1993 3195
616 263 654 305 C
687 263 726 304 A
758 265 786 304 P
818 264 858 306 U
891 263 929 306 T
989 266 1051 306 1.·
1506 281 1560 311 τι

85 341 167 368 una
196 338 289 366 cum
306 321 504 364 Auditore
531 322 756 372 pontificis,
774 337 810 365 et
827 324 948 366 altero
975 324 1147 366 Decano
1171 325 1397 383 Signaturae
1419 328 1570 372 Gratiae

84 385 230 426 litteras
264 380 574 424 Reformationis
598 380 889 424 Tribunalium
907 411 920 431 ‚
955 398 978 425 a
998 384 1122 425 Paulo
1151 384 1204 425 V.
1228 416 1239 434 ,
1273 397 1311 426 et
1330 385 1572 430 Innocentio

83 443 171 485 XII.
205 441 357 490 editas;
392 453 515 497 prout
546 453 653 497 patet
682 442 703 482 e
729 441 1037 484 Constitutione
1056 443 1274 486 Clementis
1294 445 1379 484 ΧΗ.
1407 457 1449 498 4.
1469 447 1576 502 apri-

82 501 129 544 lis
147 514 270 558 1731.
294 500 444 541 Electio
480 514 576 543 vero
593 500 841 542 Votantium
877 502 1103 559 antiquitus
1131 503 1182 546 ita
1219 505 1496 559 sequebatur,
1532 516 1576 547 ut

83 561 258 603 seniores
291 558 335 600 in
358 558 491 601 officio
519 572 570 600 ex
592 558 782 603 universo
812 560 1197 604 Referendariorum
1229 575 1338 605 coetu
1357 560 1445 616 jure
1489 577 1580 613 suo,

86 620 238 675 absque
270 617 461 660 electione
494 618 535 658 in
550 618 690 659 ordine
705 619 948 662 Votantium
981 623 1271 677 cooptarentur
1292 652 1302 662 .

206 677 466 720 Innocentius
500 679 594 721 Vero
620 678 708 718 XII.
727 693 839 719 anno
876 679 1136 724 Pontificatus
1170 681 1232 722 sui
1254 681 1426 737 quinto,
1458 680 1581 722 Con-

84 737 293 781 stitutione
309 769 321 786 ,
353 750 447 790 quae
468 735 610 792 incipit
627 751 638 777 .·
667 737 772 778 Inter
785 738 1042 794 gravissimas
1057 771 1070 789 ‚
1097 742 1168 782 sub
1187 742 1319 782 datum
1340 742 1477 783 Romae
1494 750 1574 780 ter-

85 796 284 839 tiodecimo
297 797 494 838 Kalendas
510 794 684 854 Augusti
696 810 799 838 anno
820 797 945 854 1695.
960 798 1032 855 (ι)
1049 799 1157 842 aliter
1179 800 1360 849 sancivit,
1379 813 1424 841 ut
1442 799 1578 855 Signa-

85 868 190 899 turae
227 871 367 913 nempe
382 856 580 897 Votantes
609 856 662 897 ad
679 870 793 897 suam
813 887 826 905 ,
860 870 898 899 et
914 872 988 915 pro
1014 872 1187 914 tempore
1211 859 1469 901 existentium
1498 860 1575 900 Ro-

87 929 303 958 manorum
334 914 574 956 Pontificum
603 915 834 957 electionem
862 947 875 966 ‚
910 932 954 959 ac
988 918 1201 974 providam
1230 918 1577 967 deliberationem,

88 975 228 1016 habito
258 987 437 1029 respectu
456 974 510 1015 ad
527 973 686 1017 virtutis
704 977 1013 1032 praerogativam
1030 1009 1042 1027 ,
1075 991 1114 1019 et
1130 979 1364 1020 meritorum
1385 976 1581 1019 excellen-

88 1033 185 1076 tiam
200 1064 213 1082 ,
246 1046 504 1082 crearentur;
523 1034 646 1087 probe
668 1033 778 1073 enim
801 1035 915 1076 novit
932 1036 1247 1092 sapientissimus
1267 1035 1451 1078 Pontifex
1469 1065 1481 1082 ‚
1501 1034 1581 1078 vir-

89 1091 184 1134 tutis
208 1090 480 1145 praestantiam
512 1101 597 1127 non
616 1090 658 1127 in
679 1091 759 1128 sola
777 1093 957 1131 muneris
975 1094 1178 1146 prioritate
1197 1122 1210 1138 ‚
1242 1109 1312 1134 seu
1331 1094 1576 1147 antiquitate

89 1161 298 1192 consistere
317 1177 330 1196 ,
364 1162 459 1188 narn
479 1145 701 1202 aliquando
719 1174 731 1194 ,
764 1159 810 1188 ut
830 1147 991 1203 ipsemet
1008 1147 1064 1191 ait
1080 1180 1093 1199 ,
1122 1151 1358 1207 posteriores
1385 1151 1426 1192 in
1446 1151 1580 1193 officio

87 1207 293 1266 prioribus
329 1205 526 1248 doctiores
544 1236 557 1254 ,
589 1217 626 1246 et
646 1204 816 1261 aptiores
833 1206 995 1249 existere
1012 1238 1025 1256 ,
1062 1223 1309 1265 compertum
1328 1222 1384 1252 est
1404 1241 1414 1252 .

208 1266 375 1322 Quibus
388 1264 552 1321 quidem
569 1263 861 1306 Referendariis
882 1281 965 1307 non
984 1267 1105 1309 modo
1123 1269 1372 1312 Votantibus
1392 1301 1404 1319 ,
1421 1282 1579 1317 verum,

89 1339 126 1369 et
146 1325 391 1382 simplicibus
421 1323 563 1381 Caput
579 1323 657 1366 sive
676 1323 969 1366 moderatorem
985 1358 997 1375 ‚
1027 1327 1205 1369 Praefeeti
1227 1328 1389 1370 nomine
1409 1327 1583 1385 appella-

90 1399 175 1430 tum
193 1417 206 1435 ,
221 1384 434 1428 Pontifices
448 1381 747 1425 constituerunt
763 1412 775 1431 ,
794 1383 984 1440 illumque
1003 1385 1274 1429 Cardinalitia
1288 1387 1482 1443 dignitate
1500 1386 1583 1428 ful-

90 1459 274 1502 gentem;
299 1444 414 1500 quod
435 1456 564 1499 neque
584 1457 603 1483 a
625 1444 816 1485 Romano
835 1443 922 1501 jure
950 1445 1120 1487 omnino
1138 1445 1362 1503 discrepat,
1391 1461 1485 1488 narn
1504 1449 1585 1487 Re-

89 1504 410 1547 ferendariorum
432 1502 647 1546 Praefectus
663 1502 814 1545 Comes
830 1503 1108 1561 appellabatur
1126 1534 1138 1552 ,
1168 1518 1290 1561 prout
1310 1518 1474 1548 testatur
1486 1503 1585 1546 Ma-

90 1563 268 1606 billonius
284 1562 359 1620 (2)
388 1578 401 1613 3
435 1561 507 1618 qui
544 1561 723 1618 profecto
755 1563 959 1613 ostendit,
995 1580 1128 1606 unum
1160 1579 1243 1621 pree
1281 1565 1435 1607 caeteris
1465 1563 1583 1605 Refe-

90 1623 290 1666 rendariis
316 1623 471 1680 Regum
489 1623 738 1665 Francorum
770 1622 1044 1667 Primicerium
1063 1655 1075 1674 ‚
1110 1638 1181 1667 seu
1201 1624 1377 1681 primurn
1406 1622 1585 1681 appella-

91 1695 177 1726 tum
195 1681 314 1725 fuisse
336 1713 345 1723 .
378 1683 429 1725 Et
443 1695 547 1725 recte
570 1683 613 1724 id
629 1680 895 1725 constitutum
920 1697 1001 1725 esse
1020 1696 1212 1741 apparet3
1232 1697 1283 1727 ex
1304 1697 1354 1726 eo
1377 1684 1475 1739 quia
1495 1694 1582 1723 non

90 1755 258 1800 possunt
286 1742 428 1799 utique
456 1741 600 1785 ordine
627 1756 703 1784 suo
735 1755 794 1783 res
821 1741 1034 1799 procedere
1053 1775 1066 1792 ,
1094 1757 1166 1785 nec
1199 1755 1300 1786 recte
1335 1743 1388 1784 ad
1423 1741 1582 1782 exitum

92 1801 300 1857 pervenire
331 1801 434 1850 ubi,
463 1801 594 1854 quiin
612 1815 729 1849 uno,
760 1801 985 1853 eodemque
1017 1802 1199 1857 Collegio
1228 1802 1278 1841 ad
1307 1799 1582 1855 judicandum

93 1869 398 1914 proponuntur,
415 1856 502 1910 pari
529 1856 631 1897 inter
647 1871 686 1897 se
703 1858 939 1898 auctoritate
957 1859 1154 1905 existant,
1181 1871 1300 1909 atque
1328 1856 1458 1910 gradu
1475 1887 1488 1906 ‚
1510 1871 1584 1899 nec

94 1928 241 1956 eorum·
252 1910 472 1968 quisquam
489 1914 641 1952 caeteris
657 1926 921 1966 praeponatur
941 1939 954 1959 ,
989 1914 1044 1953 ait
1061 1913 1289 1955 Franciscus
1303 1915 1463 1973 Rapolla
1480 1947 1489 1957 .
1506 1916 1581 1971 (3)

214 1973 314 2013 Haec
338 1983 511 2025 namque
528 1970 757 2026 Signaturae
778 1971 795 2017 J
803 1968 949 2012 ustitiae
969 1970 1211 2013 Praefectura
1232 1973 1272 2015 in
1293 1974 1468 2017 maxima
1487 1989 1588 2017 sem-

96 2047 166 2091 per
193 2028 491 2073 existimatione
509 2028 646 2071 habita
663 2040 742 2080 est;
776 2029 894 2078 itaut,
914 2030 1031 2072 Paulo
1053 2031 1100 2073 V.
1132 2030 1291 2075 sedente
1311 2062 1324 2082 ‚
1344 2032 1581 2076 Cardinalis

97 2091 316 2148 Maphaeus
333 2086 716 2147 Barberinus‚postea
734 2087 917 2131 Pontifex
938 2103 1164 2147 assumptus
1180 2094 1258 2133 sub
1280 2092 1443 2135 nomine
1460 2093 1583 2135 Urba-

99 2150 143 2194 m‘
175 2149 283 2194 VIII.
320 2147 546 2208 posthabita
579 2146 787 2191 collatione
818 2147 1032 2204 cujusdam
1064 2150 1254 2193 Abbatiae
1284 2152 1465 2195 duorum
1499 2152 1589 2193 mil-

102 2210 201 2252 lium
229 2221 436 2251 scutorum
451 2236 465 2256 ‚
497 2222 541 2250 ac
560 2206 747 2250 recusatis
764 2208 913 2249 annuis
933 2207 1019 2250 aliis
1039 2208 1234 2252 reditibus
1253 2212 1352 2253 mille
1370 2243 1383 2262 ‚
1412 2224 1451 2253 et
1467 2211 1593 2266 quin-

106 2281 267 2312 centum
301 2266 434 2311 eidem
450 2267 614 2318 oblatis,
636 2281 682 2312 ut
698 2267 927 2326 Signaturae
958 2268 1126 2315 Justitiae
1146 2271 1432 2314 Praefecturam
1461 2268 1595 2313 dimit·

1091 2329 1123 2370 B
1155 2344 1180 2371 2
1539 2343 1597 2373 te-

157 2468 211 2509 (ῐ)
237 2472 271 2501 In
285 2470 682 2514 append.pag.29rad32.
911 2473 964 2513 (3)
989 2474 1025 2504 In
1051 2474 1219 2504 Comment-
1238 2474 1322 2511 Iuris
1353 2473 1457 2515 Regni
1487 2479 1597 2505 tomm-

157 2513 210 2557 (2)
234 2518 282 2548 De
299 2517 343 2547 Re
355 2515 556 2558 diplomatica
573 2518 705 2560 cap-XI.
723 2525 792 2550 n.2.
861 2526 938 2560 pag.
958 2525 1041 2559 290.
