1952 3167
288 317 299 339 1
331 316 351 338 o

305 316 508 388 9decretum
527 348 676 387 eiusdem
695 372 704 387 ‚
734 348 855 392 quibus
872 349 900 383 in
919 349 1025 385 causis

374 401 494 434 habeat
517 396 587 431 vim
606 397 821 434 resolutionis
846 398 963 443 plenae
980 398 1027 433 Si-

384 458 545 494 gnaturae
561 471 569 480 .
587 459 645 492 79.

335 498 470 544 quando
487 508 657 540 apponere
691 497 792 540 possit
808 505 1027 542 sequestrum

387 546 581 580 reddituum
602 545 631 578 in
649 545 928 579 Beneficialibus.
947 554 1027 587 274.

338 595 540 630 audientiam
563 617 573 633 ‚
602 592 722 636 quibus
752 594 869 626 diebus
888 593 1028 626 habeat,

390 654 424 679 et
454 654 522 688 quo
562 642 679 676 ordine
709 652 821 675 coram
852 652 892 674 eo
919 639 1029 684 legant

863 300 1109 336 INDEX
1163 300 1222 336 11.

1127 348 1299 384 Antonius
1330 348 1521 384 Cardinalis
1553 348 1748 383 Praefectus
1778 347 1822 381 ob

1178 397 1405 432 dimissionem
1429 397 1510 433 dicti
1532 397 1697 432 Francisci
1723 421 1732 430 .
1770 406 1825 436 15.

1084 447 1362 482 B.1rbit()nsorum
1379 447 1478 478 Urbis
1502 455 1623 478 statuta
1642 445 1826 482 subjiciun-

1182 503 1238 527 tur
1260 492 1476 537 exequutioni
1501 490 1571 526 kmi
1590 492 1715 527 Vicarii
1734 515 1745 531 ,
1771 492 1822 527 vel

1178 543 1248 579 ejus
1267 540 1516 584 Vicesgerentis
1533 565 1543 576 .
1572 551 1653 583 135.

1083 589 1296 625 Beneficiales
1323 591 1455 624 Causae
1483 590 1592 633 quoad
1629 587 1823 635 appellatio-

1181 651 1253 674 nem
1269 663 1279 674 .
1293 640 1370 674 vide
1385 648 1596 683 sequestrum
1616 663 1625 675 .

391 694 568 732 citationes
584 689 845 724 omnesNotarii
860 713 869 728 ‚
884 698 915 723 et
930 699 1032 733 quan-
1083 688 1317 723 Beneventana
1345 687 1462 722 civitas
1483 688 1606 733 gaudet
1639 686 1821 732 privilegio

392 747 436 779 do
452 745 569 778 habeat
586 738 880 775 extraordinariam
899 735 1032 772 audien-

391 794 470 828 tiam
492 816 502 825 .
522 802 602 824 122.
619 790 656 823 ad
689 800 767 833 123.

346 843 378 877 in
397 841 502 878 causis
520 841 564 874 ob
585 847 735 882 spretum
752 849 830 871 suae
849 834 1030 870 auctorita-

1182 737 1348 772 secundae
1365 736 1539 771 instantiae
1559 761 1569 778 ‚
1602 744 1636 772 et
1649 736 1774 782 quibus
1792 745 1824 769 in

1181 786 1311 821 casibus
1331 810 1340 820 .
1360 785 1406 820 ibi
1421 809 1430 819 .

1082 835 1256 870 Bononiae
1272 846 1433 879 quaenam
1451 834 1513 868 sint
1528 833 1706 879 privilegia
1723 859 1732 869 .
1747 833 1796 867 ibi
1809 855 1819 866 .

394 893 435 925 tis
466 888 638 934 quomodo
672 886 891 920 criminaliter
915 894 1031 929 proce·
1077 884 1187 928 ,Burgi
1205 883 1368 918 Notarius
1401 883 1524 928 quibus
1553 883 1583 917 in
1614 882 1723 917 causis
1745 880 1823 917 scri-

394 940 448 973 dat
469 947 548 979 150.
565 937 604 970 ad
629 945 707 980 ¹53·

299 989 506 1024 Auditorum
524 985 720 1030 Signaturae
737 983 902 1018 Elenchus
921 1005 929 1015 .
952 992 1031 1026 107.

299 1036 520 1074 Auditoribus
539 1035 644 1068 Rotae
660 1031 926 1067 communicatae
942 1041 1031 1075 prae-

395 1085 566 1131 rogativae
583 1107 592 1122 ‚
625 1092 656 1117 et
673 1082 798 1129 gratiae
832 1080 1034 1115 Referenda-

400 1136 525 1171 riorum
543 1158 552 1172 ‚
581 1133 660 1167 vide
679 1133 784 1166 Rotae
804 1154 813 1163 .

302 1184 480 1220 Auditoris
513 1184 680 1216 Gamerae
710 1180 885 1215 facultates
904 1202 914 1211 .
957 1177 1037 1211 268.

347 1232 536 1274 iurisdictio
557 1229 722 1274 privativa
743 1230 772 1262 in
794 1228 899 1262 causis
917 1226 1038 1260 Curia-

401 1284 481 1318 lium
512 1280 645 1325 quando
662 1279 772 1313 locum
806 1279 1037 1320 habeat-127.

399 1333 440 1366 ad
459 1332 536 1365 128.
1003 1344 1009 1346 >

350 1381 466 1426 nequit
493 1381 672 1414 decernere
703 1374 887 1411 Monitoria
919 1374 956 1408 ad
989 1384 1038 1407 re-

404 1430 604 1465 laxandum,
634 1436 665 1460 et
681 1426 914 1470 exequendum
942 1433 1037 1456 -man-

402 1480 515 1512 datum
539 1476 569 1510 in
588 1475 665 1509 loco
698 1473 839 1508 immuni
861 1497 869 1506 .
888 1471 935 1505 ibi
951 1496 959 1506 .

354 1528 487 1572 quando
503 1524 751 1566 sitssexequutor
765 1521 934 1554 literarum
948 1522 1039 1560 Apo-

406 1573 596 1608 stolicarum
631 1569 865 1614 generalium,
894 1566 947 1601 vel
966 1578 1037 1610 par-

404 1620 595 1657 ticularium
614 1618 695 1654 Abi„
712 1619 751 1652 ad
768 1628 842 1658 129.

356 1670 523 1716 privative
539 1668 712 1714 cognoscit
742 1668 783 1700 de
803 1663 910 1699 causis
933 1663 1040 1697 Simo-

405 1720 477 1754 niae
506 1743 516 1758 ‚
547 1726 579 1752 et
606 1715 898 1751 Confidentiarum
917 1736 924 1745 .
963 1724 1039 1753 1²9·

359 1770 388 1803 in
406 1767 544 1804 materia
579 1775 752 1801 usurarum
782 1776 820 1798 an
833 1761 936 1807 possit
964 1773 1040 1805 pro-

409 1818 527 1854 cedere
543 1829 584 1850 ex
598 1815 710 1849 officio
724 1812 821 1847 ‚1¹th

361 1879 400 1903 an
439 1867 482 1902 sit
510 1863 690 1909 personalis
735 1860 934 1907 pertinentia
965 1870 1042 1893 cau-

407 1928 461 1951 sae
476 1912 658 1952 criminalis
679 1937 688 1952 ,
705 1911 759 1946 vel
780 1910 893 1955 potius
912 1917 1038 1953 spectet

410 1965 449 2000 ad
472 1964 543 2003 ejus
557 1961 871 2006 Congregationem
888 1981 896 1990 .
911 1957 958 1991 ibi
982 1981 990 1990 .

363 2014 394 2047 in
409 2012 517 2049 causis
562 2009 691 2056 Truffae
716 2020 818 2055 quam
846 2006 1039 2042 facultatem

413 2063 531 2097 habeat
548 2084 557 2094 .
573 2059 620 2094 ibi
638 2083 648 2092 .

317 2110 482 2146 Avocatio
508 2110 695 2143 Causarum
725 2107 884 2152 quando,
917 2113 1048 2151 etquo-

412 2161 513 2194 modo
527 2156 638 2192 locum
654 2158 793 2192 habeat.
819 2157 900 2198 285.

701 2253 732 2289 ,Β

318 2350 516 2386 barberinus
532 2349 714 2390 Maphaeus
728 2344 1048 2389 Cardinalis,postea

416 2397 571 2433 Pontifex
585 2398 737 2432 Urbanus
755 2394 1046 2430 VIII.Praefectus

415 2449 611 2493 Signaturac
625 2470 633 2480 .
653 2457 666 2480 1
678 2455 707 2487 ς.

365 2496 559 2531 Franciscus
586 2493 728 2529 Cardin.
744 2492 937 2528 Praefectus
958 2493 1048 2533 ejus-

414 2546 490 2580 dem
506 2545 701 2590 Signaturae
718 2567 727 2578 .
751 2551 804 2585 ις.

1181 934 1259 967 bere
1286 934 1430 968 debeat.
1448 942 1530 977 135.
1548 932 1588 966 ad
1610 934 1689 976 136.

1435 1031 1467 1065 C

1090 1127 1310 1164 Cabballinus
1341 1127 1465 1170 joseph
1481 1151 1490 1166 ‚
1513 1127 1685 1161 Romanus
1701 1149 1711 1166 ‚
1738 1125 1824 1160 Car-

1188 1176 1304 1212 dinalis
1321 1176 1514 1211 Praefectus
1530 1201 1539 1210 .
1560 1177 1641 1212 108.

1088 1227 1282 1262 Cameralcs
1297 1237 1417 1260 causae
1445 1237 1607 1270 quaenam
1625 1224 1692 1259 sint
1709 1247 1719 1257 .
1744 1225 1822 1267 136.

1186 1275 1226 1310 ad
1247 1284 1324 1318 137.

1139 1324 1315 1360 citationes
1335 1325 1469 1370 quando
1487 1324 1550 1358 sint
1580 1321 1800 1358 attendendae
1813 1344 1824 1355 .

1191 1385 1272 1418 ¹40·
1293 1373 1332 1407 ad
1353 1384 1432 1417 142.

1088 1421 1285 1458 Camerales
1328 1422 1500 1457 Officiales
1539 1420 1685 1466 gaudent
1714 1417 1824 1465 privi-

1186 1472 1274 1516 legio
1292 1470 1353 1504 fori
1373 1496 1381 1504 .
1413 1481 1489 1515 137.

1135 1531 1232 1562 quam
1252 1519 1525 1559 jurisdictionem
1545 1517 1709 1550 habeant.
1744 1516 1826 1560 136.

1135 1568 1165 1603 iu
1195 1569 1301 1602 causis
1323 1566 1546 1608 Affidatorum
1574 1565 1697 1597 habent
1726 1563 1825 1597 etiarn

1189 1617 1398 1658 Signaturam
1417 1613 1447 1646 in
1481 1621 1600 1647 ventre
1617 1636 1627 1646 .
1653 1611 1701 1646 ibi
1718 1636 1728 1645 .

1092 1662 1299 1708 Campegius
1319 1661 1515 1696 Laurentius
1534 1685 1544 1701 ‚
1579 1660 1799 1696 Bononiensis
1814 1686 1824 1702 ‚

1190 1710 1376 1745 Cardinalis
1393 1710 1584 1745 Praefectus
1603 1735 1611 1749 .
1633 1720 1690 1753 13.

1073 1779 1076 1781 v
1092 1761 1208 1805 Capit.
1227 1759 1363 1794 oblatae
1379 1761 1417 1793 de
1426 1759 1728 1807 appellationibus
1747 1759 1830 1794 abiit

1192 1810 1222 1843 in
1247 1809 1508 1844 desuetudinem
1525 1832 1534 1842 .
1563 1810 1646 1856 284.

1093 1858 1298 1905 Capitaneus
1330 1858 1605 1902 Appellationum
1650 1858 1681 1892 in
1721 1858 1829 1894 Curia

1190 1906 1386 1952 Capitolina
1401 1908 1566 1953 quodnam
1587 1919 1707 1942 munus
1736 1919 1830 1943 exer-

1188 1964 1285 1991 ceat.
1309 1965 1372 2002 54.

1084 2004 1257 2050 :Capitolii
1276 2003 1464 2040 Tribunalis
1492 2016 1652 2051 quaenam
1670 2004 1712 2040 sit
1728 2005 1829 2046 juris·

1190 2052 1294 2088 dictio
1327 2053 1358 2087 in
1378 2053 1467 2088 Urbe
1481 2077 1491 2092 ,
1525 2054 1577 2089 vel
1593 2063 1685 2089 extra
1702 2055 1826 2089 Urbem

1195 2103 1285 2137 inter
1307 2114 1422 2137 causas
1458 2101 1699 2142 Clericorum,
1727 2111 1827 2149 atque

1148 2161 1155 2166 ·
1196 2151 1336 2185 aliorum
1357 2175 1367 2184 .
1392 2161 1469 2194 137.
1485 2153 1523 2184 ad
1542 2152 1623 2198 138.

1099 2201 1251 2242 Captura
1267 2198 1327 2231 Rei
1341 2197 1421 2242 quid
1444 2197 1569 2232 *efficiat
1585 2222 1594 2231 .
1613 2199 1692 2241 138.

1100 2247 1241 2280 Carrara
1258 2245 1454 2280 Franciscus
1472 2247 1706 2292 Bergomensis
1721 2270 1730 2281 .
1750 2260 1827 2293 109.

1097 2295 1266 2328 ⁴Casanate
1301 2294 1537 2341 Hieronymus
1562 2294 1828 2340 Neapolitanus.

1198 2355 1243 2379 10
1272 2367 1281 2377 .

1093 2393 1213 2428 Castri
1230 2354 1267 2476 S}
1281 2391 1404 2437 Angeli
1420 2392 1583 2428 Praefecti
1612 2393 1805 2433 iurisdictio
1818 2420 1827 2432 .

1201 2452 1213 2475 1
1273 2466 1282 2476 .

1100 2451 1320 2526 Castru{cius
1335 2489 1478 2530 joannes
1495 2489 1644 2535 Baptista
1674 2492 1830 2528 Lucensis

1198 2537 1385 2573 Cardinalis
1402 2538 1591 2575 Praefectus
1607 2564 1617 2575 .
1637 2550 1692 2586 15.

1747 2589 1835 2628 Cau,
