1993 3195
709 300 749 341 C
785 300 821 340 A
856 300 883 337 P
916 297 955 338 U
989 297 1026 338 T
1079 299 1141 339 ·ll.
1550 296 1633 352 163

195 372 260 415 vio
293 359 592 406 Gubernatoris
609 358 811 414 ‘rescripto
830 385 842 402 ‚
860 371 943 411 qno
976 356 1103 397 eidem
1130 352 1263 410 'judici
1290 350 1374 392 fieri
1399 354 1547 396 solebat
1581 371 1643 396 re-

193 426 334 479 missio¹
354 423 587 463 Causarum
617 417 764 458 dictam
796 429 995 457 summam
1025 413 1304 455 excedentium
1325 423 1387 456 ,et
1415 410 1639 463 cujuseum.

195 500 272 542 que
301 480 453 538 generis
495 477 682 520 mercedis
715 508 727 525 ‚
766 474 808 515 in
846 474 920 515 illis
966 486 1100 529 postea
1147 471 1270 527 judex
1303 469 1521 525 praedictus
1552 485 1645 512 sen-

194 544 359 587 tentiam
390 539 541 581 ferebat
574 549 766 579 consueto
803 533 903 587 jutis
930 533 1070 574 ordine
1105 545 1189 571 non
1221 542 1412 577 servato,
1438 528 1557 569 ferme
1599 544 1643 571 ac

198 616 377 659 ageretur
412 600 458 639 de
487 597 618 638 causis
643 595 761 636 dictae
790 593 959 634 modicae
977 605 1171 634 summae.
1202 589 1417 645 Signatura
1444 586 1562 643 igitur
1593 587 1646 628 ad

202 659 517 719 improbandum
556 652 794 705 hujusmodi
835 653 1008 693 abusum
1052 650 1092 690 in
1132 648 1270 690 Causa
1308 648 1480 688 Romana
1510 676 1523 694 ,
1555 661 1651 702 pro-

202 721 326 780 posita
366 719 430 759 die
469 731 534 772 14.
551 713 647 772 julii
683 725 811 768 1757·
847 725 931 751 non
957 712 1138 752 obstante
1168 721 1369 749 consensu
1406 720 1428 746 a
1466 706 1650 747 Partibus

133 829 144 841 Α
206 795 341 822 coram
376 778 482 817 dicto
500 771 838 829 ‚iudice-praestito
855 801 867 819 ,
886 769 1082 825 rescripsit
1101 799 1111 808 .
1141 763 1449 820 Circumscriptis
1475 764 1650 805 omnibus

204 840 326 899 gestis
359 851 486 879 coram
502 832 641 894 Jtcclice
656 826 990 874 Met-ceriariorum
1010 859 1022 877 ,
1053 828 1188 868 Partes
1219 837 1377 866 utantur
1384 823 1477 879 jure
1496 838 1565 866 suo
1585 851 1597 869 ‚
1613 829 1651 863 et

202 898 369 956 amplius
388 928 397 937 .

323 955 492 997 Hebraei
509 968 557 995 ex
575 950 863 995 constitutione
880 981 892 999 ,
912 965 982 991 seu
999 957 1104 990 motu
1118 943 1277 1003 proprio
1308 941 1403 997 Iulii
1424 955 1496 983 111.
1524 939 1654 993 subij-

206 1017 370 1061 ciuntur
390 1014 542 1056 Curiae
563 1013 652 1053 Effii
669 1010 822 1053 Vicarii
842 1025 914 1067 pro
930 1007 1079 1050 Causis
1096 1019 1175 1047 tam
1192 1003 1376 1046 civilibus
1391 1032 1405 1050 ‚
1438 1017 1562 1056 quam
1581 999 1653 1043 cri-

207 1075 426 1120 minalibus
445 1105 457 1123 ‚
493 1086 574 1115 tam
597 1069 873 1113 Universitatis
891 1096 902 1115 ‚
935 1080 1059 1122 quam
1077 1061 1381 1121 particularium
1411 1060 1512 1101 inter
1551 1059 1658 1115 ipsos

208 1149 289 1178 tam
309 1134 434 1175 active
457 1130 624 1186 squam
642 1128 790 1186 passive
812 1158 825 1176 ‚
844 1127 949 1168 inter
970 1125 1065 1165 alios
1082 1121 1233 1180 passive
1250 1132 1411 1163 tanturn
1431 1149 1442 1160 .
1474 1118 1548 1158 Die
1564 1117 1663 1158 Sab-

204 1192 317 1240 -bati,
352 1204 396 1230 ac
417 1189 570 1242 reliquo
603 1199 805 1240 tempore,
834 1201 917 1239 quo
945 1198 1086 1222 eorum
1117 1178 1246 1220 cultui
1273 1178 1477 1218 servando
1512 1172 1661 1217 addicti

208 1263 335 1296 sunt,
372 1258 586 1301 nequeunt
618 1242 857 1289 conveniri,
885 1255 1015 1296 neque
1051 1237 1148 1280 alios
1177 1234 1422 1282 convenire·‚
1452 1231 1566 1284 juxta
1585 1234 1661 1291 leg„

210 1310 379 1352 Sabbato
414 1320 481 1347 12.
505 1305 599 1347 Cocl.
621 1301 835 1350 deludaeis
867 1313 906 1342 et
922 1313 970 1341 ex
985 1299 1104 1341 Moru
1118 1294 1275 1353 proprio
1309 1292 1407 1334 Sixti
1427 1306 1469 1332 ν.
1499 1290 1574 1332 diei
1592 1305 1661 1333 22.

213 1365 424 1412 novembris
454 1364 584 1417 1586.
621 1362 727 1404 Hinc
744 1361 787 1401 in
805 1359 937 1402 Curia
956 1357 1107 1400 Vicarii
1132 1369 1181 1396 ex
1215 1352 1302 1395 stilo
1335 1350 1564 1393 Citationes
1582 1351 1665 1391 l-le-

213 1429 433 1472 braeorum
463 1438 544 1466 tam
564 1423 714 1464 activae
732 1451 743 1468 ‚
761 1435 884 1474 quam
903 1416 1108 1475 passivae,
1128 1415 1217 1454 licet
1248 1411 1433 1452 incidant
1457 1409 1519 1450 die
1540 1408 1666 1451 sabati

212 1488 400 1545 leguntur
419 1484 461 1524 in
479 1478 663 1537 sequenti
695 1477 901 1518 audientia
924 1506 933 1516 .
952 1474 1166 1515 Limitatur
1190 1483 1322 1511 tamen
1348 1467 1519 1522 quando
1540 1467 1669 1508 citen-

215 1559 297 1595 tur,
310 1545 374 1585 vel
390 1542 523 1584 adsint
541 1551 821 1599 procuratores
845 1536 895 1576 ab
914 1533 1052 1575 iisdem
1069 1527 1276 1573 constituti
1291 1557 1301 1567 .
1319 1527 1376 1568 Ita
1395 1526 1605 1583 Signatura
1625 1525 1668 1566 in

218 1603 462 1649 Anconitana
480 1601 556 1643 diei
575 1615 614 1655 9.
634 1594 861 1654 septembris
874 1607 994 1650 1779-
1031 1589 1163 1646 rejecit
1188 1585 1599 1642 circumscriptionem
1616 1584 1671 1626 ci-

217 1663 377 1713 tationis
392 1695 405 1713 ,
421 1677 458 1705 et
477 1658 622 1702 decreti
638 1657 732 1700 facti
749 1655 810 1697 die
830 1653 965 1697 Sabati
984 1651 1037 1694 ad
1058 1647 1292 1691 instantiam
1308 1644 1580 1704 procuratoris
1596 1645 1676 1688 l-Ie-,

218 1725 302 1767 brei
325 1719 496 1765 forensis
508 1734 640 1762 coram
659 1716 710 1757 A.
733 1715 789 1756 C.

330 1779 617 1830 Jurisdictionis
647 1772 879 1821 exercitium
901 1803 912 1814 .
943 1770 1032 1814 Hoc
1049 1769 1126 1812 sub
1141 1765 1258 1810 titulo
1275 1764 1467 1807 adnotare
1488 1758 1681 1803 duximus

224 1840 443 1884 nonnullas
474 1835 772 1878 controversias
790 1863 804 1880 ,
834 1847 936 1886 quae
966 1828 1130 1872 excitari
1162 1827 1290 1868 solent
1316 1820 1456 1878 quoad
1484 1833 1546 1861 res
1572 1817 1680 1869 judi-

225 1915 333 1943 catas
347 1930 359 1947 ‚
379 1912 417 1940 et
431 1909 625 1952 expensas
644 1893 685 1932 in
706 1889 1065 1946 prorogationibus
1084 1883 1414 1937 jurisdictionum
1437 1909 1445 1918 .
1477 1877 1683 1919 Sententia

227 1959 349 2015 igitur
379 1957 455 1997 lata
477 1956 517 1994 in
537 1953 716 1994 favorem
740 1946 886 2003 mortui
906 1943 1195 1992 'substinetur3
1212 1942 1265 1984 ita
1287 1939 1503 1997 Signatura
1526 1937 1571 1977 in
1595 1935 1687 1978 Tri-

229 2015 386 2057 demina
403 2022 628 2071 praetensae
649 2002 1019 2062 circumscriptionis
1038 2018 1080 2060 9.
1098 2000 1198 2044 iunii
1222 2001 1346 2056 1768.
1365 1995 1584 2039 Positiones
1603 2009 1688 2036 non

228 2069 399 2134 possunt
426 2071 511 2113 dari
533 2099 545 2118 ‚
576 2083 647 2110 nec
666 2065 825 2108 admitti
847 2064 920 2105 nisi
942 2077 1065 2121 super
1099 2059 1297 2103 solutione
1343 2069 1502 2100 tantum
1522 2087 1534 2104 ,
1568 2066 1691 2112 prout

229 2134 384 2177 censuit
401 2131 539 2173 eadem
559 2127 777 2182 Signatura
800 2123 842 2163 in
861 2123 1043 2162 Sabinen.
1069 2121 1134 2161 16.
1154 2117 1284 2161 martii
1302 2118 1378 2175 178
1391 2133 1422 2157 J.
1446 2144 1452 2154 .
1479 2115 1687 2157 Adversus

231 2209 315 2238 rem
345 2191 567 2245 judicatam
598 2184 761 2228 alterius
779 2180 1014 2236 Tribunalis
1030 2210 1043 2228 ,
1061 2179 1147 2220 licet
1164 2179 1265 2219 inter
1283 2180 1458 2222 diversas
1477 2186 1690 2232 personas,

235 2253 392 2296 nulliter
411 2250 613 2292 decretum
653 2243 818 2300 aliquod
852 2238 1178 2298 pronunciatur,
1222 2237 1335 2293 juxta
1372 2237 1608 2292 Signaturae
1637 2244 1690 2272 re-

238 2310 474 2355 solutionem
511 2308 553 2348 in
572 2308 748 2348 Romana
771 2297 1146 2355 circumscriptionis
1179 2298 1240 2338 18.
1260 2293 1481 2354 septembris
1502 2306 1624 2347 ¹777·
1648 2290 1690 2330 in

241 2385 319 2426 qua
341 2369 573 2425 rescriptum
600 2364 676 2406 fuit
699 2377 709 2404 :
746 2361 1044 2415 Circumscripta
1060 2358 1247 2401 sententia
1278 2355 1329 2397 Α.
1349 2355 1393 2397 C.
1415 2357 1548 2394 Partes
1572 2360 1692 2389 utan-

243 2428 402 2485 turjure
419 2443 493 2471 suo-
511 2460 524 2477 ,
565 2440 602 2468 et
626 2424 690 2464 18.
715 2418 924 2463 decembris*
939 2418 1118 2472 ejusdem
1150 2413 1248 2455 anni
1289 2409 1532 2469 reproposita
1569 2421 1692 2449 causa

246 2489 481 2545 rescriptum
501 2485 666 2545 prodiit:
687 2483 728 2526 in
746 2479 897 2523 decisis.
919 2477 986 2520 Ob
1003 2475 1207 2517 defectum
1226 2467 1572 2529 transportationis
1590 2479 1698 2508 acto-

1099 2536 1137 2577 X
1170 2547 1196 2574 2
1608 2538 1701 2570 rum
