1952 3167
318 323 365 348 zo
682 309 746 344 DE
773 308 884 350 JURE
912 308 1194 344 SIGNATURAE
1219 308 1432 350 JUSTITIAE

321 362 371 398 tio
387 355 635 405 expostulabit,
662 358 782 393 Missas
813 369 988 403 antequam
1019 357 1187 393 elucescat
1209 358 1301 398 dies,
1344 359 1432 393 circa
1452 363 1560 391 tamen
1599 367 1751 392 auroram
1777 378 1788 396 ,

319 421 380 446 nec
397 421 460 443 non
490 408 515 443 si
532 407 641 442 forsan
672 408 710 441 ad
729 407 824 446 loca,
853 406 1088 442 Ecclesiastico
1127 407 1307 441 interdicto
1324 431 1334 446 ‚
1376 416 1439 441 tam
1472 405 1638 440 ordinaria
1655 430 1665 445 ‚
1691 417 1792 451 quam

315 457 514 504 Apostolica
543 455 743 490 auctoritate
771 455 944 500 supposita
959 479 969 495 ,
1000 467 1056 490 eos
1072 455 1241 489 declinare
1258 454 1440 499 contigerit
1458 477 1468 493 ‚
1496 453 1525 487 in
1543 454 1607 488 illis
1624 454 1790 489 submissa

314 516 404 542 voce
424 530 434 546 ,
465 505 583 541 clausis
599 503 730 544 ianuis,
759 513 792 538 et
804 515 868 538 non
900 503 1037 546 pulsatis
1068 501 1260 546 campanis,
1292 513 1328 534 ac
1344 501 1666 542 excommunicatis,
1696 502 1793 537 etin-

319 555 476 590 terdictis
511 552 654 588 exclusis
670 577 679 591 ‚
697 552 728 587 in
745 565 802 586 sua
826 550 1108 592 familiariumque
1137 560 1275 583 suorum
1301 549 1564 584 domesticorum
1583 571 1593 586 ‚
1636 558 1668 583 et
1689 551 1791 585 trium

319 603 461 639 aliarum
477 613 692 648 personarum
710 624 720 639 ,
738 611 855 634 eorum
875 598 1015 632 arbitrio
1032 597 1259 643 eligendarum
1277 621 1287 637 ‚
1312 598 1482 643 praesentia
1496 621 1504 636 ‚
1528 597 1714 632 dummodo
1730 597 1791 642 ipsi

315 653 614 698 etquipraesentes
631 648 755 682 fuerint
785 657 916 681 causam
949 658 1013 681 non
1043 646 1196 680 dederint
1225 645 1430 686 interdicto,
1459 657 1565 691 neque
1592 645 1638 680 eis
1669 647 1793 689 specia-

314 700 394 735 liter
422 700 636 734 interdictum
669 695 795 734 fuerit3
822 693 975 729 similiter
989 695 1130 734 Missas,
1158 703 1190 729 et
1203 694 1266 729 alia
1281 694 1406 730 Divina
1430 694 1539 729 officia
1565 705 1670 739 perse
1702 693 1790 738 ipsos

314 748 343 783 si
363 746 555 794 Presbyteri
586 743 736 784 fuerint,
765 742 820 778 vel
839 754 898 787 per
926 744 1099 787 proprium
1129 767 1140 783 ‚
1173 752 1228 777 aut
1242 742 1343 778 alium
1373 744 1530 778 idoneum
1571 742 1787 778 Sacerdotem

314 798 357 833 ab
375 796 560 832 Ordinario
588 796 808 839 approbatum
839 790 1034 832 celebrare,
1063 801 1095 826 et
1116 790 1275 826 celebrari
1307 792 1418 827 facere
1446 815 1456 832 ‚
1487 791 1607 836 illaque
1637 791 1752 826 audire
1777 813 1789 830 ,

313 855 347 880 et
364 847 411 881 eis
428 846 612 884 interesse3
639 853 698 876 nec
716 853 779 875 non
793 850 948 885 tempore
965 840 1133 876 interdicti
1163 839 1357 878 huiusmodi
1393 851 1517 875 sacram
1545 838 1790 874 Eucharistiam

311 902 348 928 et
367 905 490 929 coetera
534 894 744 927 Sacramenta
770 889 948 933 recipere3
979 889 1124 934 ipsisque
1153 887 1245 923 dicto
1277 898 1430 933 tempore
1466 889 1706 923 decedentibus
1735 898 1792 921 ec<

313 954 389 976 rum
419 951 560 984 corpora
596 937 836 972 Ecclesiasticae
868 935 1050 980 sepulturae
1073 937 1173 973 etiam
1190 949 1266 973 cum
1282 937 1414 973 funebri
1444 947 1571 982 pompa
1595 935 1793 972 Christiano

313 988 480 1023 ritutradi
508 995 670 1029 possunt.

411 1035 508 1071 xm.
537 1035 609 1069 Nec
633 1045 698 1068 non
718 1034 1038 1080 Quadragesimali,
1066 1044 1100 1071 et
1114 1037 1185 1072 aliis
1209 1037 1419 1082 temporibus
1435 1061 1445 1077 ,
1471 1047 1508 1072 ac
1522 1035 1641 1070 diebus
1673 1033 1791 1069 statio-

309 1096 391 1120 num
425 1083 643 1118 Basilicarum
658 1105 667 1122 ‚
701 1093 733 1117 et
750 1082 975 1119 Ecclesiarum
1002 1085 1101 1120 dictae
1119 1086 1217 1120 Urbis
1245 1096 1279 1121 et
1292 1095 1388 1121 extra
1404 1087 1475 1126 ejus
1495 1095 1606 1120 muros
1623 1107 1634 1126 ‚
1665 1082 1738 1117 siin
1753 1082 1794 1118 iis

311 1134 396 1170 locis
430 1133 461 1168 in
476 1134 596 1179 quibus
627 1144 684 1166 eos
702 1133 801 1167 etiam
838 1133 954 1168 Romae
972 1145 1043 1168 esse
1057 1134 1236 1180 contigerit
1251 1158 1262 1174 ‚
1288 1136 1367 1169 duas
1382 1135 1568 1173 Ecclesias,
1594 1140 1652 1169 aut
1665 1130 1790 1171 unius,

307 1183 363 1218 vel
383 1182 593 1216 diversarum
623 1179 847 1215 Ecclesiarum
876 1191 992 1216 eorum
1021 1182 1160 1217 arbitrio
1190 1183 1383 1228 eligendas,
1407 1181 1616 1217 visitaverint
1637 1204 1647 1219 ‚
1674 1192 1709 1214 ac
1729 1179 1793 1214 ibi-

307 1231 385 1265 dem
401 1230 604 1265 Orationem
635 1229 851 1264 Dominicam
872 1253 883 1268 ‚
921 1239 954 1264 et
969 1230 1210 1266 Salutationem
1241 1230 1434 1276 Angelicam
1466 1229 1580 1264 saltem
1597 1239 1648 1262 ter
1662 1230 1787 1261 devote

309 1279 560 1317 recitaverint,
593 1289 710 1312 omnes
729 1302 739 1317 ,
767 1287 800 1311 et
815 1277 956 1323 singulas
985 1278 1206 1323 indulgentias
1224 1302 1235 1317 ,
1276 1287 1308 1312 et
1336 1288 1552 1322 peccatorum
1580 1275 1791 1309 remissiones

307 1336 588 1373 consequantur,
619 1338 697 1371 quas
715 1334 1026 1370 consequerentur,
1055 1326 1081 1360 si
1109 1326 1231 1360 eisdem
1258 1327 1467 1369 temporibus
1487 1349 1497 1364 ‚
1522 1333 1555 1358 et
1581 1324 1699 1358 diebus
1726 1332 1791 1356 sta-

307 1375 439 1410 tionum
459 1400 468 1415 ,
504 1375 662 1410 Basilicas
676 1398 687 1414 ,
722 1386 757 1409 ac
773 1374 936 1409 Ecclesias
968 1373 1067 1409 Urbis
1081 1398 1090 1415 ,
1117 1383 1149 1409 et
1167 1383 1261 1410 extra
1276 1376 1347 1414 ejus
1365 1385 1478 1409 muros
1501 1370 1694 1413 huiusmodi
1710 1393 1721 1409 ,
1748 1368 1790 1404 ad

307 1423 343 1458 id
359 1427 534 1467 deputatas
561 1423 787 1468 personaliter
800 1423 1010 1458 visitassent.

408 1471 503 1505 XIV.
519 1472 650 1505 Eisdem
667 1482 802 1515 quoque
821 1470 1115 1514 Quadragesimali
1132 1494 1142 1510 ,
1171 1481 1204 1506 et
1221 1471 1293 1507 aliis
1309 1471 1516 1516 temporibus
1533 1494 1543 1510 ,
1569 1468 1692 1514 quibus
1713 1477 1788 1501 esus

307 1520 461 1555 carnium
483 1544 494 1558 ‚
527 1529 672 1553 ovorum
690 1543 700 1557 ,
729 1529 761 1552 et
779 1517 1027 1553 lacticiniorum
1057 1531 1137 1553 usus
1164 1520 1295 1559 dejure
1324 1544 1334 1560 ‚
1360 1518 1433 1553 *vel
1462 1516 1709 1553 consuetudine
1736 1521 1786 1548 est

303 1567 503 1611 prohibitus
521 1591 531 1606 ,
561 1567 687 1600 eisdem
715 1566 871 1600 carnibus
901 1589 910 1605 ‚
939 1567 1012 1600 ovis
1040 1592 1050 1608 ,
1091 1577 1124 1602 et
1151 1568 1326 1603 lacticiniis
1354 1569 1395 1602 de
1434 1565 1574 1601 consilio
1606 1565 1787 1607 utriusque

305 1614 435 1650 Medici
456 1638 466 1654 ‚
491 1626 527 1648 ac
543 1623 698 1654 secret0,
727 1623 759 1648 et
774 1613 843 1648 sine
858 1625 891 1647 sc
904 1614 1012 1648 andalo
1039 1616 1113 1655 uti,
1137 1624 1170 1649 et
1195 1616 1285 1650 vesci
1315 1615 1442 1653 libere,
1472 1614 1608 1650 etlicite
1628 1611 1782 1651 valeant,

306 1663 397 1699 dicta
416 1663 616 1697 auctoritate
645 1671 762 1697 tenore
791 1661 1004 1706 praesentium
1021 1664 1240 1699 concedimus
1253 1688 1263 1704 ‚
1290 1672 1323 1698 et
1340 1663 1554 1708 indulgemus
1571 1687 1580 1697 .

404 1712 480 1747 XV.
498 1712 665 1746 Praeterea
688 1710 964 1746 Constitutiones
991 1711 1128 1747 fel-rec.
1147 1709 1310 1747 Bonifacii
1337 1712 1435 1756 Papae
1450 1712 1545 1746 VIII.
1572 1711 1786 1756 predecesso-

306 1761 351 1795 ris
367 1760 469 1794 nostri
492 1784 503 1800 ,
532 1771 605 1805 quae
621 1759 740 1805 incipit
759 1782 769 1799 ,
797 1759 964 1795 Statutum
980 1784 990 1800 ‚
1019 1762 1059 1796 ad
1076 1762 1213 1796 eosdem
1241 1759 1498 1797 Referendarios
1525 1771 1612 1794 nunc
1632 1783 1642 1799 ,
1673 1767 1706 1792 et
1722 1767 1785 1802 pro

301 1818 454 1851 tempore
470 1808 646 1843 existentes
665 1833 676 1849 ‚
706 1808 917 1843 extendimus
934 1833 943 1843 .
971 1810 1020 1844 Ita
1039 1819 1076 1844 ut
1097 1809 1160 1854 ipsi
1188 1821 1304 1845 omnes
1319 1809 1384 1844 sint
1410 1833 1419 1848 ‚
1462 1817 1497 1843 et
1528 1820 1599 1843 esse
1631 1817 1786 1841 censean-

302 1866 361 1892 tur
377 1857 612 1892 Ecclesiastica
627 1857 793 1903 dignitate
820 1857 949 1902 praediti
966 1881 976 1898 ,
1009 1867 1042 1893 et
1055 1858 1148 1897 iuxta
1163 1857 1417 1903 dispositionem
1448 1855 1712 1893 Constitutionis
1728 1856 1786 1888 hu-

301 1906 449 1946 iusmodi
483 1906 689 1950 qualificati,
721 1906 818 1941 etiam
836 1907 874 1940 ad
908 1907 972 1942 hoc
991 1930 1002 1946 ‚
1029 1906 1110 1943 utin
1126 1918 1269 1948 eorum,
1304 1917 1474 1953 tamquam
1507 1915 1721 1952 personarum
1748 1902 1781 1937 in

300 1954 464 1999 dignitate
496 1956 726 1991 Ecclesiastica
751 1954 1012 1991 constitutarum
1028 1980 1039 1996 ,
1059 1956 1210 1991 manibus
1226 1981 1237 1996 ,
1265 1956 1440 2001 pensiones
1455 1958 1494 1991 ab
1511 1955 1559 1990 eis
1575 1979 1584 1994 ‚
1614 1953 1671 1999 qui
1688 1951 1780 1987 suffi-

299 2003 401 2037 cienti
431 2005 471 2037 ad
488 2005 551 2038 hoc
568 2003 728 2039 facultate
755 2003 883 2038 suffulti
913 2004 1063 2045 fuerint,
1093 2005 1264 2040 transferri
1294 2005 1450 2044 valeant,
1486 2017 1524 2039 ac
1547 2001 1776 2038 translationes

299 2051 500 2094 pensionum
526 2054 565 2086 ab
584 2053 663 2097 ipsis
683 2052 842 2087 faciendae
871 2054 1068 2092 hujusmodi
1095 2053 1238 2096 validae,
1267 2063 1300 2089 et
1325 2055 1474 2090 efficaces
1495 2051 1633 2088 existant
1657 2073 1668 2089 ,
1688 2058 1780 2083 suos-

296 2110 365 2143 que
396 2101 534 2136 &fectus
551 2102 666 2136 sortiri
685 2102 851 2137 debeant.
1416 2116 1433 2127 ’
1559 2129 1563 2133 .

400 2148 494 2181 XVI.
521 2150 778 2188 Decernentes,
807 2158 982 2192 praesentes
1002 2151 1114 2185 literas
1141 2150 1234 2184 nullo
1253 2161 1412 2194 umquam
1447 2159 1602 2194 tempore
1631 2148 1672 2183 de
1702 2145 1776 2182 sub-

296 2194 488 2237 reptionis,
523 2197 575 2229 vel
592 2196 797 2230 obrectionis
814 2195 927 2234 vitio,
968 2206 1026 2231 aut
1058 2197 1252 2232 intentionis
1281 2207 1401 2233 nostrae
1429 2223 1439 2239 ,
1476 2198 1529 2232 vel
1558 2196 1625 2232 alio
1653 2193 1775 2243 quovis

295 2242 434 2277 defectu
477 2243 612 2282 notari,
641 2242 856 2288 impugnari,
890 2243 1086 2284 invalidari‚
1116 2246 1217 2280 autin
1237 2246 1316 2286 jus,
1355 2246 1409 2281 vel
1439 2246 1698 2281 controversiam
1729 2251 1778 2276 re·-

295 2291 438 2327 vocari,
467 2303 506 2324 ne
535 2292 595 2325 sub
624 2291 800 2336 quibusvis
830 2291 1014 2333 similium,
1040 2292 1092 2327 vel
1111 2293 1320 2329 dissimilium
1351 2295 1531 2340 gratiarum
1561 2289 1779 2329 revocationi·

294 2338 453 2376 bus,aut
478 2338 552 2372 aliis
585 2338 762 2373 contrariis
792 2339 1071 2383 dispositionibus
1098 2342 1363 2387 comprehendi,
1395 2345 1452 2378 sed
1482 2355 1616 2389 semper
1642 2344 1681 2377 ab
1710 2338 1774 2376 illis

294 2395 452 2431 exceptas
469 2408 479 2424 ,
527 2386 746 2432 validasque,
776 2395 810 2422 et
840 2388 990 2424 efficaces
1029 2401 1126 2429 esse,
1153 2400 1186 2425 et
1214 2391 1312 2431 fore,
1346 2403 1492 2438 suosque
1528 2391 1692 2438 plenarios
1709 2414 1719 2430 ,
1744 2393 1776 2421 et

294 2432 443 2479 integros
474 2435 612 2470 effectus
639 2434 772 2476 sortiri,
805 2438 912 2471 ac-ab
942 2438 1099 2473 omnibus
1126 2439 1165 2472 ad
1179 2451 1263 2484 quos
1295 2449 1448 2485 spectat,
1478 2449 1512 2476 et
1541 2451 1604 2486 pro
1623 2444 1772 2484 tempore

292 2483 459 2525 spectabit
474 2484 669 2524 observari,
702 2485 820 2531 sicque
849 2496 910 2529 per
923 2498 1156 2531 quoscumque
1187 2488 1326 2528 =ludices
1354 2489 1580 2528 Ordinarios‚
1617 2487 1671 2523 vel
1687 2485 1772 2521 ‹lele-

289 2537 387 2575 gatos
406 2553 417 2571 2
450 2531 550 2568 etiam
567 2545 740 2570 causarum
769 2533 887 2570 Palatii
921 2533 1110 2580 Apostolici
1140 2535 1325 2572 Auditores
1341 2560 1354 2579 ,
1381 2549 1418 2574 ac
1450 2538 1483 2574 S.
1500 2538 1542 2573 R.
1556 2538 1596 2574 E.
1610 2534 1770 2617 Cardina-

1705 2593 1736 2617 es
1752 2602 1764 2620 2
