1952 3167
300 336 356 370 sed
378 342 550 369 recursum
568 330 762 366 habeantad
782 329 1089 364 Eminentissimum
1113 327 1411 364 Praefectummet,
1444 324 1502 369 qui
1523 322 1680 358 similiter
1696 325 1797 360 absti-

299 383 393 418 nebit
421 393 438 416 a
456 380 601 425 simplici
631 378 830 413 remissione
858 377 1020 412 instantia:
1051 378 1089 410 ad
1115 375 1328 421 Signaturam
1363 375 1488 419 absque
1513 373 1676 412 decreto,
1703 382 1739 408 et
1752 376 1793 410 ab

256 449 259 451 <
302 443 344 467 co
358 432 532 466 decretum
562 429 609 463 D.
626 427 801 464 Auditoris
835 426 936 462 fuerit
953 427 1185 460 confirmatum
1208 448 1217 463 ,
1244 435 1319 467 pars
1336 423 1459 457 deinde
1474 432 1652 456 recurrens
1669 423 1709 456 ad
1724 424 1794 467 ple-

302 493 377 516 nam
414 479 648 523 Signaturam,
678 488 896 522 quocumque
927 477 1030 509 modo
1057 481 1259 516 conceptum
1288 471 1330 504 sit
1346 472 1496 509 eiusdem
1527 469 1790 507 Eminentissimi

302 528 458 565 Praefecti
478 529 650 561 decretum
667 549 676 565 ,
710 536 829 569 nempe
859 524 911 557 vel
929 534 1004 556 cum
1022 520 1171 555 clausula
1184 519 1388 565 supersederi
1406 541 1416 556 ,
1452 519 1524 552 sive
1541 528 1618 552 cum
1636 517 1783 556 clausula

303 578 392 617 nisi,
419 576 471 610 vel
488 587 563 610 cum
583 573 646 608 alia
660 584 871 617 quacumque
889 568 1036 605 clausula
1060 592 1069 607 ‚
1101 576 1177 602 ante
1197 565 1443 601 commissionis
1468 565 1733 611 propositionem
1747 571 1787 604 ad

303 634 502 661 consuetum
529 622 719 667 depositum
750 628 924 655 scutorum
953 628 1097 663 quatuor
1123 627 1279 660 semper,
1307 623 1339 649 et
1361 614 1498 649 omnino
1516 624 1667 650 teneatur
1684 639 1695 650 .

351 675 447 710 XIII.
500 669 767 706 Commissiones
797 666 1020 702 restitutionis
1048 667 1078 700 in
1108 665 1273 709 integrum
1302 664 1459 699 adversus
1487 675 1716 709 quascumque
1742 675 1793 700 res

305 723 469 764 judicatas
488 745 498 761 ,
529 720 600 754 sive
630 731 670 753 ex
699 728 840 751 numero
870 714 1133 754 sententiarum,
1160 714 1231 748 sive
1257 725 1273 747 a
1301 712 1549 748 renunciatione
1581 712 1672 753 litis,
1700 721 1795 750 etac-

305 771 493 816 ceptatione
508 768 645 808 judicati
661 792 671 807 ,
705 765 889 801 nullatenus
916 764 1091 810 signentur
1117 776 1133 798 a
1149 762 1324 809 Signatum
1336 761 1433 807 plena
1449 785 1460 801 ,
1502 762 1561 797 nisi
1590 762 1734 797 constito
1749 764 1791 798 de

307 820 440 855 lxsione
454 843 464 859 ,
492 827 592 863 prout
608 820 649 850 de
662 818 736 855 jure
752 839 761 849 .

351 869 446 903 XIV.
497 865 828 901 Ubicommissiones
855 863 1021 908 signandae
1036 869 1132 896 erunt
1159 861 1316 895 adversus
1343 871 1410 894 rem
1442 859 1624 899 judicatam
1651 859 1696 893 ob
1719 869 1787 891 non

306 915 536 961 interpositam
573 939 582 953 ‚
625 924 681 947 aut
703 913 819 947 debito
847 922 999 956 tempore
1038 922 1102 944 non
1134 917 1372 954 prosequutam
1411 908 1670 953 appellationem
1687 930 1697 946 ‚
1735 907 1796 940 ad-

304 976 419 998 versus
451 963 639 1002 judicatum
655 961 793 995 alterius
807 963 1055 994 revocatorium
1075 983 1084 998 ‚
1116 959 1273 993 adversus
1317 959 1506 992 mandatum
1537 957 1578 990 de
1593 956 1795 1001 consignan-

304 1013 347 1047 do
360 1012 415 1046 uni
434 1011 546 1055 potius
559 1033 573 1049 ‚
600 1021 698 1054 quam
719 1007 815 1042 alteri
832 1009 917 1042 inter
941 1008 1089 1042 diversos
1105 1007 1290 1042 creditores
1307 1030 1316 1045 ,
1349 1016 1404 1040 aut
1418 1006 1578 1041 adversus
1595 1006 1788 1040 mandatum

300 1061 488 1095 relaxatum
509 1057 541 1092 in
557 1057 697 1099 Judiciis
725 1057 926 1092 redditionis
960 1056 1120 1096 rationis,
1157 1055 1390 1101 liquidationis
1424 1056 1624 1095 fructuum,
1653 1054 1792 1088 damno—

303 1122 392 1148 rum,
423 1117 455 1142 et
471 1119 691 1152 expensarum
711 1132 720 1147 ,
747 1119 764 1140 a
784 1106 905 1151 quibus
921 1107 963 1140 de
975 1106 1066 1151 stylo
1081 1105 1265 1151 Signaturae
1285 1105 1382 1139 datur
1409 1103 1591 1149 appellatio
1606 1128 1616 1144 ,
1648 1103 1796 1143 ejusmo-

303 1158 337 1192 di
355 1158 516 1192 instantiae
544 1164 769 1201 proponantur
793 1154 931 1189 omnino
946 1154 1046 1189 citata
1060 1162 1154 1200 parte
1184 1164 1296 1188 coram
1329 1152 1479 1188 Domino
1506 1152 1674 1188 Auditore
1707 1150 1796 1186 Emi-

303 1205 486 1242 nentissimi
503 1205 653 1240 Praefecti
670 1229 680 1244 ,
707 1206 843 1249 eiusque
857 1205 991 1238 decreta
1022 1204 1053 1237 in
1070 1203 1117 1237 his
1135 1202 1264 1237 casibus
1282 1203 1432 1236 eamdem
1461 1201 1529 1236 vim
1559 1202 1699 1236 habeant
1714 1224 1724 1239 ‚
1756 1211 1794 1234 ac

302 1257 372 1301 ipsa
393 1254 555 1300 rescripta
569 1255 672 1298 plenae
692 1254 873 1298 Signaturae
887 1277 896 1287 .
924 1252 957 1286 Si
977 1263 1056 1286 vero
1071 1250 1217 1286 fortassis
1246 1262 1319 1294 pars
1351 1248 1461 1296 aliqua
1490 1251 1561 1289 ejus
1577 1250 1708 1289 judicio
1727 1259 1793 1282 non

301 1304 516 1349 acquiescat,
545 1303 675 1347 plenam
692 1303 896 1346 Signaturam
927 1300 1018 1336 adire
1040 1301 1172 1340 valeat,
1204 1299 1292 1333 facto
1314 1308 1421 1333 tamen
1449 1309 1523 1334 ante
1539 1296 1793 1333 commissionis
1821 1331 1829 1339 ,

304 1351 572 1400 propositionem
601 1360 763 1386 consueto
789 1351 943 1394 deposito
957 1359 1134 1385 scutorum
1173 1357 1342 1395 quatuor.

350 1401 428 1435 XV.
483 1401 644 1435 Similiter
659 1399 930 1434 Commissiones
945 1397 1154 1434 avocationis
1170 1421 1180 1437 ‚
1217 1405 1251 1432 et
1271 1396 1405 1431 unionis
1434 1408 1607 1432 causarum
1626 1419 1637 1435 ,
1665 1394 1794 1429 ratione

305 1448 523 1484 connexionis
541 1473 551 1485 ,
579 1448 809 1491 dependent'iae
824 1472 832 1486 ‚
859 1460 889 1481 et
907 1447 1152 1481 individuitatis
1172 1457 1249 1480 cum
1268 1445 1370 1479 altera
1388 1457 1485 1480 causa
1501 1447 1531 1479 in
1549 1444 1615 1478 alio
1631 1442 1798 1477 Tribuna-

305 1498 328 1532 li
349 1497 512 1542 pendente
528 1520 537 1534 ‚
568 1496 639 1531 sive
657 1508 733 1529 cum
748 1506 783 1528 re
800 1495 945 1534 judicata
959 1518 969 1533 ,
985 1494 1064 1528 alias
1083 1503 1232 1527 emanata
1247 1516 1257 1532 ‚
1275 1505 1294 1527 a
1308 1506 1372 1537 qua
1387 1492 1554 1528 restitutio
1573 1493 1603 1526 in
1622 1491 1793 1535 integrum

306 1547 396 1580 forte
409 1545 604 1579 obtineatur
622 1569 632 1583 ‚
659 1543 730 1577 sive
742 1544 878 1577 obtenta
904 1543 1004 1576 fuerit
1022 1567 1032 1582 ,
1062 1554 1124 1576 non
1140 1541 1315 1586 signentur
1330 1554 1346 1576 a
1372 1541 1466 1585 plena
1494 1541 1671 1585 signatura
1689 1562 1700 1578 ,
1730 1537 1794 1571 nisi

307 1593 441 1629 refectis
468 1593 562 1626 alteri
577 1592 662 1637 parti
676 1592 834 1624 omnibus
849 1591 1002 1633 expensis
1017 1615 1027 1628 ,
1054 1599 1118 1625 tam
1137 1590 1356 1629 iudicialibus
1370 1611 1380 1627 ‚
1411 1601 1508 1633 quarn
1531 1585 1796 1626 extrajudiciali-

305 1645 369 1677 bus
386 1666 396 1682 ‚
423 1641 556 1686 quoties
571 1639 737 1676 constabit
753 1651 828 1673 cum
845 1624 983 1673 scie¹ntia
1009 1639 1196 1683 pendentiae
1216 1638 1347 1672 alterius
1365 1648 1471 1672 causae
1486 1662 1495 1678 ‚
1521 1636 1592 1671 sive
1609 1634 1795 1670 existentiae

306 1691 354 1726 rei
374 1690 529 1730 judicatae
543 1714 553 1729 ,
580 1700 701 1724 novam
730 1699 860 1722 causam
882 1689 922 1721 ab
939 1697 1051 1722 actore
1069 1686 1294 1722 introductam
1311 1709 1322 1726 ,
1364 1686 1437 1721 sive
1455 1700 1472 1722 a
1492 1697 1552 1721 reo
1570 1691 1791 1721 contestatam

303 1740 428 1775 fuisse.
1725 1767 1729 1771 ,

354 1787 449 1823 XVI.
500 1786 770 1822 Commissiones
796 1796 899 1831 super
913 1784 1229 1830 circumscriptione
1259 1783 1401 1825 alicuius
1429 1785 1626 1824 sententiae,
1657 1784 1700 1818 de
1718 1793 1792 1828 par-

305 1838 391 1872 tium
408 1848 573 1872 consensu
589 1842 747 1870 emanatae
773 1833 803 1868 in
821 1835 922 1880 gradu
950 1845 1103 1869 recursus
1126 1843 1229 1878 super
1260 1834 1392 1874 causis,
1422 1833 1630 1880 caeteroquin
1671 1833 1713 1866 de
1740 1837 1798 1865 ea-'

305 1898 381 1922 rum
396 1894 513 1921 natura
532 1885 660 1920 ratione
674 1894 812 1918 summae
828 1882 1085 1929 appellabilibus
1101 1895 1164 1917 non
1180 1882 1279 1917 aliter
1292 1883 1469 1928 signentur
1490 1896 1508 1918 a
1525 1882 1623 1929 plena
1643 1879 1796 1927 Signatuss

306 1947 341 1970 ra
359 1959 370 1975 ,
388 1946 486 1980 quam
500 1935 633 1984 ‘praevia
647 1933 831 1967 refectione
847 1932 940 1967 alteri
961 1932 1046 1977 parti
1062 1932 1215 1966 omnium
1232 1943 1451 1976 expensarum
1469 1956 1479 1972 ,
1495 1942 1562 1967 tam
1576 1929 1790 1971 judicialium

305 1996 406 2030 quarn
421 1982 723 2023 extraiudicialium
737 2005 747 2021 ‚
780 1990 815 2016 et
835 1993 1129 2027 quorumcumque
1158 1982 1355 2016 damnorum
1374 1994 1384 2022 3
1414 1989 1448 2016 et
1465 1981 1497 2016 id
1515 1982 1622 2027 ipsum
1637 1984 1794 2014 servetur

304 2031 405 2068 etiam
426 2033 456 2066 in
473 2031 641 2077 signandis
656 2030 969 2066 Commissionibus
995 2029 1204 2073 avocationis
1222 2041 1398 2065 causarum
1415 2054 1426 2070 ,
1454 2039 1488 2065 et
1500 2026 1730 2065 declinationis
1745 2025 1793 2058 fo-

306 2082 359 2121 ri,
389 2080 518 2115 ratione
544 2080 719 2115 clericatus
734 2104 745 2119 ‚
785 2081 855 2114 sive
871 2079 1007 2114 alterius
1027 2080 1274 2124 cuiuscumque
1297 2078 1465 2124 privilegii
1485 2103 1496 2117 ‚
1535 2075 1665 2121 quoties
1683 2071 1793 2119 porris

305 2137 426 2175 gantur
439 2129 623 2175 Signaturae
639 2138 715 2173 post
730 2130 918 2173 praestiturn
935 2140 1137 2162 consensum
1155 2138 1267 2161 coram
1296 2126 1416 2164 Judice
1442 2122 1625 2157 Ordinatio
1640 2146 1651 2162 ‚

349 2175 474 2210 XV11.‘
509 2177 568 2211 Ad
592 2179 797 2220 parcendum
815 2175 953 2218 insuper
979 2174 1151 2207 inutilibus
1177 2171 1383 2216 litigantium
1407 2172 1560 2216 expensis
1576 2195 1586 2210 ,
1617 2182 1716 2205 nemo
1733 2181 1793 2204 au-

303 2223 380 2258 deat
408 2224 439 2257 in
465 2233 637 2268 posterum
653 2223 784 2266 plenam
816 2221 907 2254 adire
927 2221 1143 2265 'Signaturam
1168 2222 1206 2254 ad
1227 2221 1406 2265 petendam
1436 2219 1624 2264 simplicem
1646 2219 1791 2254 declara-

303 2271 430 2306 tionem
446 2271 598 2316 rescripti
615 2294 625 2309 ,
655 2268 735 2303 alias
765 2268 796 2302 in
814 2270 928 2303 eadem
947 2269 1124 2314 Signatura
1138 2268 1283 2302 emanati
1298 2292 1308 2307 ‚
1339 2268 1397 2301 sed
1412 2268 1579 2306 ejusmodi
1608 2265 1791 2303 declaratio

301 2330 412 2354 coram
443 2321 489 2354 D.
511 2318 679 2354 Auditore
708 2316 782 2350 Emi
808 2316 988 2357 Praefecti,
1015 2317 1072 2362 qui
1101 2315 1244 2351 cuilibet
1276 2317 1461 2362 Signaturae
1492 2318 1648 2352 interesse
1676 2317 1790 2355 debet,

301 2368 440 2403 omnino
470 2377 626 2413 petatur.
654 2366 824 2400 Dominus
843 2374 954 2400 autem
975 2364 1125 2400 Auditor
1150 2365 1246 2400 dubii
1279 2366 1432 2410 rescripti
1455 2365 1595 2401 ‘sensum
1611 2389 1622 2405 ,
1653 2365 1679 2400 si
1696 2364 1723 2399 is
1741 2375 1790 2399 sa-

301 2417 343 2451 tis
367 2417 431 2452 sibi
458 2416 626 2452 constabit
643 2440 654 2456 ‚
682 2415 838 2450 Partibus
855 2413 1004 2460 aperiat,
1033 2426 1130 2450 secus
1146 2426 1228 2449 vero
1255 2414 1369 2450 habito
1398 2414 1545 2449 termino
1570 2425 1632 2459 pro
1652 2420 1787 2449 servato

304 2465 385 2499 DD.
413 2467 576 2501 Votantes
596 2465 627 2500 in
644 2464 800 2511 proxima
826 2463 1001 2508 Signatura
1027 2464 1068 2498 de
1088 2465 1235 2504 ejusdem
1263 2462 1416 2508 rescripti
1445 2475 1545 2498 sensu
1579 2464 1784 2509 interrogem

306 2513 388 2560 quin
412 2515 510 2551 liceat
535 2515 687 2562 partibus
711 2512 816 2549 ullam
852 2511 1123 2550 informationem
1154 2512 1188 2548 in
1210 2512 1368 2558 scriptis,
1401 2512 1500 2548 etiam
1529 2514 1592 2550 sub
1623 2517 1788 2559 praetextu

1731 2566 1790 2591 cu-
