1952 3167
372 327 453 369 130
665 315 739 355 DE
771 315 904 363 JURE
936 316 1286 359 SIGNATURAE
1317 316 1570 365 JUSTtTIAE

365 372 504 419 scendi
521 372 715 430 privative
748 375 964 417 summarie
979 408 990 426 ‚
1010 390 1049 418 et
1077 377 1123 418 de
1146 378 1268 435 plano
1286 377 1420 420 civiles
1438 375 1595 418 Causas
1615 374 1716 416 inter
1735 375 1823 415 Ho-

368 434 492 478 mines
516 448 553 477 et
586 433 738 476 incolas
774 433 964 478 Civitatis
992 436 1214 492 praedictae
1234 468 1246 487 ,
1282 451 1326 479 ac
1352 436 1571 477 Terrarum
1589 465 1601 483 ,
1637 433 1822 491 Oppido-

368 509 539 549 rumque
560 493 681 535 totius
697 493 910 536 Comitatus
933 495 1058 536 AEsini
1076 527 1088 544 ,
1110 511 1191 538 non
1224 497 1459 538 excedentes
1476 509 1673 536 summam
1690 493 1823 548 vigin-

368 553 396 596 ti
435 552 618 608 quinque
637 566 845 595 scutorum
865 585 874 594 .
909 555 956 595 Et
990 553 1030 595 in
1064 569 1155 598 casu
1172 555 1415 613 gravaminis
1447 553 1669 595 admittitur
1690 550 1825 607 appel-

368 612 463 654 latio
481 643 494 662 ,
528 625 565 654 et
585 627 769 654 recursus
790 628 811 654 a
830 611 1020 665 judicatis
1041 613 1288 665 Consulum,
1299 629 1369 656 seu
1388 612 1521 655 Officii
1543 611 1635 654 dicti
1655 609 1827 652 Consu-

367 671 470 714 latus
502 672 554 714 ad
584 671 768 725 Judicem
790 671 982 715 Civitatis
1002 674 1223 730 praedictae
1254 674 1494 722 dumtaxat3
1525 671 1595 729 qui
1633 669 1664 711 si
1693 684 1824 726 suspe-

366 743 453 772 ctus
486 731 670 787 allegetur
687 762 699 780 ,
732 746 864 773 coram
886 746 972 772 uno
1005 733 1136 775 nobile
1155 734 1258 778 Cive
1276 766 1288 784 ‚
1322 733 1531 788 utriusque
1560 728 1660 784 juris
1675 728 1827 770 Docto-

370 803 409 829 re
426 820 438 838 ,
469 804 490 830 a
521 789 762 845 Magistratu
783 790 1000 834 Nobilium
1017 790 1192 847 ejusdem
1215 791 1405 837 Civitatis
1422 791 1533 834 toties
1550 788 1707 846 quoties
1723 802 1828 843 opus

366 847 519 898 fuerit,
550 849 611 892 vel
645 850 759 890 semel
791 850 1003 906 eligendo,
1038 853 1248 908 appellatio
1267 885 1279 902 ‚
1309 865 1346 893 et
1380 864 1568 893 recursus
1618 846 1826 901 hujusmo-

368 906 409 946 di
430 908 603 965 proponi
639 909 811 952 debeat„
847 911 950 951 Itaut
987 910 1150 951 Causae
1169 911 1394 967 praedictae
1423 908 1537 950 nullo
1560 908 1684 949 modo
1703 936 1716 956 ,
1749 920 1830 949 tarn

368 964 410 1005 in
431 966 585 1020 prima,
617 980 741 1020 quam
779 969 820 1007 in
854 969 1032 1008 secunda
1063 968 1254 1021 instantia
1284 969 1405 1009 etiam
1439 968 1486 1007 de
1508 981 1707 1008 consensu
1735 980 1831 1020 par-

366 1022 467 1063 tium
485 1023 674 1078 cognosci
710 1025 863 1079 possint
892 1039 911 1063 a
935 1025 1217 1067 Gubernatore
1250 1027 1378 1067 dictae
1398 1023 1588 1067 Civitatis
1606 1055 1618 1073 ,
1651 1023 1830 1080 ersdem

365 1082 687 1124 Locumtenente
708 1110 720 1128 ,
757 1096 793 1124 et
823 1082 1003 1135 quolibet
1034 1084 1173 1130 Judice
1202 1082 1426 1126 Ordinatio
1453 1083 1529 1125 sub
1558 1097 1690 1140 poena
1721 1098 1833 1141 prae-

367 1141 500 1183 sertim
529 1140 721 1183 nullitatis
753 1155 960 1184 actorum.

485 1199 643 1256 Quoad
672 1197 1003 1251 jurisdictionem
1021 1202 1227 1244 Consulum
1249 1200 1525 1259 Agriculturae
1538 1230 1550 1249 ,
1565 1214 1726 1255 praeter
1745 1198 1831 1242 Sta-

368 1271 453 1300 tuta
482 1258 704 1314 peculiaria
725 1258 908 1314 ejusdem
928 1260 1063 1310 Artis,
1093 1261 1140 1301 de
1162 1277 1206 1302 ea
1242 1261 1472 1314 loquuntur
1485 1260 1724 1301 Scannarola
1743 1259 1829 1314 (1),

366 1315 642 1359 Constantinus
663 1316 735 1371 (2)
757 1346 769 1364 ‚
805 1318 958 1358 Zaulus
976 1319 1050 1374 (3)
1070 1347 1080 1364 ,
1113 1329 1151 1360 et
1175 1319 1393 1361 cardinalis
1425 1320 1470 1359 de
1502 1320 1606 1360 Luca
1643 1316 1741 1374 (4).
1780 1318 1831 1361 Et

367 1375 519 1417 nedum
540 1375 730 1417 Curiales
745 1407 758 1425 ‚
797 1377 1022 1418 Romanam
1037 1409 1054 1428 ,
1086 1392 1226 1436 nempe
1246 1410 1260 1428 ,
1293 1377 1467 1419 Curiam
1488 1390 1697 1434 sequentes
1715 1406 1728 1425 ‚
1760 1377 1830 1418 sed

365 1433 483 1476 etiarn
519 1434 666 1475 Clerici
726 1435 800 1475 illis
844 1435 1120 1488 subjiciuntur
1149 1465 1161 1483 ,
1216 1450 1253 1478 et
1294 1435 1566 1491 jurisdictioni
1601 1436 1827 1494 praedictae

364 1507 412 1535 ex
429 1493 549 1536 Motu
579 1492 736 1549 proprio
755 1495 794 1534 S.
817 1492 875 1533 Pii
893 1494 947 1533 V.
970 1525 982 1542 ‚
1014 1494 1123 1535 edito
1158 1508 1248 1550 post
1284 1493 1425 1535 eadem
1441 1507 1591 1537 statuta
1611 1495 1711 1551 (5).
1747 1494 1833 1537 Pri·

363 1551 535 1609 vilegiati
557 1552 675 1594 etiam
694 1553 872 1594 subsunt
897 1552 1046 1594 eisdem
1065 1553 1231 1596 Statutis
1249 1585 1258 1594 .
1295 1553 1481 1596 Attamen
1507 1555 1648 1609 quoad
1676 1554 1830 1611 privile-

363 1608 492 1665 giatos
530 1610 671 1652 Palatii
705 1611 925 1668 Apostolici
961 1611 1071 1654 aliter
1097 1627 1119 1654 a
1151 1613 1368 1670 Signatura
1414 1612 1634 1655 resolutum
1667 1614 1745 1656 fuit
1785 1614 1829 1656 in

364 1669 505 1711 Causa
523 1668 718 1711 Albanen.
743 1699 757 1718 ‚
792 1670 834 1711 in
870 1684 972 1725 qua,
1001 1686 1084 1713 non
1107 1673 1289 1715 obstante
1322 1672 1480 1715 decreto
1510 1673 1830 1716 Eminentissimi

363 1726 556 1771 Praefecti
577 1743 651 1786 pro
681 1729 924 1786 pertinentia
943 1732 1106 1773 Causae
1129 1731 1182 1772 ad
1199 1731 1517 1790 Agriculturam,
1537 1732 1737 1788 rescripsit
1752 1734 1830 1776 sub

364 1786 426 1827 die
449 1801 523 1829 22.
547 1787 684 1844 aprilis
702 1802 824 1845 1779.
847 1801 1044 1832 serventur
1061 1801 1147 1832 acta
1176 1805 1305 1832 coram
1324 1789 1435 1831 Sacri
1453 1791 1592 1832 Palatii
1605 1790 1685 1848 Ap.
1707 1791 1830 1833 Prae-

355 1843 484 1898 fhcto.
520 1845 769 1902 Hujusmodi
802 1846 1081 1899 jurisdictioni
1126 1847 1227 1888 nihil
1257 1847 1432 1889 detrahit
1460 1847 1492 1888 si
1523 1861 1753 1893 contractus
1782 1850 1832 1894 sit

362 1906 546 1949 munitus
563 1905 807 1964 obligatione
843 1905 1082 1956 Camerali;
1116 1919 1244 1963 prout
1274 1905 1414 1963 legitur
1448 1904 1490 1946 in
1509 1908 1648 1950 Bando
1675 1924 1785 1964 sopra
1803 1909 1835 1950 il

362 1964 464 2005 buon
479 1966 744 2022 regolamento
761 1965 851 2008 dell’
869 1965 968 2008 Arte
985 1965 1159 2024 Agraria
1174 1993 1188 2013 ,
1222 1966 1410 2021 impresso
1430 1978 1541 2004 anno
1572 1966 1695 2020 1765.
1717 1964 1831 2008 Cau·

361 2036 425 2064 sae
460 2038 554 2067 vero
587 2039 708 2081 supet·
738 2025 1023 2068 observatione
1043 2056 1055 2076 ,
1088 2035 1127 2066 et
1161 2022 1400 2067 executione
1419 2020 1657 2076 hujusmodi
1676 2039 1831 2068 contra-

358 2092 446 2122 ctus
465 2082 627 2124 definiri
647 2098 815 2140 quoque
832 2097 1010 2141 possunt
1028 2098 1167 2126 coram
1186 2083 1242 2125 A.
1264 2082 1336 2131 C„
1356 2094 1405 2121 ex
1423 2095 1471 2122 eo
1485 2083 1581 2137 quia
1602 2083 1700 2125 haec
1712 2082 1830 2141 Agri-

360 2139 530 2182 culturae
557 2142 765 2184 Consulum
799 2141 1046 2193 jurisdictio,
1064 2154 1198 2194 quum
1231 2153 1377 2197 agatur
1409 2139 1457 2181 de
1484 2142 1723 2198 obligatione
1741 2144 1830 2185 Ca-

362 2199 496 2238 merali
515 2231 528 2250 ,
560 2213 617 2242 est
634 2198 880 2242 cumulativa
897 2213 911 2248 τ,
930 2210 969 2240 et
986 2197 1079 2240 ideo
1096 2197 1200 2242 datu
1217 2214 1237 2241 r
1252 2200 1367 2241 locus
1378 2202 1669 2257 praeventioni;
1686 2217 1831 2258 quem-

363 2256 585 2299 admodum
613 2257 766 2299 censuit
781 2256 1135 2300 Eminentissimus
1155 2258 1393 2302 Praefectus·
1418 2273 1552 2304 mense
1582 2259 1670 2315 julii
1701 2262 1830 2319 1786*

365 2314 409 2354 in
424 2314 563 2358 Causa
584 2318 755 2359 leomae
770 2317 883 2361 Rossi
904 2329 1046 2360 contra
1077 2318 1125 2360 cle
1146 2318 1315 2377 Maggis
1334 2348 1347 2359 .

1671 2380 1826 2425 Ἀπεσ-

409 2482 415 2502 t
432 2475 463 2510 ι)
488 2476 523 2504 In
541 2474 689 2516 Append,
723 2485 790 2520 cap.
821 2484 850 2515 5.
876 2485 954 2519 pag.
990 2485 1043 2517 59.
1063 2499 1073 2515 ,
1167 2479 1229 2521 (3)
1256 2478 1309 2510 Ad
1326 2480 1437 2510 Statut.
1457 2482 1582 2513 Pavent.
1601 2481 1683 2514 νηὸν.
1705 2491 1755 2521 17.
1781 2452 1825 2464 .-

361 2527 430 2561 cap,
445 2527 497 2547 10.
512 2529 543 2548 n.
562 2528 591 2548 1.
609 2528 680 2562 par.
704 2529 736 2551 2.
1166 2523 1226 2564 (4)
1251 2527 1298 2555 De
1308 2524 1426 2565 jurisd.
1443 2525 1475 2555 in
1491 2527 1642 2571 supplem.
1660 2525 1822 2561 disc.108.

405 2563 456 2603 (2)
480 2562 532 2594 At
547 2564 625 2595 Stat.
642 2564 713 2598 Urb.
729 2574 808 2599 ann.
820 2567 874 2597 60.
892 2574 954 2598 art.
974 2576 1004 2598 1.
1169 2569 1223 2610 (5)
1248 2572 1326 2613 Pag.
1345 2578 1421 2610 240.
1446 2568 1478 2611 §.
1495 2581 1532 2612 4..
