2075 3167
451 305 509 334 22
749 284 824 325 DE
857 280 996 336 JURE
1028 281 1377 325 siGNATURAE
1410 280 1679 337 JUSTtTiAE

457 346 631 392 Curiam
655 357 862 399 sequentes
878 373 889 392 ‚
919 357 1001 384 non
1023 358 1134 400 posse
1156 342 1249 384 alibi
1270 342 1488 384 conveniri
1509 372 1523 391 ‚
1555 357 1683 396 quam
1706 342 1747 384 in
1768 343 1849 400 ipsa
1866 342 1954 386 Cu-

393 443 396 445 .
458 409 515 451 ria
538 421 549 456 ;
572 419 609 448 et
628 405 678 447 ita
697 403 776 445 fuit
790 402 1012 444 resolutum
1029 403 1049 443 a
1076 403 1290 460 Signatura
1315 401 1519 444 Pontificis
1555 401 1602 443 de
1635 416 1748 443 anno
1780 402 1913 459 1614.
1935 431 1949 451 ‚

465 461 790 509 ‹et-Resolutionis
801 463 923 505 verba
941 476 1198 505 recensentur
1223 476 1245 501 a
1263 463 1523 503 Marchesano
1539 474 1660 516 prout
1672 462 1867 516 sequitur,
1882 462 1955 517 (1)

463 526 579 579 Quod
596 524 713 566 solum
743 521 949 564 existentes
967 519 1231 576 Referendarii
1255 520 1295 562 in
1324 522 1500 563 Romana
1522 519 1636 561 Curia
1653 519 1856 577 privilegio
1883 535 1954 575 po·

462 585 610 626 tiantur
626 615 639 633 ,
670 580 850 623 Dominis
874 579 994 621 visum
1015 595 1091 622 non
1101 579 1390 633 fuitaerelevans,
1424 579 1514 637 quia
1532 578 1572 620 in
1588 595 1631 620 en
1645 591 1849 634 presentes
1858 578 1946 633 jcun

466 640 855 700 Eugenianaefnvore
870 640 1046 695 gaudent
1059 668 1071 686 ,
1100 638 1234 680 meritc)
1251 649 1365 681 extra
1385 639 1541 681 Curiam
1560 670 1572 689 ‚
1587 638 1653 679 ubi
1666 648 1756 679 sunt
1790 636 1954 678 Ordina-

467 702 539 750 rii,
564 702 667 742 venit
682 698 969 755 intelligendum
988 729 1000 747 ,
1041 712 1083 738 ut
1109 697 1181 739 illis
1213 699 1288 740 no'n
1319 698 1470 740 subsint
1490 727 1503 746 ,
1534 698 1632 740 alins
1651 695 1946 750 frustratorium

469 761 690 802 redderetur
708 789 720 807 ,
749 757 854 814 quod
867 770 948 797 esse
962 772 1039 798 non
1054 757 1161 798 debet
1178 784 1190 802 ‚
1211 757 1409 813 praecipue
1431 756 1521 814 quia
1539 767 1643 798 motu
1671 755 1826 812 proprio
1854 771 1949 798 con-

463 834 608 861 cessum
628 818 803 860 reiterat&
816 846 826 857 .
862 816 914 857 Et
936 815 1120 867 quamvis
1133 827 1245 856 extra
1274 817 1446 858 dubium
1464 817 1510 858 sit
1525 846 1537 864 ‚
1572 815 1654 856 illos
1670 816 1808 856 eadem
1825 829 1956 855 exem-

463 877 602 934 ptione
633 875 806 932 gaudere
823 902 837 920 ‚
867 873 1038 928 quando
1058 873 1194 916 absint
1223 874 1270 916 de
1290 875 1448 916 licentia
1472 873 1699 922 Pontificis‚
1732 889 1779 915 ex
1794 887 1840 914 eo
1858 873 1957 928 quia

464 949 564 977 tunc
580 933 720 977 haberi
741 933 892 974 debent
911 944 1106 988 tanquam
1123 946 1340 989 praesentes
1354 964 1367 981 ‚
1404 946 1537 975 tamen
1570 933 1613 973 id
1641 930 1764 973 etiam
1784 932 1962 974 adnota-

465 1007 505 1035 re
533 993 566 1034 C
565 991 795 1047 alt-agninus
812 1004 898 1047 post
913 990 1165 1032 Cher-ubinam
1185 992 1256 1045 (2)
1279 1006 1362 1030 non
1380 990 1634 1046 praetermisit
1657 1019 1667 1028 .

585 1052 695 1105 Quae
711 1048 876 1103 quidem
902 1050 1038 1087 omnia
1057 1047 1308 1102 intelligenda
1327 1061 1410 1086 esse
1428 1049 1550 1089 tradit
1569 1048 1731 1101 ipsemet
1749 1045 1960 1102 calcagni-

463 1125 537 1151 nus
565 1141 577 1159 ,
606 1107 775 1162 quando
796 1104 1069 1146 Referendarii
1098 1118 1227 1144 essent
1246 1105 1316 1142 Rei
1337 1105 1555 1149 conventi,
1586 1115 1669 1142 non
1705 1117 1799 1143 ver«)
1823 1102 1955 1146 Acto-

466 1182 526 1209 res
545 1182 556 1216 ;
591 1179 687 1209 tunc
707 1162 817 1203 enim
835 1161 906 1203 illis
923 1164 1079 1203 obstare
1092 1160 1266 1217 regulam
1282 1161 1528 1202 obtinentem
1548 1159 1649 1201 inter
1668 1159 1953 1217 privilegiatos,

467 1235 810 1278 actoremrnempe
843 1220 984 1262 debere
1003 1219 1114 1275 sequi
1143 1220 1281 1260 forum
1316 1220 1394 1269 rei;
1427 1220 1531 1262 itaut
1549 1250 1561 1268 ‚
1583 1219 1735 1260 etiamsi
1754 1220 1797 1259 in
1815 1235 1955 1275 prose-

469 1284 669 1338 quutione
699 1279 845 1328 Judicii
866 1278 1139 1319 Referendarii
1170 1292 1414 1320 assumerent
1446 1279 1614 1335 figuram
1631 1277 1683 1319 rei
1704 1307 1716 1325 ,
1749 1279 1956 1321 nihilomi-

468 1357 548 1384 nus
567 1343 744 1385 obtinere
764 1353 848 1380 non
868 1351 1028 1394 possent
1042 1336 1235 1379 adversus
1251 1337 1502 1393 privilegium
1522 1339 1640 1379 dictae
1658 1338 1771 1395 Legis
1789 1339 1952 1388 Unicce·;

468 1414 591 1459 prout
609 1401 824 1442 edocemur
839 1398 864 1438 e
883 1396 1142 1438 Resolutione
1159 1427 1172 1445 ‚
1186 1409 1299 1453 capta
1319 1398 1339 1438 a
1357 1397 1569 1453 Signatura
1601 1397 1776 1443 Jusririae
1794 1400 1870 1440 sub
1889 1398 1953 1440 die

475 1474 544 1503 22.
565 1458 726 1519 augusti
745 1472 760 1498 1
773 1471 872 1513 709.
888 1456 930 1496 in
952 1472 1035 1499 una
1054 1457 1320 1497 Ravennaten.
1329 1471 1401 1513 pro
1415 1456 1579 1498 Domina
1594 1456 1739 1496 Gentile
1756 1456 1952 1498 Paradisia

471 1531 602 1564 contra
620 1522 667 1562 R.
688 1521 732 1560 P.
752 1519 806 1558 D.
828 1518 1068 1572 Rnynnldum
1099 1516 1146 1556 de
1163 1515 1317 1557 Albitiis
1329 1526 1564 1572 proponente
1579 1517 1626 1556 R.
1646 1517 1690 1555 P.
1713 1517 1766 1555 D.
1786 1515 1926 1557 Gentili
1943 1545 1954 1558 .
1980 1564 1982 1566 v

591 1582 796 1621 Hactenus
813 1578 861 1618 tle
881 1575 1094 1633 Privilegiis
1108 1603 1120 1622 ‚
1137 1574 1179 1615 in
1198 1574 1500 1617 Constitutione
1517 1574 1627 1617 Pauli
1642 1575 1715 1615 III.
1740 1574 1953 1625 contentis,

466 1636 691 1679 videndum
710 1639 832 1679 modo
848 1647 905 1676 est
924 1668 936 1686 ‚
952 1634 1149 1692 quidnam
1167 1632 1394 1692 praestiterit
1409 1635 1546 1676 Sixcus
1566 1635 1613 1677 V.
1635 1635 1723 1690 (3).
1747 1634 1805 1675 At
1824 1634 1954 1689 prius-

475 1708 601 1748 quam
632 1705 906 1735 recenseamus
938 1706 1057 1734 ornne
1091 1694 1133 1734 id
1163 1694 1278 1749 quod
1311 1693 1352 1733 in
1383 1694 1469 1752 ejus
1489 1692 1797 1735 Constitutione
1825 1704 1954 1733 statu-

471 1766 560 1795 tum
590 1753 731 1808 legitur
749 1782 762 1801 ,
801 1749 1142 1808 praemittendum
1171 1751 1403 1802 ¹duximus³
1447 1753 1672 1808 antiquitus
1711 1751 1956 1792 Referenda-

474 1812 628 1853 riorum
664 1824 882 1851 numerum
911 1808 1169 1850 indefinitum
1199 1809 1344 1857 fuisse,
1371 1825 1417 1851 ut
1447 1824 1554 1864 patet
1572 1813 1594 1851 ὲ
1611 1812 1749 1851 Codice
1764 1811 1955 1850 Caeremo-

473 1869 632 1911 moniali
652 1869 842 1912 Vaticano
859 1867 929 1924 (4)
944 1879 1138 1924 ,tempore
1157 1867 1376 1906 Alexandri
1395 1868 1443 1909 V.
1459 1866 1662 1916 confecto,
1681 1883 1793 1908 anno
1813 1881 1954 1922 nempe

479 1941 604 1984 1409.
627 1958 639 1977 ,
672 1927 789 1983 cujus
821 1929 943 1968 verba
976 1927 1022 1963 et>
1055 1924 1179 1977 magis
1211 1924 1275 1961 hic
1303 1925 1602 1963 transcribimus
1623 1953 1635 1970 ,
1666 1924 1762 1975 quia
1792 1937 1839 1962 ex
1877 1924 1954 1972 eis-

473 1987 564 2029 dem
598 1998 758 2042 apparet
798 1997 979 2039 quanam
1014 1978 1367 2037 circumspectione
1400 1978 1539 2021 electio
1573 1979 1953 2025 Referendariorum

475 2046 559 2088 fieri
577 2045 748 2094 solebat,
770 2056 807 2085 et
824 2043 976 2097 quibus
985 2040 1201 2084 virtutibus
1216 2052 1282 2080 eos
1310 2051 1472 2080 ornatos
1488 2051 1566 2078 esse
1585 2039 1797 2095 oportebat
1815 2070 1825 2080 .
1854 2041 1951 2082 Ver-

476 2108 523 2146 ba
556 2104 676 2162 igitur
704 2100 900 2160 praedicti
943 2098 1110 2141 Codicis
1136 2110 1233 2139 sunt
1267 2095 1364 2138 haec
1383 2126 1395 2144 ‚
1428 2111 1531 2152 quae
1563 2111 1795 2152 sequuntur
1815 2113 1826 2139 :
1860 2099 1949 2141 item

474 2164 598 2204 solent
615 2162 768 2203 Summi
783 2159 984 2216 Pontifices
997 2157 1038 2198 in
1074 2170 1232 2198 numero
1248 2187 1260 2204 ‚
1294 2157 1338 2195 de
1367 2171 1440 2212 quo
1459 2157 1512 2197 eis
1537 2157 1666 2212 placet
1681 2184 1694 2204 ,
1722 2156 1952 2211 Referendct-

476 2220 552 2263 rios
567 2220 639 2261 sibi
656 2222 794 2277 eligere
811 2219 992 2260 Praelatos
1008 2248 1020 2266 ‚
1049 2232 1112 2257 seu
1129 2215 1224 2257 alios
1252 2215 1451 2257 eminentis
1464 2216 1649 2263 scientice,
1662 2216 1865 2272 probitatis
1878 2246 1889 2264 ‚
1911 2228 1947 2260 et

476 2279 725 2336 experientiae
741 2279 781 2320 in
791 2277 911 2334 factis
927 2276 1056 2319 Curiae
1069 2277 1259 2318 Romanae
1278 2303 1291 2323 ‚
1321 2290 1477 2332 quorum
1497 2291 1597 2317 unus
1613 2276 1824 2320 dumtaxat
1855 2291 1952 2319 com-

1817 2352 1947 2377 munt-

525 2439 580 2477 (1)
604 2442 649 2469 De
668 2440 826 2470 Commiss.
849 2447 882 2480 p.
896 2447 926 2468 2.
939 2437 1007 2478 fol.
1020 2438 1096 2475 614.
1195 2437 1247 2476 (3)
1271 2436 1346 2478 Quae
1358 2406 1480 2476 inc-izit:
1495 2407 1787 2472 QueJa-dmodum
1804 2435 1944 2473 Bull.41.

522 2483 575 2520 (2)
599 2486 633 2512 In
652 2484 837 2525 Compendio
868 2483 964 2515 Bullae
986 2483 1069 2513 Sixti
1080 2482 1118 2516 V.
1165 2480 1528 2521 Bul.nov.t.2.p.543.et
1544 2481 1576 2510 in
1592 2479 1879 2521 Appendp.17.ad
1892 2487 1947 2509 21.

483 2537 536 2567 ⁴¹³1·
555 2525 654 2558 Schol.
680 2537 707 2557 1.
1200 2525 1253 2564 (4)
1279 2526 1398 2556 Gattico
1411 2525 1491 2556 Acta
1503 2526 1629 2556 Caerem.
1646 2526 1754 2556 S.R.E.
1771 2525 1948 2565 t.1.p.265.
