<?xml version="1.0" encoding="UTF-8"?>
<!DOCTYPE html PUBLIC "-//W3C//DTD XHTML 1.0 Transitional//EN"
    "http://www.w3.org/TR/xhtml1/DTD/xhtml1-transitional.dtd">
<html xmlns="http://www.w3.org/1999/xhtml" xml:lang="en" lang="en">
 <head>
  <title>
</title>
<meta http-equiv="Content-Type" content="text/html;charset=utf-8" />
  <meta name='ocr-system' content='tesseract 3.04.00' />
  <meta name='ocr-capabilities' content='ocr_page ocr_carea ocr_par ocr_line ocrx_word'/>
</head>
<body>
  <div class='ocr_page' id='page_1' title='image "./dejuresignaturae00vita_0407.png"; bbox 0 0 1993 3195; ppageno 0'>
   <div class='ocr_carea' id='block_1_1' title="bbox 87 294 1613 2502">
    <p class='ocr_par' dir='ltr' id='par_1_1' title="bbox 143 294 1612 484">
     <span class='ocr_line' id='line_1_1' title="bbox 633 294 1605 344; baseline 0.007 -17"><span class='ocrx_word' id='word_1_1' title='bbox 633 294 664 328; x_wconf 84' lang='grc' dir='ltr'>Α</span> <span class='ocrx_word' id='word_1_2' title='bbox 704 295 730 327; x_wconf 83' lang='grc' dir='ltr'>Ρ</span> <span class='ocrx_word' id='word_1_3' title='bbox 768 295 794 328; x_wconf 92' lang='lat' dir='ltr'>P</span> <span class='ocrx_word' id='word_1_4' title='bbox 832 296 855 329; x_wconf 84' lang='lat' dir='ltr'>E</span> <span class='ocrx_word' id='word_1_5' title='bbox 894 296 926 329; x_wconf 93' lang='lat' dir='ltr'>N</span> <span class='ocrx_word' id='word_1_6' title='bbox 966 298 1000 330; x_wconf 96' lang='lat' dir='ltr'>D</span> <span class='ocrx_word' id='word_1_7' title='bbox 1039 298 1052 331; x_wconf 93' lang='lat'>1</span> <span class='ocrx_word' id='word_1_8' title='bbox 1094 298 1123 332; x_wconf 85' lang='lat' dir='ltr'>X</span> <span class='ocrx_word' id='word_1_9' title='bbox 1543 309 1605 344; x_wconf 78' lang='lat'>103</span> 
     </span>
     <span class='ocr_line' id='line_1_2' title="bbox 148 338 1612 388; baseline 0.005 -14"><span class='ocrx_word' id='word_1_10' title='bbox 148 340 315 384; x_wconf 67' lang='lat' dir='ltr'>praedictis</span> <span class='ocrx_word' id='word_1_11' title='bbox 343 338 497 378; x_wconf 80' lang='lat' dir='ltr'>casibus,</span> <span class='ocrx_word' id='word_1_12' title='bbox 527 347 561 374; x_wconf 90' lang='lat' dir='ltr'>et</span> <span class='ocrx_word' id='word_1_13' title='bbox 590 340 743 384; x_wconf 87' lang='lat' dir='ltr'>quolibet</span> <span class='ocrx_word' id='word_1_14' title='bbox 772 353 888 376; x_wconf 89' lang='lat' dir='ltr'>eorum</span> <span class='ocrx_word' id='word_1_15' title='bbox 908 365 918 380; x_wconf 81' lang='lat'>‚</span> <span class='ocrx_word' id='word_1_16' title='bbox 951 352 1124 388; x_wconf 83' lang='lat' dir='ltr'>postquam</span> <span class='ocrx_word' id='word_1_17' title='bbox 1154 342 1319 379; x_wconf 75' lang='lat' dir='ltr'>verificati</span> <span class='ocrx_word' id='word_1_18' title='bbox 1350 342 1471 378; x_wconf 85' lang='lat' dir='ltr'>fuerint</span> <span class='ocrx_word' id='word_1_19' title='bbox 1499 356 1612 382; x_wconf 88' lang='lat' dir='ltr'>coram</span> 
     </span>
     <span class='ocr_line' id='line_1_3' title="bbox 145 386 1612 436; baseline 0.004 -13"><span class='ocrx_word' id='word_1_20' title='bbox 145 388 263 423; x_wconf 87' lang='lat' dir='ltr'>Iudice</span> <span class='ocrx_word' id='word_1_21' title='bbox 292 386 535 432; x_wconf 78' lang='lat' dir='ltr'>subdelegato,</span> <span class='ocrx_word' id='word_1_22' title='bbox 564 387 744 427; x_wconf 83' lang='lat' dir='ltr'>volumus,</span> <span class='ocrx_word' id='word_1_23' title='bbox 772 400 808 423; x_wconf 91' lang='lat' dir='ltr'>ac</span> <span class='ocrx_word' id='word_1_24' title='bbox 830 390 1005 423; x_wconf 71' lang='lat' dir='ltr'>statuimus</span> <span class='ocrx_word' id='word_1_25' title='bbox 1036 392 1201 429; x_wconf 83' lang='lat' dir='ltr'>ejusmodi</span> <span class='ocrx_word' id='word_1_26' title='bbox 1219 391 1529 436; x_wconf 86' lang='lat' dir='ltr'>subdelegationem</span> <span class='ocrx_word' id='word_1_27' title='bbox 1548 407 1612 429; x_wconf 93' lang='lat' dir='ltr'>non</span> 
     </span>
     <span class='ocr_line' id='line_1_4' title="bbox 143 435 1612 484; baseline 0.002 -13"><span class='ocrx_word' id='word_1_28' title='bbox 143 437 273 471; x_wconf 82' lang='lat' dir='ltr'>afficere</span> <span class='ocrx_word' id='word_1_29' title='bbox 290 459 301 476; x_wconf 93' lang='lat'><strong>‚</strong></span> <span class='ocrx_word' id='word_1_30' title='bbox 328 436 390 471; x_wconf 91' lang='lat' dir='ltr'>nisi</span> <span class='ocrx_word' id='word_1_31' title='bbox 425 435 457 469; x_wconf 91' lang='lat' dir='ltr'>in</span> <span class='ocrx_word' id='word_1_32' title='bbox 487 437 560 471; x_wconf 91' lang='lat' dir='ltr'>solo</span> <span class='ocrx_word' id='word_1_33' title='bbox 577 435 780 471; x_wconf 91' lang='lat' dir='ltr'>devolutivo</span> <span class='ocrx_word' id='word_1_34' title='bbox 794 460 803 476; x_wconf 94' lang='lat'>,</span> <span class='ocrx_word' id='word_1_35' title='bbox 834 446 867 471; x_wconf 86' lang='lat' dir='ltr'>et</span> <span class='ocrx_word' id='word_1_36' title='bbox 880 437 950 472; x_wconf 86' lang='lat' dir='ltr'>sine</span> <span class='ocrx_word' id='word_1_37' title='bbox 965 438 1160 481; x_wconf 64' lang='lat' dir='ltr'>praejudicio</span> <span class='ocrx_word' id='word_1_38' title='bbox 1175 438 1333 481; x_wconf 79' lang='lat' dir='ltr'>legitimae</span> <span class='ocrx_word' id='word_1_39' title='bbox 1352 440 1587 484; x_wconf 85' lang='lat' dir='ltr'>exequutionis</span> <span class='ocrx_word' id='word_1_40' title='bbox 1602 466 1612 475; x_wconf 88' lang='lat'><strong><em>.</em></strong></span> 
     </span>
    </p>

    <p class='ocr_par' dir='ltr' id='par_1_2' title="bbox 87 484 1613 1159">
     <span class='ocr_line' id='line_1_5' title="bbox 242 484 1611 532; baseline 0.003 -14"><span class='ocrx_word' id='word_1_41' title='bbox 242 485 326 518; x_wconf 90' lang='lat' dir='ltr'>Item</span> <span class='ocrx_word' id='word_1_42' title='bbox 344 508 354 524; x_wconf 88' lang='lat'>,</span> <span class='ocrx_word' id='word_1_43' title='bbox 382 484 532 530; x_wconf 83' lang='lat' dir='ltr'>exceptis</span> <span class='ocrx_word' id='word_1_44' title='bbox 561 485 705 524; x_wconf 84' lang='lat' dir='ltr'>causis,</span> <span class='ocrx_word' id='word_1_45' title='bbox 738 494 774 519; x_wconf 87' lang='lat' dir='ltr'>ut</span> <span class='ocrx_word' id='word_1_46' title='bbox 802 497 903 528; x_wconf 87' lang='lat' dir='ltr'>supra</span> <span class='ocrx_word' id='word_1_47' title='bbox 927 485 1174 530; x_wconf 87' lang='lat' dir='ltr'>privilegiatis,</span> <span class='ocrx_word' id='word_1_48' title='bbox 1207 485 1292 521; x_wconf 85' lang='lat' dir='ltr'>idest</span> <span class='ocrx_word' id='word_1_49' title='bbox 1319 487 1406 526; x_wconf 90' lang='lat' dir='ltr'>illis,</span> <span class='ocrx_word' id='word_1_50' title='bbox 1434 487 1465 521; x_wconf 92' lang='lat' dir='ltr'>in</span> <span class='ocrx_word' id='word_1_51' title='bbox 1489 488 1611 532; x_wconf 85' lang='lat' dir='ltr'>quibus</span> 
     </span>
     <span class='ocr_line' id='line_1_6' title="bbox 141 531 1613 582; baseline 0.003 -15"><span class='ocrx_word' id='word_1_52' title='bbox 141 531 188 573; x_wconf 76' lang='lat' dir='ltr'>A.</span> <span class='ocrx_word' id='word_1_53' title='bbox 206 532 253 565; x_wconf 88' lang='lat' dir='ltr'>C.</span> <span class='ocrx_word' id='word_1_54' title='bbox 270 541 319 566; x_wconf 89' lang='lat' dir='ltr'>est</span> <span class='ocrx_word' id='word_1_55' title='bbox 346 533 451 567; x_wconf 81' lang='lat' dir='ltr'>Iudex</span> <span class='ocrx_word' id='word_1_56' title='bbox 473 541 667 578; x_wconf 87' lang='lat' dir='ltr'>competens</span> <span class='ocrx_word' id='word_1_57' title='bbox 696 534 795 568; x_wconf 89' lang='lat' dir='ltr'>etiam</span> <span class='ocrx_word' id='word_1_58' title='bbox 826 532 858 567; x_wconf 91' lang='lat' dir='ltr'>in</span> <span class='ocrx_word' id='word_1_59' title='bbox 887 534 992 578; x_wconf 86' lang='lat' dir='ltr'>prima</span> <span class='ocrx_word' id='word_1_60' title='bbox 1021 533 1177 569; x_wconf 86' lang='lat' dir='ltr'>Instantia</span> <span class='ocrx_word' id='word_1_61' title='bbox 1196 558 1206 574; x_wconf 90' lang='lat'>‚</span> <span class='ocrx_word' id='word_1_62' title='bbox 1233 535 1285 569; x_wconf 86' lang='lat' dir='ltr'>vel</span> <span class='ocrx_word' id='word_1_63' title='bbox 1312 544 1452 580; x_wconf 86' lang='lat' dir='ltr'>propter</span> <span class='ocrx_word' id='word_1_64' title='bbox 1485 536 1613 582; x_wconf 78' lang='lat' dir='ltr'>obliga-</span> 
     </span>
     <span class='ocr_line' id='line_1_7' title="bbox 139 580 1610 629; baseline 0.003 -16"><span class='ocrx_word' id='word_1_65' title='bbox 139 580 266 615; x_wconf 86' lang='lat' dir='ltr'>tionem</span> <span class='ocrx_word' id='word_1_66' title='bbox 297 580 509 616; x_wconf 86' lang='lat' dir='ltr'>Cameralem</span> <span class='ocrx_word' id='word_1_67' title='bbox 527 605 537 621; x_wconf 97' lang='lat'>,</span> <span class='ocrx_word' id='word_1_68' title='bbox 567 590 623 615; x_wconf 90' lang='lat' dir='ltr'>aut</span> <span class='ocrx_word' id='word_1_69' title='bbox 638 582 812 616; x_wconf 85' lang='lat' dir='ltr'>habentem</span> <span class='ocrx_word' id='word_1_70' title='bbox 832 582 900 617; x_wconf 90' lang='lat' dir='ltr'>vim</span> <span class='ocrx_word' id='word_1_71' title='bbox 919 581 1105 617; x_wconf 82' lang='lat' dir='ltr'>Cameralis</span> <span class='ocrx_word' id='word_1_72' title='bbox 1123 606 1133 621; x_wconf 90' lang='lat'>‚</span> <span class='ocrx_word' id='word_1_73' title='bbox 1161 581 1214 617; x_wconf 92' lang='lat' dir='ltr'>vel</span> <span class='ocrx_word' id='word_1_74' title='bbox 1235 593 1373 627; x_wconf 87' lang='lat' dir='ltr'>propter</span> <span class='ocrx_word' id='word_1_75' title='bbox 1390 583 1610 629; x_wconf 86' lang='lat' dir='ltr'>Privilegium</span> 
     </span>
     <span class='ocr_line' id='line_1_8' title="bbox 137 628 1608 677; baseline 0.003 -15"><span class='ocrx_word' id='word_1_76' title='bbox 137 632 219 674; x_wconf 81' lang='lat' dir='ltr'>Leg.</span> <span class='ocrx_word' id='word_1_77' title='bbox 245 631 370 670; x_wconf 85' lang='lat' dir='ltr'>unicae;</span> <span class='ocrx_word' id='word_1_78' title='bbox 398 629 523 675; x_wconf 76' lang='lat' dir='ltr'>Quoad</span> <span class='ocrx_word' id='word_1_79' title='bbox 549 630 693 673; x_wconf 85' lang='lat' dir='ltr'>reliquas</span> <span class='ocrx_word' id='word_1_80' title='bbox 720 628 961 665; x_wconf 56' lang='lat' dir='ltr'>Causas‘extra</span> <span class='ocrx_word' id='word_1_81' title='bbox 978 631 1178 665; x_wconf 87' lang='lat' dir='ltr'>Districtum</span> <span class='ocrx_word' id='word_1_82' title='bbox 1199 631 1299 666; x_wconf 88' lang='lat' dir='ltr'>Urbis</span> <span class='ocrx_word' id='word_1_83' title='bbox 1315 655 1325 672; x_wconf 94' lang='lat'>,</span> <span class='ocrx_word' id='word_1_84' title='bbox 1354 642 1426 677; x_wconf 79' lang='lat' dir='ltr'>quae</span> <span class='ocrx_word' id='word_1_85' title='bbox 1443 632 1510 666; x_wconf 85' lang='lat' dir='ltr'>sint</span> <span class='ocrx_word' id='word_1_86' title='bbox 1523 644 1608 668; x_wconf 87' lang='lat' dir='ltr'>sum-</span> 
     </span>
     <span class='ocr_line' id='line_1_9' title="bbox 141 677 1610 724; baseline 0.003 -13"><span class='ocrx_word' id='word_1_87' title='bbox 141 688 204 713; x_wconf 60' lang='lat' dir='ltr'>mat</span> <span class='ocrx_word' id='word_1_88' title='bbox 233 678 408 712; x_wconf 84' lang='lat' dir='ltr'>dumtaxat</span> <span class='ocrx_word' id='word_1_89' title='bbox 441 677 649 712; x_wconf 85' lang='lat' dir='ltr'>recurribilis</span> <span class='ocrx_word' id='word_1_90' title='bbox 664 701 674 717; x_wconf 91' lang='lat'><strong>‚</strong></span> <span class='ocrx_word' id='word_1_91' title='bbox 702 678 788 713; x_wconf 89' lang='lat' dir='ltr'>idest</span> <span class='ocrx_word' id='word_1_92' title='bbox 814 678 882 713; x_wconf 76' lang='lat' dir='ltr'>&#39;non</span> <span class='ocrx_word' id='word_1_93' title='bbox 901 679 1094 724; x_wconf 76' lang='lat' dir='ltr'>attingentis</span> <span class='ocrx_word' id='word_1_94' title='bbox 1110 680 1329 724; x_wconf 83' lang='lat' dir='ltr'>quantitatem</span> <span class='ocrx_word' id='word_1_95' title='bbox 1344 704 1355 720; x_wconf 95' lang='lat'>‚</span> <span class='ocrx_word' id='word_1_96' title='bbox 1384 691 1442 714; x_wconf 83' lang='lat' dir='ltr'>seu</span> <span class='ocrx_word' id='word_1_97' title='bbox 1458 681 1610 716; x_wconf 88' lang='lat' dir='ltr'>valorem</span> 
     </span>
     <span class='ocr_line' id='line_1_10' title="bbox 140 725 1611 769; baseline 0.002 -9"><span class='ocrx_word' id='word_1_98' title='bbox 140 735 314 760; x_wconf 82' lang='lat' dir='ltr'>scutorum</span> <span class='ocrx_word' id='word_1_99' title='bbox 351 733 512 765; x_wconf 86' lang='lat' dir='ltr'>centum;</span> <span class='ocrx_word' id='word_1_100' title='bbox 544 725 698 761; x_wconf 88' lang='lat' dir='ltr'>nolumus</span> <span class='ocrx_word' id='word_1_101' title='bbox 728 739 780 761; x_wconf 89' lang='lat' dir='ltr'>eas</span> <span class='ocrx_word' id='word_1_102' title='bbox 806 727 836 761; x_wconf 94' lang='lat' dir='ltr'>in</span> <span class='ocrx_word' id='word_1_103' title='bbox 859 727 967 762; x_wconf 88' lang='lat' dir='ltr'>Curia</span> <span class='ocrx_word' id='word_1_104' title='bbox 991 727 1138 762; x_wconf 87' lang='lat' dir='ltr'>Romana</span> <span class='ocrx_word' id='word_1_105' title='bbox 1168 729 1330 769; x_wconf 88' lang='lat' dir='ltr'>retineri,</span> <span class='ocrx_word' id='word_1_106' title='bbox 1357 735 1416 762; x_wconf 84' lang='lat' dir='ltr'>aut</span> <span class='ocrx_word' id='word_1_107' title='bbox 1440 729 1611 764; x_wconf 80' lang='lat' dir='ltr'>committi</span> 
     </span>
     <span class='ocr_line' id='line_1_11' title="bbox 139 773 1608 822; baseline 0.003 -15"><span class='ocrx_word' id='word_1_108' title='bbox 139 785 262 818; x_wconf 91' lang='lat' dir='ltr'>posse,</span> <span class='ocrx_word' id='word_1_109' title='bbox 289 775 346 808; x_wconf 89' lang='lat' dir='ltr'>sed</span> <span class='ocrx_word' id='word_1_110' title='bbox 372 784 506 817; x_wconf 81' lang='lat' dir='ltr'>semper</span> <span class='ocrx_word' id='word_1_111' title='bbox 523 773 553 808; x_wconf 91' lang='lat' dir='ltr'>in</span> <span class='ocrx_word' id='word_1_112' title='bbox 578 773 657 817; x_wconf 88' lang='lat' dir='ltr'>ipsis</span> <span class='ocrx_word' id='word_1_113' title='bbox 687 774 893 820; x_wconf 85' lang='lat' dir='ltr'>subdelegari</span> <span class='ocrx_word' id='word_1_114' title='bbox 927 775 1087 809; x_wconf 89' lang='lat' dir='ltr'>volumus</span> <span class='ocrx_word' id='word_1_115' title='bbox 1103 776 1204 810; x_wconf 89' lang='lat' dir='ltr'>alium</span> <span class='ocrx_word' id='word_1_116' title='bbox 1237 777 1388 811; x_wconf 87' lang='lat' dir='ltr'>Iudicem</span> <span class='ocrx_word' id='word_1_117' title='bbox 1408 799 1417 814; x_wconf 90' lang='lat'>,</span> <span class='ocrx_word' id='word_1_118' title='bbox 1443 786 1608 822; x_wconf 77' lang='lat' dir='ltr'>quatenns</span> 
     </span>
     <span class='ocr_line' id='line_1_12' title="bbox 136 821 1610 868; baseline 0.003 -12"><span class='ocrx_word' id='word_1_119' title='bbox 136 829 247 856; x_wconf 85' lang='lat' dir='ltr'>tamen</span> <span class='ocrx_word' id='word_1_120' title='bbox 269 822 355 856; x_wconf 87' lang='lat' dir='ltr'>adsit</span> <span class='ocrx_word' id='word_1_121' title='bbox 388 821 419 856; x_wconf 91' lang='lat' dir='ltr'>in</span> <span class='ocrx_word' id='word_1_122' title='bbox 439 824 555 857; x_wconf 77' lang='lat' dir='ltr'>eadem</span> <span class='ocrx_word' id='word_1_123' title='bbox 583 822 734 857; x_wconf 85' lang='lat' dir='ltr'>Civitate</span> <span class='ocrx_word' id='word_1_124' title='bbox 748 847 758 863; x_wconf 89' lang='lat'>‚</span> <span class='ocrx_word' id='word_1_125' title='bbox 785 823 888 857; x_wconf 86' lang='lat' dir='ltr'>Terra</span> <span class='ocrx_word' id='word_1_126' title='bbox 902 846 912 862; x_wconf 90' lang='lat'>,</span> <span class='ocrx_word' id='word_1_127' title='bbox 943 832 999 858; x_wconf 87' lang='lat' dir='ltr'>aut</span> <span class='ocrx_word' id='word_1_128' title='bbox 1017 824 1093 857; x_wconf 94' lang='lat' dir='ltr'>loco</span> <span class='ocrx_word' id='word_1_129' title='bbox 1113 846 1123 862; x_wconf 93' lang='lat'>,</span> <span class='ocrx_word' id='word_1_130' title='bbox 1142 823 1173 857; x_wconf 94' lang='lat' dir='ltr'>in</span> <span class='ocrx_word' id='word_1_131' title='bbox 1191 835 1255 868; x_wconf 87' lang='lat' dir='ltr'>quo</span> <span class='ocrx_word' id='word_1_132' title='bbox 1269 848 1279 863; x_wconf 93' lang='lat'>‚</span> <span class='ocrx_word' id='word_1_133' title='bbox 1305 837 1361 858; x_wconf 90' lang='lat' dir='ltr'>seu</span> <span class='ocrx_word' id='word_1_134' title='bbox 1381 836 1445 868; x_wconf 89' lang='lat' dir='ltr'>qua</span> <span class='ocrx_word' id='word_1_135' title='bbox 1462 836 1610 868; x_wconf 76' lang='lat' dir='ltr'>pronun·</span> 
     </span>
     <span class='ocr_line' id='line_1_13' title="bbox 87 866 1610 918; baseline 0.001 -13"><span class='ocrx_word' id='word_1_136' title='bbox 87 866 101 894; x_wconf 70' lang='grc'>”-</span> <span class='ocrx_word' id='word_1_137' title='bbox 132 868 258 905; x_wconf 80' lang='lat' dir='ltr'>clatum</span> <span class='ocrx_word' id='word_1_138' title='bbox 278 870 342 905; x_wconf 83' lang='lat' dir='ltr'>fuit</span> <span class='ocrx_word' id='word_1_139' title='bbox 357 870 503 914; x_wconf 87' lang='lat' dir='ltr'>primum</span> <span class='ocrx_word' id='word_1_140' title='bbox 530 870 744 910; x_wconf 81' lang='lat' dir='ltr'>iudicatum:</span> <span class='ocrx_word' id='word_1_141' title='bbox 781 883 857 906; x_wconf 89' lang='lat' dir='ltr'>cum</span> <span class='ocrx_word' id='word_1_142' title='bbox 873 871 972 906; x_wconf 81' lang='lat' dir='ltr'>solita</span> <span class='ocrx_word' id='word_1_143' title='bbox 998 869 1194 906; x_wconf 81' lang='lat' dir='ltr'>clausula:</span> <span class='ocrx_word' id='word_1_144' title='bbox 1225 873 1286 906; x_wconf 67' lang='lat' dir='ltr'>Ad</span> <span class='ocrx_word' id='word_1_145' title='bbox 1312 871 1456 917; x_wconf 84' lang='lat' dir='ltr'>effectum</span> <span class='ocrx_word' id='word_1_146' title='bbox 1493 883 1610 918; x_wconf 81' lang='lat' dir='ltr'>cogno-</span> 
     </span>
     <span class='ocr_line' id='line_1_14' title="bbox 133 919 1609 966; baseline 0.002 -14"><span class='ocrx_word' id='word_1_147' title='bbox 133 919 245 952; x_wconf 80' lang='lat' dir='ltr'>scendi</span> <span class='ocrx_word' id='word_1_148' title='bbox 272 920 309 952; x_wconf 84' lang='lat' dir='ltr'>dc</span> <span class='ocrx_word' id='word_1_149' title='bbox 335 920 534 964; x_wconf 81' lang='lat' dir='ltr'>gravamine</span> <span class='ocrx_word' id='word_1_150' title='bbox 558 927 619 966; x_wconf 89' lang='lat' dir='ltr'>pro</span> <span class='ocrx_word' id='word_1_151' title='bbox 651 921 876 960; x_wconf 79' lang='lat' dir='ltr'>admissione,</span> <span class='ocrx_word' id='word_1_152' title='bbox 908 920 966 955; x_wconf 83' lang='lat' dir='ltr'>vel</span> <span class='ocrx_word' id='word_1_153' title='bbox 997 920 1208 966; x_wconf 81' lang='lat' dir='ltr'>denegatione</span> <span class='ocrx_word' id='word_1_154' title='bbox 1248 932 1422 958; x_wconf 85' lang='lat' dir='ltr'>recursus,</span> <span class='ocrx_word' id='word_1_155' title='bbox 1447 926 1508 966; x_wconf 87' lang='lat' dir='ltr'>per</span> <span class='ocrx_word' id='word_1_156' title='bbox 1535 928 1609 955; x_wconf 88' lang='lat' dir='ltr'>acta</span> 
     </span>
     <span class='ocr_line' id='line_1_15' title="bbox 132 967 1609 1015; baseline 0.001 -15"><span class='ocrx_word' id='word_1_157' title='bbox 132 967 275 1007; x_wconf 83' lang='lat' dir='ltr'>ejusdem</span> <span class='ocrx_word' id='word_1_158' title='bbox 306 968 478 1014; x_wconf 57' lang='grc' dir='ltr'><strong><em>Νοΐανίἰ,</em></strong></span> <span class='ocrx_word' id='word_1_159' title='bbox 511 975 542 1001; x_wconf 83' lang='lat' dir='ltr'>et</span> <span class='ocrx_word' id='word_1_160' title='bbox 565 968 636 1002; x_wconf 82' lang='lat' dir='ltr'>sine</span> <span class='ocrx_word' id='word_1_161' title='bbox 662 968 825 1003; x_wconf 81' lang='lat' dir='ltr'>solutione</span> <span class='ocrx_word' id='word_1_162' title='bbox 840 970 1015 1015; x_wconf 64' lang='lat' dir='ltr'>Propinas,</span> <span class='ocrx_word' id='word_1_163' title='bbox 1051 976 1080 1002; x_wconf 79' lang='lat' dir='ltr'>et</span> <span class='ocrx_word' id='word_1_164' title='bbox 1105 969 1277 1014; x_wconf 71' lang='lat' dir='ltr'>Regestri,</span> <span class='ocrx_word' id='word_1_165' title='bbox 1306 977 1338 1002; x_wconf 81' lang='lat' dir='ltr'>et</span> <span class='ocrx_word' id='word_1_166' title='bbox 1350 974 1510 1014; x_wconf 79' lang='lat' dir='ltr'>quatenus</span> <span class='ocrx_word' id='word_1_167' title='bbox 1524 972 1609 1002; x_wconf 82' lang='lat' dir='ltr'>Par-</span> 
     </span>
     <span class='ocr_line' id='line_1_16' title="bbox 134 1015 1608 1063; baseline 0.001 -15"><span class='ocrx_word' id='word_1_168' title='bbox 134 1022 182 1048; x_wconf 79' lang='lat' dir='ltr'>tes</span> <span class='ocrx_word' id='word_1_169' title='bbox 211 1015 243 1049; x_wconf 81' lang='lat' dir='ltr'>in</span> <span class='ocrx_word' id='word_1_170' title='bbox 277 1027 350 1051; x_wconf 82' lang='lat' dir='ltr'>eum</span> <span class='ocrx_word' id='word_1_171' title='bbox 386 1027 446 1050; x_wconf 88' lang='lat' dir='ltr'>non</span> <span class='ocrx_word' id='word_1_172' title='bbox 474 1017 710 1056; x_wconf 84' lang='lat' dir='ltr'>consenserint,</span> <span class='ocrx_word' id='word_1_173' title='bbox 738 1019 780 1051; x_wconf 86' lang='lat' dir='ltr'>ad</span> <span class='ocrx_word' id='word_1_174' title='bbox 805 1016 954 1062; x_wconf 84' lang='lat' dir='ltr'>effectum</span> <span class='ocrx_word' id='word_1_175' title='bbox 986 1018 1163 1063; x_wconf 83' lang='lat' dir='ltr'>deputandi</span> <span class='ocrx_word' id='word_1_176' title='bbox 1191 1017 1293 1051; x_wconf 86' lang='lat' dir='ltr'>alium</span> <span class='ocrx_word' id='word_1_177' title='bbox 1326 1017 1469 1051; x_wconf 80' lang='lat' dir='ltr'>Judicem</span> <span class='ocrx_word' id='word_1_178' title='bbox 1496 1017 1528 1050; x_wconf 86' lang='lat' dir='ltr'>in</span> <span class='ocrx_word' id='word_1_179' title='bbox 1556 1016 1608 1050; x_wconf 81' lang='lat' dir='ltr'>sui</span> 
     </span>
     <span class='ocr_line' id='line_1_17' title="bbox 133 1062 1608 1112; baseline 0.001 -15"><span class='ocrx_word' id='word_1_180' title='bbox 133 1062 241 1098; x_wconf 77' lang='lat' dir='ltr'>locum</span> <span class='ocrx_word' id='word_1_181' title='bbox 271 1065 386 1099; x_wconf 84' lang='lat' dir='ltr'>iisdem</span> <span class='ocrx_word' id='word_1_182' title='bbox 411 1064 628 1106; x_wconf 82' lang='lat' dir='ltr'>facultatibus</span> <span class='ocrx_word' id='word_1_183' title='bbox 648 1088 658 1104; x_wconf 88' lang='lat'>,</span> <span class='ocrx_word' id='word_1_184' title='bbox 687 1065 724 1098; x_wconf 84' lang='lat' dir='ltr'>de</span> <span class='ocrx_word' id='word_1_185' title='bbox 755 1077 905 1100; x_wconf 82' lang='lat' dir='ltr'>consensu</span> <span class='ocrx_word' id='word_1_186' title='bbox 926 1066 1071 1112; x_wconf 83' lang='lat' dir='ltr'>ipsarum</span> <span class='ocrx_word' id='word_1_187' title='bbox 1086 1065 1264 1104; x_wconf 71' lang='lat' dir='ltr'>Panium,</span> <span class='ocrx_word' id='word_1_188' title='bbox 1289 1067 1340 1099; x_wconf 89' lang='lat' dir='ltr'>sin</span> <span class='ocrx_word' id='word_1_189' title='bbox 1365 1065 1472 1098; x_wconf 84' lang='lat' dir='ltr'>minus</span> <span class='ocrx_word' id='word_1_190' title='bbox 1499 1075 1538 1098; x_wconf 86' lang='lat' dir='ltr'>ex</span> <span class='ocrx_word' id='word_1_191' title='bbox 1559 1063 1608 1106; x_wconf 78' lang='lat' dir='ltr'>Of-</span> 
     </span>
     <span class='ocr_line' id='line_1_18' title="bbox 126 1109 1605 1159; baseline 0.001 -12"><span class='ocrx_word' id='word_1_192' title='bbox 126 1109 204 1153; x_wconf 78' lang='lat' dir='ltr'>ficio</span> <span class='ocrx_word' id='word_1_193' title='bbox 219 1126 254 1147; x_wconf 74' lang='lat' dir='ltr'><em>z</em></span> <span class='ocrx_word' id='word_1_194' title='bbox 288 1113 378 1147; x_wconf 88' lang='lat' dir='ltr'>Itaut</span> <span class='ocrx_word' id='word_1_195' title='bbox 394 1111 490 1146; x_wconf 87' lang='lat' dir='ltr'>aliter</span> <span class='ocrx_word' id='word_1_196' title='bbox 505 1113 601 1148; x_wconf 86' lang='lat' dir='ltr'>factae</span> <span class='ocrx_word' id='word_1_197' title='bbox 629 1112 918 1159; x_wconf 84' lang='lat' dir='ltr'>subdelegationes</span> <span class='ocrx_word' id='word_1_198' title='bbox 946 1113 1067 1148; x_wconf 87' lang='lat' dir='ltr'>nullius</span> <span class='ocrx_word' id='word_1_199' title='bbox 1088 1114 1153 1147; x_wconf 92' lang='lat' dir='ltr'>sint</span> <span class='ocrx_word' id='word_1_200' title='bbox 1180 1115 1309 1147; x_wconf 91' lang='lat' dir='ltr'>roboris</span> <span class='ocrx_word' id='word_1_201' title='bbox 1326 1137 1337 1153; x_wconf 90' lang='lat'>‚</span> <span class='ocrx_word' id='word_1_202' title='bbox 1365 1124 1401 1146; x_wconf 92' lang='lat' dir='ltr'>ac</span> <span class='ocrx_word' id='word_1_203' title='bbox 1419 1112 1578 1146; x_wconf 86' lang='lat' dir='ltr'>momenti</span> <span class='ocrx_word' id='word_1_204' title='bbox 1594 1136 1605 1148; x_wconf 83' lang='lat'>.</span> 
     </span>
    </p>

    <p class='ocr_par' dir='ltr' id='par_1_3' title="bbox 231 1160 1605 1206">
     <span class='ocr_line' id='line_1_19' title="bbox 231 1160 1605 1206; baseline 0.001 -13"><span class='ocrx_word' id='word_1_205' title='bbox 231 1160 408 1195; x_wconf 71' lang='lat' dir='ltr'>Postremo</span> <span class='ocrx_word' id='word_1_206' title='bbox 425 1160 582 1194; x_wconf 86' lang='lat' dir='ltr'>volumus</span> <span class='ocrx_word' id='word_1_207' title='bbox 597 1185 608 1198; x_wconf 89' lang='lat'>‚</span> <span class='ocrx_word' id='word_1_208' title='bbox 645 1169 747 1206; x_wconf 82' lang='lat' dir='ltr'>atque</span> <span class='ocrx_word' id='word_1_209' title='bbox 764 1162 936 1197; x_wconf 79' lang='lat' dir='ltr'>statuimus</span> <span class='ocrx_word' id='word_1_210' title='bbox 957 1185 967 1201; x_wconf 91' lang='lat'>,</span> <span class='ocrx_word' id='word_1_211' title='bbox 993 1162 1083 1206; x_wconf 92' lang='lat' dir='ltr'>quod</span> <span class='ocrx_word' id='word_1_212' title='bbox 1114 1171 1290 1206; x_wconf 83' lang='lat' dir='ltr'>postquam</span> <span class='ocrx_word' id='word_1_213' title='bbox 1319 1173 1382 1195; x_wconf 77' lang='lat' dir='ltr'>una</span> <span class='ocrx_word' id='word_1_214' title='bbox 1394 1173 1434 1196; x_wconf 84' lang='lat' dir='ltr'>ex</span> <span class='ocrx_word' id='word_1_215' title='bbox 1452 1160 1605 1194; x_wconf 79' lang='lat' dir='ltr'>Partibus</span> 
     </span>
    </p>

    <p class='ocr_par' dir='ltr' id='par_1_4' title="bbox 118 1206 1608 2074">
     <span class='ocr_line' id='line_1_20' title="bbox 131 1206 1608 1256; baseline -0.001 -14"><span class='ocrx_word' id='word_1_216' title='bbox 131 1206 278 1253; x_wconf 79' lang='lat' dir='ltr'>aliquam</span> <span class='ocrx_word' id='word_1_217' title='bbox 312 1221 352 1244; x_wconf 84' lang='lat' dir='ltr'>ex</span> <span class='ocrx_word' id='word_1_218' title='bbox 371 1208 536 1253; x_wconf 85' lang='lat' dir='ltr'>praedictis</span> <span class='ocrx_word' id='word_1_219' title='bbox 568 1209 796 1244; x_wconf 79' lang='lat' dir='ltr'>Citationibus</span> <span class='ocrx_word' id='word_1_220' title='bbox 826 1211 1018 1256; x_wconf 81' lang='lat' dir='ltr'>impressis,</span> <span class='ocrx_word' id='word_1_221' title='bbox 1052 1219 1085 1244; x_wconf 91' lang='lat' dir='ltr'>et</span> <span class='ocrx_word' id='word_1_222' title='bbox 1112 1221 1175 1243; x_wconf 94' lang='lat' dir='ltr'>non</span> <span class='ocrx_word' id='word_1_223' title='bbox 1194 1209 1391 1253; x_wconf 84' lang='lat' dir='ltr'>subscriptis</span> <span class='ocrx_word' id='word_1_224' title='bbox 1420 1208 1540 1252; x_wconf 80' lang='lat' dir='ltr'>exequi</span> <span class='ocrx_word' id='word_1_225' title='bbox 1559 1208 1608 1241; x_wconf 88' lang='lat' dir='ltr'>fe-</span> 
     </span>
     <span class='ocr_line' id='line_1_21' title="bbox 128 1255 1607 1302; baseline -0.001 -11"><span class='ocrx_word' id='word_1_226' title='bbox 128 1256 218 1291; x_wconf 87' lang='lat' dir='ltr'>cerit</span> <span class='ocrx_word' id='word_1_227' title='bbox 249 1267 366 1292; x_wconf 88' lang='lat' dir='ltr'>coram</span> <span class='ocrx_word' id='word_1_228' title='bbox 385 1257 546 1292; x_wconf 81' lang='lat' dir='ltr'>Praefecto</span> <span class='ocrx_word' id='word_1_229' title='bbox 581 1257 791 1302; x_wconf 84' lang='lat' dir='ltr'>Signaturae,</span> <span class='ocrx_word' id='word_1_230' title='bbox 819 1258 872 1293; x_wconf 88' lang='lat' dir='ltr'>vel</span> <span class='ocrx_word' id='word_1_231' title='bbox 890 1258 1084 1297; x_wconf 86' lang='lat' dir='ltr'>Auditore;</span> <span class='ocrx_word' id='word_1_232' title='bbox 1113 1257 1210 1292; x_wconf 83' lang='lat' dir='ltr'>altera</span> <span class='ocrx_word' id='word_1_233' title='bbox 1241 1259 1346 1297; x_wconf 83' lang='lat' dir='ltr'>vero,</span> <span class='ocrx_word' id='word_1_234' title='bbox 1375 1269 1448 1301; x_wconf 87' lang='lat' dir='ltr'>quae</span> <span class='ocrx_word' id='word_1_235' title='bbox 1463 1256 1510 1290; x_wconf 91' lang='lat' dir='ltr'>sic</span> <span class='ocrx_word' id='word_1_236' title='bbox 1527 1255 1607 1290; x_wconf 90' lang='lat' dir='ltr'>cita-</span> 
     </span>
     <span class='ocr_line' id='line_1_22' title="bbox 129 1303 1606 1350; baseline 0 -12"><span class='ocrx_word' id='word_1_237' title='bbox 129 1313 162 1339; x_wconf 85' lang='lat' dir='ltr'>ta</span> <span class='ocrx_word' id='word_1_238' title='bbox 180 1304 246 1339; x_wconf 88' lang='lat' dir='ltr'>fuit</span> <span class='ocrx_word' id='word_1_239' title='bbox 262 1328 272 1344; x_wconf 89' lang='lat'>,</span> <span class='ocrx_word' id='word_1_240' title='bbox 311 1306 341 1340; x_wconf 91' lang='lat' dir='ltr'>in</span> <span class='ocrx_word' id='word_1_241' title='bbox 358 1305 439 1341; x_wconf 83' lang='lat' dir='ltr'>actis</span> <span class='ocrx_word' id='word_1_242' title='bbox 454 1306 684 1350; x_wconf 82' lang='lat' dir='ltr'>comparuerit</span> <span class='ocrx_word' id='word_1_243' title='bbox 708 1308 903 1342; x_wconf 79' lang='lat' dir='ltr'>cum&#39;solita</span> <span class='ocrx_word' id='word_1_244' title='bbox 930 1306 1168 1350; x_wconf 83' lang='lat' dir='ltr'>protestatione</span> <span class='ocrx_word' id='word_1_245' title='bbox 1193 1307 1298 1349; x_wconf 72' lang='lat' dir='ltr'>‘Nihil</span> <span class='ocrx_word' id='word_1_246' title='bbox 1309 1304 1407 1347; x_wconf 81' lang='lat' dir='ltr'>fieri,</span> <span class='ocrx_word' id='word_1_247' title='bbox 1441 1303 1532 1338; x_wconf 91' lang='lat' dir='ltr'>nulla</span> <span class='ocrx_word' id='word_1_248' title='bbox 1545 1303 1606 1338; x_wconf 79' lang='lat' dir='ltr'>alia</span> 
     </span>
     <span class='ocr_line' id='line_1_23' title="bbox 127 1353 1605 1399; baseline -0.001 -13"><span class='ocrx_word' id='word_1_249' title='bbox 127 1353 251 1387; x_wconf 86' lang='lat' dir='ltr'>deinde</span> <span class='ocrx_word' id='word_1_250' title='bbox 277 1353 395 1390; x_wconf 88' lang='lat' dir='ltr'>similis</span> <span class='ocrx_word' id='word_1_251' title='bbox 428 1353 558 1388; x_wconf 82' lang='lat' dir='ltr'>Citatio</span> <span class='ocrx_word' id='word_1_252' title='bbox 575 1356 723 1389; x_wconf 87' lang='lat' dir='ltr'>eamdem</span> <span class='ocrx_word' id='word_1_253' title='bbox 747 1356 920 1391; x_wconf 88' lang='lat' dir='ltr'>continens</span> <span class='ocrx_word' id='word_1_254' title='bbox 936 1354 1130 1390; x_wconf 87' lang='lat' dir='ltr'>Instantiam</span> <span class='ocrx_word' id='word_1_255' title='bbox 1147 1379 1157 1394; x_wconf 92' lang='lat'>,</span> <span class='ocrx_word' id='word_1_256' title='bbox 1174 1366 1245 1399; x_wconf 84' lang='lat' dir='ltr'>quae</span> <span class='ocrx_word' id='word_1_257' title='bbox 1277 1355 1306 1387; x_wconf 90' lang='lat' dir='ltr'>in</span> <span class='ocrx_word' id='word_1_258' title='bbox 1330 1355 1483 1388; x_wconf 85' lang='lat' dir='ltr'>Partibus</span> <span class='ocrx_word' id='word_1_259' title='bbox 1501 1353 1554 1387; x_wconf 85' lang='lat' dir='ltr'>fiat</span> <span class='ocrx_word' id='word_1_260' title='bbox 1593 1375 1605 1392; x_wconf 95' lang='lat'>,</span> 
     </span>
     <span class='ocr_line' id='line_1_24' title="bbox 130 1401 1608 1449; baseline 0 -16"><span class='ocrx_word' id='word_1_261' title='bbox 130 1402 350 1441; x_wconf 87' lang='lat' dir='ltr'>attendatur,</span> <span class='ocrx_word' id='word_1_262' title='bbox 379 1404 434 1436; x_wconf 85' lang='lat' dir='ltr'>secl</span> <span class='ocrx_word' id='word_1_263' title='bbox 452 1401 587 1446; x_wconf 89' lang='lat' dir='ltr'>impune</span> <span class='ocrx_word' id='word_1_264' title='bbox 612 1402 722 1447; x_wconf 85' lang='lat' dir='ltr'>sperni</span> <span class='ocrx_word' id='word_1_265' title='bbox 739 1403 869 1448; x_wconf 86' lang='lat' dir='ltr'>possit,</span> <span class='ocrx_word' id='word_1_266' title='bbox 899 1406 1022 1449; x_wconf 87' lang='lat' dir='ltr'>absque</span> <span class='ocrx_word' id='word_1_267' title='bbox 1048 1402 1120 1438; x_wconf 89' lang='lat' dir='ltr'>ullo</span> <span class='ocrx_word' id='word_1_268' title='bbox 1138 1403 1222 1438; x_wconf 82' lang='lat' dir='ltr'>vitio</span> <span class='ocrx_word' id='word_1_269' title='bbox 1248 1402 1379 1447; x_wconf 75' lang='lat' dir='ltr'>spolii,</span> <span class='ocrx_word' id='word_1_270' title='bbox 1420 1401 1476 1435; x_wconf 88' lang='lat' dir='ltr'>vel</span> <span class='ocrx_word' id='word_1_271' title='bbox 1504 1408 1608 1434; x_wconf 89' lang='lat' dir='ltr'>atten-</span> 
     </span>
     <span class='ocr_line' id='line_1_25' title="bbox 122 1455 715 1484; baseline 0 -2"><span class='ocrx_word' id='word_1_272' title='bbox 122 1455 269 1484; x_wconf 86' lang='lat' dir='ltr'>tatorum</span> <span class='ocrx_word' id='word_1_273' title='bbox 285 1472 296 1482; x_wconf 91' lang='lat'>.</span> <span class='ocrx_word' id='word_1_274' title='bbox 712 1472 715 1476; x_wconf 87' lang='lat'><em>-</em></span> 
     </span>
     <span class='ocr_line' id='line_1_26' title="bbox 123 1494 1608 1541; baseline 0.001 -12"><span class='ocrx_word' id='word_1_275' title='bbox 123 1523 129 1530; x_wconf 75' lang='lat'><em>,</em></span> <span class='ocrx_word' id='word_1_276' title='bbox 222 1498 286 1530; x_wconf 72' lang='lat' dir='ltr'>l-&#39;er</span> <span class='ocrx_word' id='word_1_277' title='bbox 309 1498 378 1531; x_wconf 86' lang='lat' dir='ltr'>haec</span> <span class='ocrx_word' id='word_1_278' title='bbox 392 1505 503 1532; x_wconf 90' lang='lat' dir='ltr'>autem</span> <span class='ocrx_word' id='word_1_279' title='bbox 532 1508 598 1532; x_wconf 91' lang='lat' dir='ltr'>non</span> <span class='ocrx_word' id='word_1_280' title='bbox 615 1497 816 1532; x_wconf 86' lang='lat' dir='ltr'>intendimus</span> <span class='ocrx_word' id='word_1_281' title='bbox 842 1497 1030 1541; x_wconf 66' lang='lat' dir='ltr'>Privilegio</span> <span class='ocrx_word' id='word_1_282' title='bbox 1048 1497 1089 1530; x_wconf 65' lang='lat' dir='ltr'>d‘e</span> <span class='ocrx_word' id='word_1_283' title='bbox 1107 1497 1228 1531; x_wconf 90' lang='lat' dir='ltr'>Causis</span> <span class='ocrx_word' id='word_1_284' title='bbox 1251 1507 1314 1530; x_wconf 93' lang='lat' dir='ltr'>non</span> <span class='ocrx_word' id='word_1_285' title='bbox 1331 1494 1510 1531; x_wconf 85' lang='lat' dir='ltr'>avocandis</span> <span class='ocrx_word' id='word_1_286' title='bbox 1525 1519 1536 1535; x_wconf 95' lang='lat'>,</span> <span class='ocrx_word' id='word_1_287' title='bbox 1551 1502 1608 1530; x_wconf 78' lang='lat' dir='ltr'>aut</span> 
     </span>
     <span class='ocr_line' id='line_1_27' title="bbox 123 1542 1605 1592; baseline -0.003 -12"><span class='ocrx_word' id='word_1_288' title='bbox 123 1544 218 1580; x_wconf 80' lang='lat' dir='ltr'>alteri</span> <span class='ocrx_word' id='word_1_289' title='bbox 255 1544 287 1577; x_wconf 89' lang='lat' dir='ltr'>id</span> <span class='ocrx_word' id='word_1_290' title='bbox 305 1556 407 1589; x_wconf 85' lang='lat' dir='ltr'>genus</span> <span class='ocrx_word' id='word_1_291' title='bbox 424 1568 434 1583; x_wconf 82' lang='lat'>,</span> <span class='ocrx_word' id='word_1_292' title='bbox 462 1546 569 1590; x_wconf 86' lang='lat' dir='ltr'>siquo</span> <span class='ocrx_word' id='word_1_293' title='bbox 583 1546 672 1580; x_wconf 72' lang='lat' dir='ltr'>forte</span> <span class='ocrx_word' id='word_1_294' title='bbox 699 1547 840 1592; x_wconf 85' lang='lat' dir='ltr'>gaudeat</span> <span class='ocrx_word' id='word_1_295' title='bbox 868 1545 1000 1580; x_wconf 84' lang='lat' dir='ltr'>Civitas</span> <span class='ocrx_word' id='word_1_296' title='bbox 1023 1570 1033 1583; x_wconf 78' lang='lat'>,</span> <span class='ocrx_word' id='word_1_297' title='bbox 1068 1545 1246 1580; x_wconf 79' lang='lat' dir='ltr'>Provincia</span> <span class='ocrx_word' id='word_1_298' title='bbox 1263 1568 1273 1584; x_wconf 91' lang='lat'>‚</span> <span class='ocrx_word' id='word_1_299' title='bbox 1305 1544 1359 1578; x_wconf 89' lang='lat' dir='ltr'>vel</span> <span class='ocrx_word' id='word_1_300' title='bbox 1376 1543 1515 1588; x_wconf 85' lang='lat' dir='ltr'>Legatio</span> <span class='ocrx_word' id='word_1_301' title='bbox 1541 1542 1605 1576; x_wconf 89' lang='lat' dir='ltr'>ali-</span> 
     </span>
     <span class='ocr_line' id='line_1_28' title="bbox 124 1588 1604 1639; baseline -0.002 -12"><span class='ocrx_word' id='word_1_302' title='bbox 124 1604 191 1639; x_wconf 84' lang='lat' dir='ltr'>qua</span> <span class='ocrx_word' id='word_1_303' title='bbox 204 1594 316 1627; x_wconf 89' lang='lat' dir='ltr'>Status</span> <span class='ocrx_word' id='word_1_304' title='bbox 346 1592 465 1626; x_wconf 87' lang='lat' dir='ltr'>Nostri</span> <span class='ocrx_word' id='word_1_305' title='bbox 483 1592 703 1627; x_wconf 82' lang='lat' dir='ltr'>Ecclesiastici</span> <span class='ocrx_word' id='word_1_306' title='bbox 720 1617 731 1632; x_wconf 95' lang='lat'>‚</span> <span class='ocrx_word' id='word_1_307' title='bbox 765 1594 795 1628; x_wconf 90' lang='lat' dir='ltr'>in</span> <span class='ocrx_word' id='word_1_308' title='bbox 812 1593 925 1639; x_wconf 87' lang='lat' dir='ltr'>aliquo</span> <span class='ocrx_word' id='word_1_309' title='bbox 954 1596 1117 1636; x_wconf 80' lang='lat' dir='ltr'>derogare</span> <span class='ocrx_word' id='word_1_310' title='bbox 1134 1616 1145 1631; x_wconf 91' lang='lat'>‚</span> <span class='ocrx_word' id='word_1_311' title='bbox 1166 1593 1220 1626; x_wconf 90' lang='lat' dir='ltr'>vel</span> <span class='ocrx_word' id='word_1_312' title='bbox 1242 1591 1482 1635; x_wconf 78' lang='lat' dir='ltr'>praejudicare3</span> <span class='ocrx_word' id='word_1_313' title='bbox 1512 1588 1604 1624; x_wconf 88' lang='lat' dir='ltr'>Mul-</span> 
     </span>
     <span class='ocr_line' id='line_1_29' title="bbox 125 1638 1602 1686; baseline -0.002 -10"><span class='ocrx_word' id='word_1_314' title='bbox 125 1651 231 1686; x_wconf 91' lang='lat' dir='ltr'>toque</span> <span class='ocrx_word' id='word_1_315' title='bbox 263 1639 371 1675; x_wconf 87' lang='lat' dir='ltr'>minus</span> <span class='ocrx_word' id='word_1_316' title='bbox 387 1640 513 1686; x_wconf 85' lang='lat' dir='ltr'>aliquid</span> <span class='ocrx_word' id='word_1_317' title='bbox 545 1641 704 1675; x_wconf 87' lang='lat' dir='ltr'>innovare</span> <span class='ocrx_word' id='word_1_318' title='bbox 735 1641 901 1680; x_wconf 86' lang='lat' dir='ltr'>circaea,</span> <span class='ocrx_word' id='word_1_319' title='bbox 929 1652 1003 1685; x_wconf 81' lang='lat' dir='ltr'>quae</span> <span class='ocrx_word' id='word_1_320' title='bbox 1028 1643 1066 1675; x_wconf 88' lang='lat' dir='ltr'>ad</span> <span class='ocrx_word' id='word_1_321' title='bbox 1094 1642 1300 1676; x_wconf 86' lang='lat' dir='ltr'>asserendam</span> <span class='ocrx_word' id='word_1_322' title='bbox 1334 1638 1602 1673; x_wconf 82' lang='lat' dir='ltr'>Ordinatiorum</span> 
     </span>
     <span class='ocr_line' id='line_1_30' title="bbox 122 1685 1605 1734; baseline -0.003 -10"><span class='ocrx_word' id='word_1_323' title='bbox 122 1688 389 1730; x_wconf 81' lang='lat' dir='ltr'>iurisdictionem</span> <span class='ocrx_word' id='word_1_324' title='bbox 407 1713 417 1729; x_wconf 90' lang='lat'>,</span> <span class='ocrx_word' id='word_1_325' title='bbox 452 1698 550 1734; x_wconf 87' lang='lat' dir='ltr'>atque</span> <span class='ocrx_word' id='word_1_326' title='bbox 578 1689 763 1723; x_wconf 88' lang='lat' dir='ltr'>eorundem</span> <span class='ocrx_word' id='word_1_327' title='bbox 797 1690 1023 1723; x_wconf 88' lang='lat' dir='ltr'>Decretorum</span> <span class='ocrx_word' id='word_1_328' title='bbox 1050 1689 1284 1724; x_wconf 84' lang='lat' dir='ltr'>executionem</span> <span class='ocrx_word' id='word_1_329' title='bbox 1303 1711 1313 1726; x_wconf 86' lang='lat'>,</span> <span class='ocrx_word' id='word_1_330' title='bbox 1342 1686 1374 1720; x_wconf 89' lang='lat' dir='ltr'>in</span> <span class='ocrx_word' id='word_1_331' title='bbox 1394 1685 1515 1720; x_wconf 86' lang='lat' dir='ltr'>Causis</span> <span class='ocrx_word' id='word_1_332' title='bbox 1542 1697 1605 1731; x_wconf 87' lang='lat' dir='ltr'>po·</span> 
     </span>
     <span class='ocr_line' id='line_1_31' title="bbox 121 1733 1603 1782; baseline -0.003 -10"><span class='ocrx_word' id='word_1_333' title='bbox 121 1738 292 1773; x_wconf 73' lang='lat' dir='ltr'>tissimum</span> <span class='ocrx_word' id='word_1_334' title='bbox 307 1761 318 1777; x_wconf 91' lang='lat'>,</span> <span class='ocrx_word' id='word_1_335' title='bbox 345 1748 417 1782; x_wconf 85' lang='lat' dir='ltr'>quae</span> <span class='ocrx_word' id='word_1_336' title='bbox 433 1738 472 1771; x_wconf 90' lang='lat' dir='ltr'>ad</span> <span class='ocrx_word' id='word_1_337' title='bbox 487 1736 754 1771; x_wconf 85' lang='lat' dir='ltr'>Ecclesiasticam</span> <span class='ocrx_word' id='word_1_338' title='bbox 778 1736 1004 1782; x_wconf 88' lang='lat' dir='ltr'>Disciplinam</span> <span class='ocrx_word' id='word_1_339' title='bbox 1034 1737 1224 1782; x_wconf 88' lang='lat' dir='ltr'>pertinent,</span> <span class='ocrx_word' id='word_1_340' title='bbox 1257 1735 1413 1770; x_wconf 87' lang='lat' dir='ltr'>distincte</span> <span class='ocrx_word' id='word_1_341' title='bbox 1430 1733 1603 1768; x_wconf 86' lang='lat' dir='ltr'>mandavi-</span> 
     </span>
     <span class='ocr_line' id='line_1_32' title="bbox 123 1781 1601 1830; baseline -0.004 -9"><span class='ocrx_word' id='word_1_342' title='bbox 123 1798 198 1821; x_wconf 85' lang='lat' dir='ltr'>mus</span> <span class='ocrx_word' id='word_1_343' title='bbox 218 1811 228 1826; x_wconf 91' lang='lat'>,</span> <span class='ocrx_word' id='word_1_344' title='bbox 264 1795 295 1820; x_wconf 89' lang='lat' dir='ltr'>et</span> <span class='ocrx_word' id='word_1_345' title='bbox 311 1785 547 1821; x_wconf 89' lang='lat' dir='ltr'>constituimus</span> <span class='ocrx_word' id='word_1_346' title='bbox 574 1795 633 1825; x_wconf 88' lang='lat' dir='ltr'>per</span> <span class='ocrx_word' id='word_1_347' title='bbox 646 1785 862 1828; x_wconf 89' lang='lat' dir='ltr'>Apostolicas</span> <span class='ocrx_word' id='word_1_348' title='bbox 888 1786 1029 1819; x_wconf 87' lang='lat' dir='ltr'>Nostras</span> <span class='ocrx_word' id='word_1_349' title='bbox 1057 1784 1206 1820; x_wconf 82' lang='lat' dir='ltr'>Literas:</span> <span class='ocrx_word' id='word_1_350' title='bbox 1240 1789 1288 1818; x_wconf 89' lang='lat' dir='ltr'>De</span> <span class='ocrx_word' id='word_1_351' title='bbox 1300 1781 1601 1830; x_wconf 60' lang='lat' dir='ltr'>,appellationibus</span> 
     </span>
     <span class='ocr_line' id='line_1_33' title="bbox 122 1830 1602 1879; baseline -0.003 -10"><span class='ocrx_word' id='word_1_352' title='bbox 122 1843 155 1869; x_wconf 88' lang='lat' dir='ltr'>et</span> <span class='ocrx_word' id='word_1_353' title='bbox 172 1833 429 1869; x_wconf 66' lang='lat' dir='ltr'>inhibitionibus</span> <span class='ocrx_word' id='word_1_354' title='bbox 458 1834 691 1871; x_wconf 83' lang='lat' dir='ltr'>concedendis,</span> <span class='ocrx_word' id='word_1_355' title='bbox 720 1832 972 1879; x_wconf 50' lang='lat' dir='ltr'>velnegandis‘,</span> <span class='ocrx_word' id='word_1_356' title='bbox 1011 1843 1150 1878; x_wconf 88' lang='lat' dir='ltr'>quarum</span> <span class='ocrx_word' id='word_1_357' title='bbox 1169 1832 1300 1867; x_wconf 87' lang='lat' dir='ltr'>initium</span> <span class='ocrx_word' id='word_1_358' title='bbox 1327 1841 1400 1866; x_wconf 88' lang='lat' dir='ltr'>est:</span> <span class='ocrx_word' id='word_1_359' title='bbox 1431 1832 1491 1865; x_wconf 65' lang='lat' dir='ltr'>Ad</span> <span class='ocrx_word' id='word_1_360' title='bbox 1509 1830 1602 1865; x_wconf 88' lang='lat' dir='ltr'>mili-</span> 
     </span>
     <span class='ocr_line' id='line_1_34' title="bbox 120 1879 1602 1929; baseline -0.003 -12"><span class='ocrx_word' id='word_1_361' title='bbox 120 1884 223 1917; x_wconf 77' lang='lat' dir='ltr'>tantis</span> <span class='ocrx_word' id='word_1_362' title='bbox 253 1883 403 1917; x_wconf 82' lang='lat' dir='ltr'>Ecclesiae</span> <span class='ocrx_word' id='word_1_363' title='bbox 437 1883 609 1929; x_wconf 86' lang='lat' dir='ltr'>regimen,</span> <span class='ocrx_word' id='word_1_364' title='bbox 635 1882 726 1916; x_wconf 86' lang='lat' dir='ltr'>datas</span> <span class='ocrx_word' id='word_1_365' title='bbox 747 1882 846 1916; x_wconf 88' lang='lat' dir='ltr'>tertio</span> <span class='ocrx_word' id='word_1_366' title='bbox 872 1881 1038 1916; x_wconf 83' lang='lat' dir='ltr'>Kalendas</span> <span class='ocrx_word' id='word_1_367' title='bbox 1069 1880 1193 1925; x_wconf 89' lang='lat' dir='ltr'>Aprilis</span> <span class='ocrx_word' id='word_1_368' title='bbox 1220 1892 1304 1915; x_wconf 90' lang='lat' dir='ltr'>anno</span> <span class='ocrx_word' id='word_1_369' title='bbox 1332 1879 1512 1914; x_wconf 87' lang='lat' dir='ltr'>millesimo</span> <span class='ocrx_word' id='word_1_370' title='bbox 1527 1890 1602 1923; x_wconf 88' lang='lat' dir='ltr'>sep-</span> 
     </span>
     <span class='ocr_line' id='line_1_35' title="bbox 120 1927 1602 1978; baseline -0.003 -13"><span class='ocrx_word' id='word_1_371' title='bbox 120 1931 363 1976; x_wconf 85' lang='lat' dir='ltr'>tingentesimo</span> <span class='ocrx_word' id='word_1_372' title='bbox 385 1930 641 1978; x_wconf 84' lang='lat' dir='ltr'>quadragesimo</span> <span class='ocrx_word' id='word_1_373' title='bbox 656 1931 803 1965; x_wconf 89' lang='lat' dir='ltr'>secundo</span> <span class='ocrx_word' id='word_1_374' title='bbox 817 1954 827 1970; x_wconf 85' lang='lat'>,</span> <span class='ocrx_word' id='word_1_375' title='bbox 861 1942 942 1975; x_wconf 86' lang='lat' dir='ltr'>quas</span> <span class='ocrx_word' id='word_1_376' title='bbox 955 1930 1090 1975; x_wconf 90' lang='lat' dir='ltr'>quidem</span> <span class='ocrx_word' id='word_1_377' title='bbox 1109 1929 1140 1963; x_wconf 90' lang='lat' dir='ltr'>in</span> <span class='ocrx_word' id='word_1_378' title='bbox 1155 1930 1311 1964; x_wconf 87' lang='lat' dir='ltr'>omnibus</span> <span class='ocrx_word' id='word_1_379' title='bbox 1329 1953 1339 1969; x_wconf 83' lang='grc'>,</span> <span class='ocrx_word' id='word_1_380' title='bbox 1360 1937 1392 1962; x_wconf 91' lang='lat' dir='ltr'>et</span> <span class='ocrx_word' id='word_1_381' title='bbox 1409 1939 1470 1973; x_wconf 89' lang='lat' dir='ltr'>per</span> <span class='ocrx_word' id='word_1_382' title='bbox 1487 1927 1602 1961; x_wconf 78' lang='lat' dir='ltr'>omnia</span> 
     </span>
     <span class='ocr_line' id='line_1_36' title="bbox 119 1976 1595 2024; baseline -0.003 -11"><span class='ocrx_word' id='word_1_383' title='bbox 119 1980 387 2021; x_wconf 83' lang='lat' dir='ltr'>confirmamus,</span> <span class='ocrx_word' id='word_1_384' title='bbox 419 1989 452 2015; x_wconf 86' lang='lat' dir='ltr'>et</span> <span class='ocrx_word' id='word_1_385' title='bbox 466 1979 692 2018; x_wconf 86' lang='lat' dir='ltr'>innovamus,</span> <span class='ocrx_word' id='word_1_386' title='bbox 718 1987 753 2013; x_wconf 89' lang='lat' dir='ltr'>et</span> <span class='ocrx_word' id='word_1_387' title='bbox 766 1981 806 2014; x_wconf 88' lang='lat' dir='ltr'>ab</span> <span class='ocrx_word' id='word_1_388' title='bbox 822 1978 1004 2018; x_wconf 89' lang='lat' dir='ltr'>omnibus,</span> <span class='ocrx_word' id='word_1_389' title='bbox 1032 1979 1072 2013; x_wconf 91' lang='lat' dir='ltr'>ad</span> <span class='ocrx_word' id='word_1_390' title='bbox 1099 1990 1183 2024; x_wconf 90' lang='lat' dir='ltr'>quos</span> <span class='ocrx_word' id='word_1_391' title='bbox 1210 1985 1362 2023; x_wconf 87' lang='lat' dir='ltr'>spectat,</span> <span class='ocrx_word' id='word_1_392' title='bbox 1390 1976 1595 2012; x_wconf 86' lang='lat' dir='ltr'>adamussim</span> 
     </span>
     <span class='ocr_line' id='line_1_37' title="bbox 118 2028 555 2074; baseline 0.002 -13"><span class='ocrx_word' id='word_1_393' title='bbox 118 2028 287 2062; x_wconf 87' lang='lat' dir='ltr'>observari</span> <span class='ocrx_word' id='word_1_394' title='bbox 315 2028 528 2074; x_wconf 82' lang='lat' dir='ltr'>praecipimus</span> <span class='ocrx_word' id='word_1_395' title='bbox 544 2052 555 2062; x_wconf 88' lang='lat'>.</span> 
     </span>
    </p>

    <p class='ocr_par' dir='ltr' id='par_1_5' title="bbox 118 2073 1600 2459">
     <span class='ocr_line' id='line_1_38' title="bbox 216 2073 1600 2121; baseline -0.003 -12"><span class='ocrx_word' id='word_1_396' title='bbox 216 2076 349 2116; x_wconf 79' lang='lat' dir='ltr'>Porro,</span> <span class='ocrx_word' id='word_1_397' title='bbox 392 2079 483 2121; x_wconf 88' lang='lat' dir='ltr'>quod</span> <span class='ocrx_word' id='word_1_398' title='bbox 498 2076 620 2111; x_wconf 85' lang='lat' dir='ltr'>attinet</span> <span class='ocrx_word' id='word_1_399' title='bbox 647 2076 687 2110; x_wconf 88' lang='lat' dir='ltr'>ad</span> <span class='ocrx_word' id='word_1_400' title='bbox 701 2074 871 2120; x_wconf 81' lang='lat' dir='ltr'>praefatam</span> <span class='ocrx_word' id='word_1_401' title='bbox 899 2074 1216 2119; x_wconf 76' lang='lat' dir='ltr'>multiplicationem</span> <span class='ocrx_word' id='word_1_402' title='bbox 1243 2073 1465 2118; x_wconf 86' lang='lat' dir='ltr'>Propinarum</span> <span class='ocrx_word' id='word_1_403' title='bbox 1482 2096 1494 2113; x_wconf 89' lang='lat'>‚</span> <span class='ocrx_word' id='word_1_404' title='bbox 1523 2080 1600 2117; x_wconf 80' lang='lat' dir='ltr'>quae</span> 
     </span>
     <span class='ocr_line' id='line_1_39' title="bbox 120 2122 1600 2166; baseline -0.002 -9"><span class='ocrx_word' id='word_1_405' title='bbox 120 2131 211 2159; x_wconf 84' lang='lat' dir='ltr'>extra</span> <span class='ocrx_word' id='word_1_406' title='bbox 228 2125 417 2160; x_wconf 89' lang='lat' dir='ltr'>Romanam</span> <span class='ocrx_word' id='word_1_407' title='bbox 445 2125 586 2159; x_wconf 86' lang='lat' dir='ltr'>Curiam</span> <span class='ocrx_word' id='word_1_408' title='bbox 609 2124 639 2157; x_wconf 88' lang='lat' dir='ltr'>in</span> <span class='ocrx_word' id='word_1_409' title='bbox 657 2124 751 2156; x_wconf 88' lang='lat' dir='ltr'>Statu</span> <span class='ocrx_word' id='word_1_410' title='bbox 764 2124 894 2157; x_wconf 87' lang='lat' dir='ltr'>Nostro</span> <span class='ocrx_word' id='word_1_411' title='bbox 919 2123 1155 2158; x_wconf 82' lang='lat' dir='ltr'>Ecclesiastico</span> <span class='ocrx_word' id='word_1_412' title='bbox 1179 2122 1297 2166; x_wconf 81' lang='lat' dir='ltr'>passim</span> <span class='ocrx_word' id='word_1_413' title='bbox 1315 2122 1600 2166; x_wconf 58' lang='lat' dir='ltr'>frequentanturz</span> 
     </span>
     <span class='ocr_line' id='line_1_40' title="bbox 118 2167 1596 2217; baseline -0.004 -10"><span class='ocrx_word' id='word_1_414' title='bbox 118 2171 190 2207; x_wconf 83' lang='lat' dir='ltr'>Nos</span> <span class='ocrx_word' id='word_1_415' title='bbox 209 2173 310 2207; x_wconf 86' lang='lat' dir='ltr'>etiam</span> <span class='ocrx_word' id='word_1_416' title='bbox 340 2184 442 2217; x_wconf 86' lang='lat' dir='ltr'>super</span> <span class='ocrx_word' id='word_1_417' title='bbox 455 2184 519 2211; x_wconf 85' lang='lat' dir='ltr'>eo,</span> <span class='ocrx_word' id='word_1_418' title='bbox 552 2172 644 2217; x_wconf 90' lang='lat' dir='ltr'>quod</span> <span class='ocrx_word' id='word_1_419' title='bbox 661 2181 794 2215; x_wconf 82' lang='lat' dir='ltr'>aequum</span> <span class='ocrx_word' id='word_1_420' title='bbox 824 2171 952 2210; x_wconf 81' lang='lat' dir='ltr'>fuerit,</span> <span class='ocrx_word' id='word_1_421' title='bbox 978 2180 1013 2204; x_wconf 88' lang='lat' dir='ltr'>et</span> <span class='ocrx_word' id='word_1_422' title='bbox 1041 2171 1158 2204; x_wconf 82' lang='lat' dir='ltr'>rationi</span> <span class='ocrx_word' id='word_1_423' title='bbox 1185 2180 1444 2204; x_wconf 86' lang='lat' dir='ltr'>consentaneum</span> <span class='ocrx_word' id='word_1_424' title='bbox 1462 2192 1473 2208; x_wconf 91' lang='lat'>,</span> <span class='ocrx_word' id='word_1_425' title='bbox 1498 2167 1596 2202; x_wconf 91' lang='lat' dir='ltr'>dein·</span> 
     </span>
     <span class='ocr_line' id='line_1_41' title="bbox 120 2215 1599 2267; baseline -0.003 -14"><span class='ocrx_word' id='word_1_426' title='bbox 120 2230 197 2265; x_wconf 87' lang='lat' dir='ltr'>ceps</span> <span class='ocrx_word' id='word_1_427' title='bbox 215 2220 376 2267; x_wconf 75' lang='lat' dir='ltr'>largiente</span> <span class='ocrx_word' id='word_1_428' title='bbox 404 2219 557 2253; x_wconf 85' lang='lat' dir='ltr'>Domino</span> <span class='ocrx_word' id='word_1_429' title='bbox 588 2219 729 2264; x_wconf 84' lang='lat' dir='ltr'>provide</span> <span class='ocrx_word' id='word_1_430' title='bbox 753 2227 967 2257; x_wconf 87' lang='lat' dir='ltr'>statuemus,</span> <span class='ocrx_word' id='word_1_431' title='bbox 999 2218 1134 2262; x_wconf 81' lang='lat' dir='ltr'>cognita</span> <span class='ocrx_word' id='word_1_432' title='bbox 1163 2218 1257 2262; x_wconf 86' lang='lat' dir='ltr'>prius</span> <span class='ocrx_word' id='word_1_433' title='bbox 1270 2218 1427 2263; x_wconf 76' lang='lat' dir='ltr'>origine,</span> <span class='ocrx_word' id='word_1_434' title='bbox 1456 2215 1599 2261; x_wconf 86' lang='lat' dir='ltr'>diligen-</span> 
     </span>
     <span class='ocr_line' id='line_1_42' title="bbox 121 2265 1596 2315; baseline -0.002 -14"><span class='ocrx_word' id='word_1_435' title='bbox 121 2276 241 2312; x_wconf 83' lang='lat' dir='ltr'>terque</span> <span class='ocrx_word' id='word_1_436' title='bbox 268 2267 439 2315; x_wconf 88' lang='lat' dir='ltr'>perpensis</span> <span class='ocrx_word' id='word_1_437' title='bbox 479 2266 603 2301; x_wconf 86' lang='lat' dir='ltr'>Causis</span> <span class='ocrx_word' id='word_1_438' title='bbox 631 2266 825 2305; x_wconf 85' lang='lat' dir='ltr'>huiusmodi</span> <span class='ocrx_word' id='word_1_439' title='bbox 867 2265 1186 2307; x_wconf 83' lang='lat' dir='ltr'>multiplicationis:</span> <span class='ocrx_word' id='word_1_440' title='bbox 1218 2266 1504 2310; x_wconf 86' lang='lat' dir='ltr'>quemadmodum</span> <span class='ocrx_word' id='word_1_441' title='bbox 1533 2273 1596 2307; x_wconf 88' lang='lat' dir='ltr'>pro</span> 
     </span>
     <span class='ocr_line' id='line_1_43' title="bbox 121 2312 1597 2356; baseline -0.004 -6"><span class='ocrx_word' id='word_1_442' title='bbox 121 2315 359 2353; x_wconf 87' lang='lat' dir='ltr'>Tribunalibus</span> <span class='ocrx_word' id='word_1_443' title='bbox 387 2315 548 2351; x_wconf 87' lang='lat' dir='ltr'>Civitatis</span> <span class='ocrx_word' id='word_1_444' title='bbox 569 2314 704 2348; x_wconf 67' lang='lat' dir='ltr'>Nostrae</span> <span class='ocrx_word' id='word_1_445' title='bbox 730 2312 890 2347; x_wconf 82' lang='lat' dir='ltr'>Bononiae</span> <span class='ocrx_word' id='word_1_446' title='bbox 907 2335 917 2351; x_wconf 93' lang='lat'>,</span> <span class='ocrx_word' id='word_1_447' title='bbox 949 2314 1086 2356; x_wconf 83' lang='lat' dir='ltr'>eiusque</span> <span class='ocrx_word' id='word_1_448' title='bbox 1120 2313 1342 2353; x_wconf 83' lang='lat' dir='ltr'>Comitatus,</span> <span class='ocrx_word' id='word_1_449' title='bbox 1375 2314 1407 2347; x_wconf 89' lang='lat' dir='ltr'>in</span> <span class='ocrx_word' id='word_1_450' title='bbox 1422 2314 1523 2346; x_wconf 87' lang='lat' dir='ltr'>altera</span> <span class='ocrx_word' id='word_1_451' title='bbox 1553 2321 1597 2345; x_wconf 73' lang='lat' dir='ltr'>ex</span> 
     </span>
     <span class='ocr_line' id='line_1_44' title="bbox 120 2358 1596 2404; baseline -0.005 -5"><span class='ocrx_word' id='word_1_452' title='bbox 120 2365 316 2401; x_wconf 85' lang='lat' dir='ltr'>memoratis</span> <span class='ocrx_word' id='word_1_453' title='bbox 331 2362 647 2401; x_wconf 85' lang='lat' dir='ltr'>Constitutionibus</span> <span class='ocrx_word' id='word_1_454' title='bbox 672 2360 806 2398; x_wconf 84' lang='lat' dir='ltr'>Nostris</span> <span class='ocrx_word' id='word_1_455' title='bbox 822 2384 835 2401; x_wconf 86' lang='lat'>,</span> <span class='ocrx_word' id='word_1_456' title='bbox 863 2358 1062 2404; x_wconf 86' lang='lat' dir='ltr'>specialibus</span> <span class='ocrx_word' id='word_1_457' title='bbox 1077 2359 1345 2396; x_wconf 85' lang='lat' dir='ltr'>ordinationibus</span> <span class='ocrx_word' id='word_1_458' title='bbox 1360 2385 1372 2401; x_wconf 88' lang='lat'>,</span> <span class='ocrx_word' id='word_1_459' title='bbox 1401 2368 1433 2395; x_wconf 89' lang='lat' dir='ltr'>et</span> <span class='ocrx_word' id='word_1_460' title='bbox 1449 2359 1596 2394; x_wconf 77' lang='lat' dir='ltr'>decretIs</span> 
     </span>
     <span class='ocr_line' id='line_1_45' title="bbox 120 2409 772 2459; baseline -0.006 -12"><span class='ocrx_word' id='word_1_461' title='bbox 120 2411 155 2448; x_wconf 89' lang='lat' dir='ltr'>id</span> <span class='ocrx_word' id='word_1_462' title='bbox 174 2412 285 2459; x_wconf 85' lang='lat' dir='ltr'>ipsum</span> <span class='ocrx_word' id='word_1_463' title='bbox 312 2422 466 2459; x_wconf 69' lang='lat' dir='ltr'>praestare</span> <span class='ocrx_word' id='word_1_464' title='bbox 495 2424 559 2447; x_wconf 89' lang='lat' dir='ltr'>non</span> <span class='ocrx_word' id='word_1_465' title='bbox 573 2409 747 2445; x_wconf 86' lang='lat' dir='ltr'>omisimus</span> <span class='ocrx_word' id='word_1_466' title='bbox 762 2433 772 2444; x_wconf 91' lang='lat'><strong>.</strong></span> 
     </span>
    </p>

    <p class='ocr_par' dir='ltr' id='par_1_6' title="bbox 218 2456 1602 2502">
     <span class='ocr_line' id='line_1_46' title="bbox 218 2456 1602 2502; baseline -0.005 -5"><span class='ocrx_word' id='word_1_467' title='bbox 218 2462 263 2497; x_wconf 88' lang='lat' dir='ltr'>Ut</span> <span class='ocrx_word' id='word_1_468' title='bbox 286 2471 395 2497; x_wconf 87' lang='lat' dir='ltr'>autem</span> <span class='ocrx_word' id='word_1_469' title='bbox 428 2460 539 2496; x_wconf 80' lang='lat' dir='ltr'>omnia</span> <span class='ocrx_word' id='word_1_470' title='bbox 553 2460 815 2495; x_wconf 85' lang='lat' dir='ltr'>submoveamus</span> <span class='ocrx_word' id='word_1_471' title='bbox 831 2456 1002 2492; x_wconf 87' lang='lat' dir='ltr'>obstacula</span> <span class='ocrx_word' id='word_1_472' title='bbox 1016 2481 1027 2498; x_wconf 92' lang='lat'>,</span> <span class='ocrx_word' id='word_1_473' title='bbox 1055 2467 1127 2502; x_wconf 84' lang='lat' dir='ltr'>quae</span> <span class='ocrx_word' id='word_1_474' title='bbox 1143 2467 1283 2501; x_wconf 88' lang='lat' dir='ltr'>propter</span> <span class='ocrx_word' id='word_1_475' title='bbox 1305 2456 1471 2494; x_wconf 83' lang='lat' dir='ltr'>variarum</span> <span class='ocrx_word' id='word_1_476' title='bbox 1488 2466 1602 2500; x_wconf 68' lang='lat' dir='ltr'>respe«</span> 
     </span>
    </p>
   </div>
   <div class='ocr_carea' id='block_1_2' title="bbox 120 2502 1599 2588">
    <p class='ocr_par' dir='ltr' id='par_1_7' title="bbox 120 2502 1599 2588">
     <span class='ocr_line' id='line_1_47' title="bbox 120 2502 1598 2587; baseline -0.005 -42"><span class='ocrx_word' id='word_1_477' title='bbox 120 2508 208 2549; x_wconf 86' lang='lat' dir='ltr'>ctive</span> <span class='ocrx_word' id='word_1_478' title='bbox 234 2509 508 2553; x_wconf 81' lang='lat' dir='ltr'>jurisdictionum</span> <span class='ocrx_word' id='word_1_479' title='bbox 550 2507 746 2546; x_wconf 82' lang='lat' dir='ltr'>conflictum</span> <span class='ocrx_word' id='word_1_480' title='bbox 768 2531 780 2548; x_wconf 87' lang='lat'>,</span> <span class='ocrx_word' id='word_1_481' title='bbox 810 2516 1003 2555; x_wconf 84' lang='lat' dir='ltr'>promptam</span> <span class='ocrx_word' id='word_1_482' title='bbox 1045 2506 1255 2554; x_wconf 84' lang='lat' dir='ltr'>celeremque</span> <span class='ocrx_word' id='word_1_483' title='bbox 1296 2504 1433 2550; x_wconf 77' lang='lat' dir='ltr'>justitiae</span> <span class='ocrx_word' id='word_1_484' title='bbox 1457 2502 1598 2587; x_wconf 65' lang='lat' dir='ltr'>adnitimi-</span> 
     </span>
     <span class='ocr_line' id='line_1_48' title="bbox 1517 2562 1599 2588; baseline 0 0"><span class='ocrx_word' id='word_1_485' title='bbox 1517 2564 1531 2588; x_wconf 83' lang='lat' dir='ltr'>s</span> <span class='ocrx_word' id='word_1_486' title='bbox 1551 2562 1599 2588; x_wconf 79' lang='lat' dir='ltr'>ra-</span> 
     </span>
    </p>
   </div>
  </div>
 </body>
</html>
