1952 3167
333 326 380 362 374
694 314 755 348 DE
783 314 895 354 JURE
924 314 1204 351 SIGNATURAE
1231 317 1448 358 JUSTITIAE

386 361 430 396 11.
480 362 580 395 Nunc
606 369 717 397 autem
747 375 805 398 nos
834 364 972 398 firmiori
1001 365 1249 409 praemissorum
1276 367 1427 401 omnium
1461 375 1492 401 et
1513 367 1723 413 singulorum
1755 381 1809 404 ro-

334 410 408 447 bori
438 417 471 443 et
493 411 648 446 efficacia:
664 421 847 457 ,quantum
871 413 901 448 in
918 413 1067 448 Domino
1087 427 1266 459 possumus
1298 416 1478 460 providere
1494 440 1504 455 ,
1536 417 1712 462 dictosque
1742 418 1811 452 Vo-

333 468 439 496 tantes
457 459 662 503 specialibus
693 461 863 496 favoribus
891 488 901 502 ‚
934 474 965 497 et
996 463 1110 507 gratiis
1140 464 1294 508 prosequi
1329 464 1480 497 volentes
1499 487 1509 502 ,
1543 473 1575 497 et
1602 476 1718 500 eorum
1749 467 1813 501 sin·

335 508 466 555 gulares
496 519 652 552 personas
679 523 696 544 a
727 511 903 554 quibusvis
931 512 1290 545 excommunicationis
1319 534 1329 549 ,
1370 510 1595 554 suspensionis
1621 535 1631 551 ,
1658 522 1691 547 et
1717 514 1814 549 inter-

333 556 416 593 dicti
446 555 586 602 aliisque
613 557 855 593 Ecclesiasticis
885 558 1088 598 Sententiis,
1118 558 1264 593 censuris
1289 583 1299 597 ,
1324 567 1357 593 et
1382 559 1489 603 poenis
1518 571 1536 594 a
1559 561 1657 600 iure,
1687 562 1742 596 vel
1767 565 1808 598 ab

332 605 472 642 homine
500 606 618 651 quavis
644 607 819 641 occasione
847 608 898 641 vel
915 619 1012 641 causa
1041 607 1114 642 latis
1142 631 1152 647 ,
1177 608 1203 642 si
1232 608 1355 653 quibus
1382 607 1644 653 quomodolibet
1675 609 1810 645 innoda-

332 663 374 690 ta:
403 653 554 690 existunt
580 656 618 689 ad
635 655 790 690 effectum
819 655 1030 700 praesentium
1048 657 1225 690 dumtaxat
1251 658 1523 702 consequendum
1540 683 1551 698 ‚
1581 661 1696 693 harum
1725 659 1810 693 serie
1862 675 1866 683 ·

332 703 541 738 absolventes
569 727 579 743 ,
618 712 651 737 et
683 704 854 738 absolutos
885 705 955 739 fore
983 714 1153 740 censentes
1182 730 1193 746 ,
1239 715 1333 740 motu
1377 706 1515 750 proprio
1547 731 1556 746 ,
1587 719 1623 741 ac
1651 718 1692 741 ex
1719 716 1812 742 certa

331 752 498 791 scientia,
528 761 701 787 etmatura
729 752 971 788 deliberatione
1002 755 1146 795 nostris,
1174 756 1283 798 deque
1304 754 1509 799 Apostolicae
1537 757 1711 800 potestatis
1742 755 1810 800 ple-

330 800 509 840 nitudine,
537 800 814 848 Chirographum
848 803 1078 847 praeinsertum
1098 828 1107 844 ,
1134 804 1315 848 omniaque
1342 826 1353 841 ‚
1383 812 1416 838 et
1447 803 1579 849 singula
1608 805 1639 838 in
1673 815 1712 839 eo
1729 817 1813 840 con·

330 858 447 889 tenta,
476 858 592 884 tenore
622 851 834 896 praesentium
866 854 1100 887 confirmamus
1128 877 1138 892 ,
1170 862 1201 886 et
1239 854 1463 898 approbamus
1488 863 1499 891 3
1544 852 1677 898 illisque
1705 854 1812 888 invio·

330 897 442 933 labilis
471 899 678 942 Apostolicae
703 899 866 934 firmitatis
895 902 998 934 robur
1024 900 1227 941 adjicimus,
1250 913 1286 936 ac
1319 912 1434 936 omnes
1469 924 1479 940 ‚
1505 910 1538 935 et
1566 901 1716 946 singulos
1744 911 1811 937 tam

330 947 412 987 iuris
430 970 440 985 ,
465 958 566 991 quam
592 947 671 980 facti
698 971 708 987 ,
737 957 769 981 et
803 948 1056 984 solemnitatum
1083 961 1373 995 quarumcumque
1400 973 1409 989 ,
1437 959 1504 984 tam
1537 961 1579 985 ex
1610 950 1692 989 juris
1723 962 1813 985 com-

328 993 466 1032 munis,
495 1002 528 1028 et
559 994 825 1030 Constitutionis
846 997 1054 1041 Apostolicae
1081 999 1277 1043 praescripto
1302 1023 1313 1039 ,
1353 1011 1452 1044 quam
1485 998 1562 1033 alias
1591 998 1814 1046 quomodoli-

329 1043 388 1077 bet
413 1042 444 1076 in
472 1041 638 1078 similibus
665 1044 767 1078 ‘etiam
793 1046 835 1079 de
865 1045 1062 1081 necessitate
1088 1048 1370 1083 observandarum
1397 1072 1407 1086 ‚
1442 1058 1473 1082 et
1500 1048 1586 1083 alios
1619 1047 1814 1092 quoslibet,

324 1090 431 1126 etiam
460 1091 619 1127 formales
646 1101 679 1126 et
697 1094 929 1129 substantiales
958 1096 1131 1134 defectus,
1162 1096 1187 1130 si
1220 1099 1276 1142 qui
1305 1097 1336 1130 in
1370 1095 1574 1141 praemissis,
1613 1096 1667 1131 vel
1695 1108 1814 1132 eorum

328 1139 434 1186 aliqui
462 1139 716 1185 principaliter,
743 1143 797 1177 vel
826 1144 1037 1182 accessoria
1065 1154 1122 1179 aut
1147 1144 1225 1179 alias
1257 1146 1379 1190 quovis
1407 1146 1509 1181 modo
1541 1146 1814 1186 intervenerint,

327 1201 388 1224 seu
413 1189 632 1225 intervenisse
658 1191 750 1231 diei,
787 1193 940 1232 censeri,
977 1192 1029 1227 vel
1055 1193 1215 1237 praetendi
1241 1204 1376 1238 possent
1403 1218 1413 1233 ‚
1443 1194 1641 1239 plenissime
1675 1196 1817 1240 supple-

325 1249 428 1276 mus,
456 1248 487 1273 et
502 1251 652 1274 sanamus
670 1264 680 1279 ‚
716 1253 752 1275 ac
782 1242 940 1286 penitus,
970 1250 1001 1277 et
1015 1242 1153 1277 omnino
1187 1242 1365 1283 tollimus,
1402 1251 1435 1277 et
1463 1243 1664 1279 abolemus,

374 1287 439 1321 ΙΙΙ.
492 1287 723 1324 Decernentes
751 1299 819 1324 etc.
1353 1322 1356 1325 .

373 1335 437 1370 IV.
490 1336 568 1371 Non
597 1338 809 1373 obstantibus
832 1348 898 1375 etc.
922 1339 1050 1374 Datum
1072 1339 1189 1374 Romae
1215 1341 1303 1384 apud
1327 1341 1360 1374 S.
1378 1339 1517 1374 Mariam
1550 1339 1719 1379 Maiorem
1750 1339 1813 1373 sub

323 1383 436 1420 Anulo
464 1385 644 1423 Piscator-is
676 1387 730 1422 die
748 1399 802 1423 11.
822 1388 900 1428 Maii
923 1398 1028 1434 1733.
1048 1388 1174 1423 Pontif.
1193 1391 1296 1424 nostri
1315 1390 1412 1423 Anno
1437 1389 1540 1423 tertio
1556 1412 1566 1422 .

464 1452 470 1457 ·
1244 1442 1278 1472 Ρ.
1299 1439 1392 1473 Card.
1421 1437 1588 1472 oliverius
1608 1461 1616 1470 .

885 1536 947 1586 N.
986 1538 1030 1584 X
1047 1539 1090 1584 X
1107 1538 1181 1584 VI
1198 1539 1231 1586 Ι.

525 1602 733 1655 Edictum
766 1607 998 1674 Signaturae
1028 1610 1203 1672 Justitiae
1240 1610 1339 1657 anni
1365 1624 1619 1658 Moccxxx1.

400 1725 619 1760 Alamannus
635 1727 741 1762 Tituli
766 1731 798 1762 S.
816 1730 933 1764 Μανία
964 1730 998 1764 in
1014 1729 1162 1764 Aracaeli
1195 1733 1227 1763 S.
1241 1734 1278 1771 R.
1296 1733 1334 1764 E.
1362 1729 1540 1775 Presbyter
1567 1726 1748 1762 cardinalis

440 1774 607 1810 salviatus
623 1784 826 1825 nuncupatus
840 1802 852 1819 ,
872 1779 1052 1824 Signatum
1066 1779 1203 1814 Iustitiae
1217 1780 1371 1824 SS.D-N.
1383 1784 1482 1826 Papae
1497 1777 1678 1820 'Praefectus
1696 1800 1706 1810 .

327 1873 357 1908 Ι.
471 1872 531 1909 Tsi·
561 1874 792 1918 probatissimi
821 1876 1046 1922 undequaque
1086 1876 1158 1911 Viri
1196 1877 1382 1913 Romanam
1414 1877 1556 1911 Curiam
1592 1899 1603 1915 ‚
1636 1874 1820 1918 forumque

482 1933 660 1967 sequentes
694 1923 817 1960 nullam
847 1937 922 1960 sane
950 1926 982 1960 in
1015 1926 1124 1961 causis
1157 1926 1295 1973 agendis
1329 1926 1605 1962 reformationem
1636 1929 1818 1970 expectent

325 1970 434 2005 adhuc
464 1996 475 2011 ,
515 1972 556 2005 ad
593 1972 725 2018 magis,
757 1975 933 2020 magisque
963 1974 1207 2010 consulendum
1239 1975 1421 2016 brevitati,
1452 1984 1486 2010 et
1518 1973 1700 2019 expensis,
1729 1972 1818 2005 facto

325 2019 440 2054 Verbo
476 2032 555 2055 cum
589 2022 807 2057 Sanctissimo
838 2023 1030 2059 inhaerentes
1058 2024 1233 2063 decretis,
1266 2024 1343 2060 alias
1376 2035 1436 2070 per
1467 2025 1731 2069 praedecessores
1759 2029 1818 2051 no-

324 2077 409 2103 stros
444 2069 545 2105 editis
562 2095 572 2110 ,
600 2083 637 2106 ac
654 2072 824 2117 praecipue
848 2074 910 2107 sub
938 2072 1058 2108 diebus
1081 2072 1188 2119 prima
1212 2073 1296 2114 Julii
1313 2098 1323 2113 ,
1359 2083 1393 2108 et
1423 2087 1458 2119 4.
1481 2069 1686 2107 Decembris
1701 2068 1814 2122 ‘1677-

324 2119 720 2165 e112.Janua1-iix719.
739 2121 954 2166 praecipimus
987 2123 1081 2166 quod
1099 2133 1201 2156 nemo
1233 2122 1353 2155 audeat
1387 2119 1531 2164 proponi
1561 2119 1670 2152 faeere
1701 2126 1731 2149 in
1747 2113 1816 2168 ple-

323 2176 363 2198 na
383 2166 563 2210 Signatum
586 2169 860 2204 Commissiones
891 2169 925 2203 in
941 2168 1063 2202 Causis
1095 2180 1160 2201 non
1188 2167 1429 2202 excedentibus
1463 2176 1557 2201 scuta
1588 2165 1816 2211 quinquagin-

325 2219 358 2247 ta
392 2223 562 2248 monetae.

370 2262 417 2296 11.
485 2262 683 2297 Mandamus
715 2275 877 2309 quoque,
908 2264 999 2309 quod
1033 2264 1065 2298 in
1089 2265 1272 2303 omnibus,
1301 2271 1334 2299 et
1362 2264 1639 2309 quibuscumque
1673 2259 1806 2300 causis,

323 2309 356 2344 in
383 2311 503 2355 quibus
533 2311 645 2357 agitur
676 2313 717 2345 de
746 2313 979 2347 moderatione
1003 2336 1014 2352 ,
1044 2324 1104 2346 seu
1131 2314 1392 2359 reintegratione
1421 2312 1659 2347 inhibitionum
1692 2310 1810 2346 mode-

323 2368 471 2394 ratarum
512 2361 557 2394 ob
587 2371 651 2394 non
679 2361 995 2404 transportationem
1022 2370 1173 2396 actorum
1198 2386 1209 2401 ,
1252 2362 1305 2397 vel
1342 2376 1360 2398 a
1395 2363 1490 2397 Sacra
1523 2363 1611 2397 Rota
1639 2385 1649 2401 ,
1683 2358 1738 2394 vel
1765 2358 1806 2392 ab

323 2407 392 2444 aliis
420 2407 597 2449 jndicibus
627 2409 881 2444 Commissariis
907 2435 919 2450 ,
945 2411 987 2444 de
1018 2411 1341 2446 Communicatione
1365 2410 1560 2446 facultatum
1595 2411 1639 2444 A.
1673 2408 1719 2442 C.
1753 2408 1809 2441 de-

324 2459 497 2501 putatione
521 2458 706 2499 judicum,
735 2459 930 2494 remissione
957 2459 1145 2494 Causarum
1175 2460 1231 2495 uni
1264 2461 1389 2506 magis,
1416 2472 1515 2505 quam
1549 2458 1644 2494 alteri
1683 2455 1809 2491 Tribu-

323 2505 417 2546 nali,
446 2519 481 2541 ac
518 2507 653 2543 demum
682 2510 723 2544 de
737 2510 988 2543 Attentatorurn
1019 2508 1240 2554 purgatione,
1267 2507 1319 2542 vel
1335 2510 1524 2548 rejectione,
1558 2507 1686 2543 nemini
1710 2504 1810 2538 liceat

323 2554 453 2599 plenam
488 2557 696 2603 signaturam
725 2557 817 2593 adire
845 2582 856 2598 ,
897 2558 955 2593 sed
984 2558 1085 2594 citata
1113 2561 1204 2604 prius
1235 2567 1328 2603 parte
1370 2559 1491 2593 instare
1529 2558 1653 2593 debeat
1682 2561 1809 2637 1301}OE

1719 2624 1729 2636 ο
1778 2610 1817 2633 0·
