1952 3167
308 317 396 362 226
589 315 664 356 DE
695 313 831 361 JURE
864 311 1203 354 SIGNA‘IURAE
1236 311 1495 361 lUSTITlAE

309 378 488 421 redactus
509 387 563 416 est
579 376 635 415 acl
647 388 835 417 summam
859 372 1067 441 inopiam·
1057 405 1069 421 ‚
1106 383 1142 414 et
1160 372 1336 430 quamvis
1353 372 1482 413 omnia
1500 385 1567 412 sua
1586 371 1683 412 bona
1700 384 1775 414 cre-

307 436 501 478 ditoribus
531 424 843 492 consignaverit,
864 433 994 489 etipse
1018 433 1261 498 diligentiam
1281 446 1430 473 omnem
1454 430 1675 473 adhibuerit
1689 447 1776 473 cae—

306 495 400 538 teris
419 493 718 562 satisfaciendi,
754 494 815 534 vel
842 493 923 534 illos
953 491 1210 533 concordandi
1228 521 1240 539 ‚
1272 490 1316 531 id
1342 503 1473 530 tamen
1506 489 1658 542 difficile
1690 489 1774 544 fuit

307 556 355 597 ob
371 555 514 598 dictam
540 553 744 622 inopiam·
736 585 748 601 .,
783 551 871 592 hinc
901 565 949 591 ne
964 550 1093 607 vigore
1125 551 1432 598 mandator-,um
1457 562 1557 605 quae
1574 548 1681 601 forte
1699 564 1777 591 cre-

306 615 471 658 ditores
488 614 548 656 sui
580 614 620 654 in
654 610 832 653 manibus
861 611 1001 651 habent
1027 641 1040 659 ,
1074 609 1292 652 carceribus
1322 607 1566 663 mancipetur
1592 638 1605 656 ,
1650 607 1777 663 ibique

307 673 429 717 vitam
458 672 669 717 miserrime
697 671 851 726 expleat
884 684 969 712 cum
1000 669 1174 712 maximo
1202 683 1300 718 suo,
1335 683 1382 710 ac
1397 666 1583 720 familiae
1606 667 1776 715 damno,

307 743 451 777 etcum
486 734 591 775 nulla
622 731 853 774 creditorum
889 727 1093 779 utilitate,
1123 727 1263 787 quibus
1295 727 1530 784 impossibile
1562 736 1618 769 est
1643 729 1737 768 dare
1763 756 1778 777 ,

309 795 412 849 quod
443 807 520 836 non
539 793 677 841 haber,
702 791 865 840 statuit,
893 802 935 831 ut
953 805 976 831 a
994 788 1214 847 praemissis
1232 802 1270 830 se
1289 788 1449 829 liberare
1469 785 1619 844 possit,
1653 785 1736 827 ad
1721 800 1778 826 zn-

298 848 461 904 felicem
485 853 667 894 bonorum
702 849 906 892 cessionem
933 849 1138 898 (Ιευεηὶιε;
1167 863 1244 905 qua
1269 849 1318 888 de
1337 860 1388 899 re
1403 847 1613 888 humillime
1628 843 1778 902 suppli-

303 920 373 952 cat
406 913 451 952 S.
476 911 552 957 V„
582 921 778 966 quatenus
808 910 995 967 dignetur
1010 909 1246 951 committere
1264 938 1276 957 ,
1310 917 1350 948 et
1376 909 1566 948 mandare
1583 905 1779 946 Guberna

303 968 378 1010 rori
409 967 586 1009 Civitatis
619 968 826 1016 Narniae,
859 978 902 1008 ut
917 969 1066 1008 dictum
1089 968 1292 1008 Oratorem
1330 968 1385 1006 ad
1406 964 1634 1021 praefatum
1661 964 1776 1003 bene-

292 1025 432 1083 ficium
461 1024 640 1090 cessionis
674 999 861 1067 lvonortim
894 1025 1079 1066 admittat
1105 1033 1259 1064 servata
1279 1022 1418 1076 forma
1441 1038 1567 1065 motus
1587 1020 1737 1080 proprii
1761 1051 1777 1070 ‚

302 1096 340 1126 et
351 1097 467 1141 prout
495 1085 541 1124 cte
557 1082 670 1133 fut-,e
704 1097 740 1127 et
768 1099 846 1126 non
863 1082 960 1125 altas
977 1093 1052 1124 etc.
1078 1082 1292 1124 admissum
1324 1093 1574 1124 manuteneat
1589 1095 1660 1123 etc.
1685 1094 1776 1122 cum

293 1154 493 1199 potestate
509 1142 662 1185 citandi
678 1155 751 1186 etc.
771 1143 819 1200 (
811 1159 853 1184 m
869 1143 948 1184 fine
966 1157 1065 1185 vero
1062 1140 1350 1210 ‘adjiciatur):
1339 1141 1542 1198 .quoniam
1559 1151 1674 1182 extra
1693 1142 1777 1181 Cu-

298 1204 425 1251 riam,
459 1213 497 1242 et
512 1216 599 1242 cum
619 1203 856 1244 absolutione
879 1216 902 1242 a
919 1201 1114 1249 censuris,
1145 1211 1184 1241 et
1197 1215 1269 1256 per
1284 1201 1393 1241 breve
1419 1200 1466 1239 S.
1487 1200 1534 1242 V.
1555 1208 1633 1241 etc.

425 1261 655 1304 Indubrum.
669 1274 725 1304 est
745 1293 758 1310 ,
779 1261 976 1303 debitores
994 1291 1005 1308 ,
1036 1274 1166 1315 quum
1201 1259 1337 1299 alieno
1366 1258 1518 1312 gravati
1547 1271 1628 1298 aere
1661 1269 1775 1312 repe-

302 1319 495 1365 riantur,
523 1319 574 1359 ne
593 1321 821 1361 carceribus
840 1319 1150 1373 mancipentur,
1168 1318 1219 1357 ad
1238 1315 1470 1357 Pontificem
1487 1330 1696 1358 recursum
1713 1315 1781 1355 ha-

303 1379 432 1428 bere,
464 1378 536 1434 qui
572 1392 621 1420 ex
647 1394 726 1422 sua
749 1377 1015 1421 beneficentia
1048 1375 1267 1417 nonnullas
1293 1374 1503 1417 dilationes
1535 1375 1590 1415 ad
1619 1386 1776 1431 tempus

302 1436 440 1493 vigore
475 1437 827 1480 Commissionurn
849 1466 862 1483 ,
891 1440 959 1476 seu
980 1435 1293 1476 moratoriarum
1324 1435 1402 1475 sub
1434 1432 1598 1476 diversis
1616 1434 1778 1484 modis,

300 1495 525 1545 etformis,
512 1527 531 1545 ,,
558 1495 790 1538 secundum
819 1508 1124 1551 personarum,
1149 1506 1404 1549 temporum,
1435 1494 1503 1534 seu
1522 1493 1777 1548 negotiorum

300 1555 575 1610 qualitatem,
596 1554 814 1596 concedere
829 1553 952 1601 solet3
972 1564 1183 1609 eapropter
1202 1550 1521 1593 Commissiones
1541 1551 1775 1607 hujusmodi

302 1624 507 1668 tanquam
542 1613 733 1670 gratiosae
769 1612 813 1654 in
851 1612 1067 1680 Signatura
1104 1611 1337 1659 pontificis,
1366 1611 1445 1653 sive
1479 1609 1648 1653 Gratiae
1676 1627 1777 1669 pro-

303 1672 403 1730 poni
429 1672 558 1715 solent
577 1700 592 1720 ,
624 1671 729 1714 acin
758 1671 813 1714 eis
840 1672 1079 1729 exprimitur
1096 1702 1110 1722 ,
1144 1684 1201 1713 ut
1202 1669 1546 1713 commtttaturA.
1567 1668 1611 1711 C.
1629 1672 1774 1728 ,quod

304 1730 476 1773 cons-tito
496 1733 545 1773 de
576 1746 764 1774 consensu
792 1730 1096 1787 majorispartis
1125 1730 1376 1773 Creditorum
1393 1761 1405 1779 ,
1437 1744 1517 1770 tam
1550 1728 1591 1770 in
1611 1744 1776 1773 numero

298 1804 567 1847 personarum·
577 1821 594 1841 ,
618 1806 735 1848 quam
751 1791 792 1832 in
816 1791 1035 1848 quantitate
1049 1790 1199 1836 debiti,
1227 1790 1400 1845 petitam
1427 1787 1657 1832 dilationem
1687 1800 1779 1832 con-

303 1850 443 1899 cedat,
475 1865 551 1907 qua
561 1851 750 1908 pendente
763 1849 1004 1894 Oratorem
989 1865 1028 1890 ιη
1049 1847 1188 1898 bonis,
1221 1849 1283 1890 vel
1296 1863 1464 1905 persona
1486 1849 1678 1892 molestari
1693 1864 1777 1891 non

299 1923 413 1966 posse
430 1881 625 1958 inundet,
654 1919 697 1951 et
722 1924 889 1953 caeteros
911 1908 1155 1957 Creclitores,
1189 1909 1421 1951 contordiae
1435 1909 1640 1966 praefatae
1673 1919 1779 1952 stare

301 1968 512 2011 renitentes
521 2001 543 2019 ,
572 1969 660 2011 ad
643 1985 770 2026 ipsam
788 1970 1070 2027 acceptandam
1088 1966 1233 2024 juris,
1263 1982 1301 2011 et
1312 1966 1418 2023 facti
1433 1967 1613 2010 remediis
1629 1981 1776 2025 oppor-

302 2026 410 2069 tunis
428 2040 572 2086 cogat,
600 2043 638 2071 et
653 2030 895 2101 compellat

425 2087 577 2142 Quum
589 2087 690 2132 verb
704 2091 914 2132 bonorum
924 2088 1047 2131 cessio
1068 2104 1091 2129 a
1120 2087 1377 2128 debitoribus
1388 2085 1583 2126 obaeratis
1599 2082 1746 2141 petitur
1760 2115 1774 2134 ,

297 2154 339 2184 et
371 2141 620 2211 Commissio
664 2148 908 2202 proponitur
953 2145 996 2183 in
1027 2145 1242 2200 Signatura
1266 2142 1485 2193 justitiae,
1529 2156 1618 2184 non
1664 2142 1773 2184 aliter

303 2200 487 2256 signatur
511 2232 532 2251 ,
562 2203 645 2244 nisi
687 2217 789 2244 cum
830 2200 1011 2243 clausula
1041 2215 1054 2242 :
1096 2214 1247 2242 servata
1285 2198 1418 2253 forma
1449 2200 1588 2245 Motus
1621 2200 1769 2258 proprii

295 2259 357 2303 Pit
373 2274 426 2302 v.
445 2290 463 2309 ,
476 2274 564 2314 quo
582 2273 752 2304 cautum
768 2259 876 2315 fuit,
879 2272 940 2304 ut
955 2259 1009 2301 ad
1024 2259 1275 2326 praedictam
1286 2257 1522 2310 Cessionem
1553 2260 1771 2311 admissus,

307 2316 509 2360 infamiae
533 2319 627 2362 loco
645 2319 773 2362 viride
799 2319 1011 2367 Btretum,
1030 2319 1111 2363 sive
1135 2317 1297 2359 Pileum
1310 2322 1460 2384 gestare
1495 2331 1706 2369 teneatur;
1740 2319 1772 2362 si

305 2374 428 2433 igitur
449 2377 607 2422 dictum
623 2378 775 2421 Pileum
803 2378 1143 2420 commissionem
1171 2375 1417 2419 cessionis
1406 2392 1623 2435 impetrans
1641 2378 1771 2422 defer-

304 2446 345 2476 re
365 2437 570 2487 noluerit,
603 2438 646 2479 in
662 2436 880 2496 Signatura
901 2436 1110 2488 justitiae
1101 2449 1247 2480 instare
1267 2450 1352 2478 non
1382 2437 1528 2489 debet,
1562 2452 1692 2495 neque
1717 2437 1772 2480 si-

304 2496 513 2552 gnandam
536 2496 741 2556 porrigere
760 2498 907 2542 d1ctam
930 2497 1294 2548 Commi-ssionem3
1320 2496 1417 2554 quia
1445 2496 1476 2539 si
1498 2495 1666 2543 formam
1683 2498 1773 2540 Mo-

1707 2568 1772 2598 tus
