1993 3195
586 328 628 377 C
664 337 704 376 Α
736 339 764 376 Ρ
795 336 838 376 U
868 335 906 377 T
966 338 1056 380 Ill.
1486 359 1567 402 203

107 400 269 449 additur
296 396 338 437 in
368 392 663 437 commissione
681 409 691 435 :
723 410 822 451 quae
846 396 1043 437 Sententia
1054 395 1137 451 filit
1151 399 1201 440 ab
1220 399 1280 440 Ν.
1296 399 1358 440 Ν.
1375 401 1416 443 in
1432 417 1573 447 secun-

107 464 157 504 da
176 491 188 508 ,
221 469 258 498 et
271 456 319 497 ab
341 452 385 496 N
388 484 398 495 .
413 455 468 496 N.
487 454 526 496 in
543 452 653 495 tertia
674 481 688 500 ,
713 468 779 495 seu
798 453 875 496 alia
893 455 1082 498 Instatzticz
1100 457 1328 514 confirmata
1344 489 1359 508 ,
1386 475 1456 502 seu
1474 479 1572 519 quae

100 517 183 575 ficit
191 515 322 572 primo
339 516 418 558 loco
436 515 486 556 ab
506 514 562 555 Ν.
584 522 622 553 et
649 515 815 555 secundo
841 515 923 556 loco
946 516 995 557 ab
1021 516 1079 557 N.
1110 517 1336 575 confirmata
1359 548 1369 558 .
1409 521 1458 562 Et
1478 523 1575 564 solet

110 576 331 631 Signatum
372 573 580 617 rescribere
620 587 714 615 cum
749 572 946 617 Clausula
987 590 999 618 :
1033 576 1239 619 dammodo
1269 592 1346 620 non
1379 578 1431 621 εῖτ
1454 581 1578 623 alteri

105 635 310 681 commissa
329 664 340 675 .

225 696 334 735 Inter
367 692 442 734 alia
460 724 473 743 ,
505 707 609 749 quae
629 691 913 736 Marchesanus
939 694 1012 751 (1)
1030 695 1170 751 quoad
1191 697 1338 739 dictam
1365 696 1574 742 Commis-

111 754 265 798 sionem
283 784 295 802 ‚
314 751 387 795 rite
411 781 423 800 ‚
457 752 645 808 recteque
663 750 960 795 efformandam
988 755 1223 812 praescribit
1240 787 1252 805 ‚
1287 757 1385 798 illud
1420 760 1580 815 praeci-

109 829 240 872 puum
267 826 347 862 est,
379 812 494 867 quod
516 813 616 853 haec
633 813 756 855 verba
776 814 1089 871 exprimantur:
1125 817 1266 858 Omnes
1290 847 1300 864 ,
1328 827 1365 858 et
1400 819 1581 876 singulas

110 886 302 930 expensas
330 882 467 922 taxet,
496 882 534 913 et
550 872 793 923 modernum
826 887 875 914 ac
901 889 972 931 pro
1002 873 1076 916 illis
1108 876 1255 917 taxatis
1272 904 1284 923 ,
1314 886 1351 916 et
1367 877 1579 921 moderatis

112 934 337 974 mandatum
357 960 370 978 ,
400 936 468 974 set't
485 932 668 972 mandata
697 932 909 974 necessaria
927 965 939 982 ‚
972 943 1008 975 et
1042 945 1258 991 opportuna
1287 936 1469 978 decernat
1490 966 1503 985 ,
1537 947 1575 978 et

115 992 262 1033 relaxet
293 991 362 1032 sub
382 1006 456 1032 vsuo
482 1005 603 1047 parvo
622 990 761 1047 Sz'gz'llo
780 994 940 1048 ‚regula
965 993 1159 1035 contraria
1187 1009 1264 1035 non
1295 995 1474 1036 obstante
1493 1026 1502 1036 .
1533 995 1581 1038 ld

114 1065 291 1106 namque
305 1047 391 1102 jam
411 1050 516 1091 dicta
536 1049 714 1091 clausula
731 1063 922 1105 operatur
941 1082 952 1100 ,
967 1066 1010 1092 ut
1025 1052 1160 1104 judex
1179 1053 1476 1106 taxaredebeat
1493 1068 1580 1096 non

114 1109 238 1152 modo
255 1123 451 1165 :expensas
468 1123 730 1164 omnes,quas
748 1123 882 1151 coram
902 1109 990 1164 ipso
1003 1112 1133 1152 Partes
1151 1126 1286 1168 passae
1302 1125 1399 1155 sunt
1417 1141 1430 1160 ‚
1447 1128 1588 1157 verum

114 1182 153 1210 et
176 1180 355 1208 <caeteras
372 1168 466 1207 alias
483 1167 523 1206 in
540 1182 800 1221 quacumque
822 1167 999 1223 ejusdem
1019 1169 1179 1210 Causae
1201 1171 1389 1211 instantia
1409 1202 1422 1220 ,
1458 1185 1495 1214 et
1511 1188 1583 1214 co-

115 1241 205 1269 ram
235 1238 498 1279 quocumque
524 1225 663 1269 judice
689 1224 813 1265 factas
842 1240 855 1273 ς
889 1240 1002 1267 secus
1031 1227 1140 1267 enirn
1158 1258 1171 1276 ,
1201 1228 1256 1267 ait
1278 1229 1450 1270 Vestrius
1483 1231 1584 1286 (2),

117 1289 268 1338 absque
291 1282 452 1339 speciali
468 1282 660 1325 mandato
680 1281 723 1322 id
740 1282 867 1324 facere
886 1284 1016 1331 Judex
1033 1285 1176 1340 nequit
1194 1316 1204 1326 .
1234 1285 1290 1327 Ut
1310 1301 1443 1330 autem
1459 1291 1586 1332 verba

116 1342 183 1384 illa
205 1343 308 1391 ‚sub
338 1357 407 1383 suo
432 1355 554 1397 parvo
588 1340 730 1399 sigillo
752 1343 911 1400 ,regula
940 1345 1220 1387 nonobstante
1240 1377 1253 1395 ,
1284 1345 1587 1405 intelligantur,

117 1401 231 1444 idem
261 1401 432 1444 Vestrius
470 1402 638 1442 adnotat
661 1400 826 1443 laudato
858 1404 976 1452 loco,
1007 1405 1120 1460 quod
1152 1404 1383 1458 antiquitus
1416 1407 1588 1448 Cancel-

120 1460 242 1503 lariae
275 1459 529 1516 Apostolicae
549 1457 756 1500 Officiales
774 1490 787 1507 ‚
820 1476 996 1515 quorum
1031 1478 1073 1503 xn
1107 1463 1241 1503 officio
1259 1466 1582 1519 exequutoriales·

120 1521 270 1562 litterae
299 1519 376 1561 sub
398 1517 570 1574 plumbo
597 1518 774 1574 expediri
808 1520 1018 1570 solebant,
1052 1535 1311 1579 agnoscentes
1338 1525 1365 1565 sa
1380 1523 1588 1581 Litiganti-

121 1580 200 1622 bus
220 1593 366 1621 novam
401 1577 661 1621 adinventam
682 1577 799 1619 fuisse
825 1578 995 1622 formam
1015 1580 1192 1624 evitandi
1206 1581 1318 1625 viam
1337 1583 1586 1626 Audientiae

120 1637 490 1680 contradictarum
505 1653 579 1696 pro
595 1637 893 1680 Sententiarum
918 1641 1190 1698 exequutione
1211 1642 1398 1685 habenda
1418 1671 1432 1689 ‚
1465 1657 1585 1684 cura-

118 1712 217 1740 runt
239 1712 492 1754 summopere
512 1699 622 1754 apud
635 1699 820 1739 Summos
839 1700 1048 1744 Pontifices
1064 1715 1138 1758 pro
1159 1715 1333 1758 tempore
1350 1701 1421 1750 ‚id
1439 1715 1583 1758 agere,

120 1770 167 1798 ut
184 1758 247 1814 jus
264 1771 431 1799 suarum
454 1757 703 1799 solutionum
722 1758 880 1800 salvum
898 1759 1024 1811 esset,
1057 1775 1093 1803 et
1110 1760 1283 1818 proinde
1302 1774 1349 1802 ut
1367 1763 1417 1802 ab
1436 1760 1590 1803 eisdem

120 1815 224 1858 inter
256 1830 432 1858 caeteras
461 1816 744 1857 ‘Cance'llariae
782 1820 958 1874 Regulas
989 1821 1053 1861 illa
1087 1835 1256 1875 quoque
1293 1819 1557 1862 collocaretur
1572 1846 1587 1867 ,

127 1876 259 1929 quod,
281 1889 436 1929 nempe,
447 1874 782 1925 Exequutoriales
801 1875 967 1923 litterae,
982 1879 1076 1919 alias
1093 1893 1218 1933 quam
1237 1880 1313 1920 sub
1333 1879 1500 1934 plumbo
1519 1892 1592 1920 ex-

124 1935 282 1992 peditae
304 1963 314 1979 ‚
349 1933 499 1972 nullius
530 1933 685 1974 roboris
703 1947 831 1975 essent
848 1964 857 1974 .
881 1935 938 1975 Ex
959 1936 1019 1977 his
1047 1951 1221 1992 namque
1251 1937 1407 1980 factum
1437 1951 1493 1979 est
1508 1966 1522 1986 ,
1542 1948 1591 1980 ut

125 1993 274 2032 deinde
296 1991 469 2031 remedio
487 1991 758 2045 derogationis
778 1992 909 2034 dictae
927 1996 1085 2052 regulae
1106 1996 1332 2038 ‘adinvento
1347 2025 1360 2044 ,
1387 1999 1508 2040 verba
1539 1995 1590 2036 il-

125 2050 162 2092 la
182 2049 223 2090 in
243 2049 612 2091 commissionibus
638 2048 861 2102 adjicienda
885 2051 1101 2111 Litigantes
1119 2069 1310 2099 curarent
1324 2068 1387 2107 ;et
1405 2055 1591 2114 passima

128 2110 341 2167 Signatura
364 2110 413 2149 ita
438 2107 754 2150 Commissiones
786 2112 1020 2164 hujusmodi
1046 2114 1261 2170 signantur
1281 2146 1292 2157 .

362 2165 603 2208 Commissio
634 2167 876 2208 remissionis
913 2170 1073 2212 Causae
1106 2173 1149 2213 in
1171 2175 1388 2218 Partibus.
1438 2182 1444 2186 ”

728 2227 961 2284 Fulginaten
982 2259 991 2270 .

663 2287 889 2328 Beatissime
919 2291 1033 2332 Pater
1052 2321 1062 2332 .
1569 2321 1571 2323 >

251 2345 425 2390 Devotus
440 2345 484 2386 S.
509 2345 557 2388 V.
581 2344 725 2388 Orator
743 2348 797 2387 N.
821 2349 873 2387 N.
883 2347 1163 2402 fuitnu'lliter,
1193 2361 1233 2393 et
1252 2349 1424 2394 indebite
1433 2362 1592 2392 conven-

134 2414 199 2450 tus
220 2419 344 2449 coram
377 2407 430 2449 A.
454 2405 498 2447 C.
518 2406 574 2447 Ν.
593 2406 789 2449 occasione
816 2407 1016 2464 enjusdam
1050 2410 1226 2460 casalis,
1253 2425 1319 2452 seu
1347 2409 1501 2468 praedii
1525 2409 1592 2452 siti

998 2467 1034 2508 C
1058 2483 1077 2509 c
1111 2482 1134 2509 2
1551 2469 1593 2511 in

1238 2543 1595 2557 -ή-

301 2536 450 2549 —

183 2597 238 2634 (1)
261 2599 308 2629 De
321 2597 481 2631 commiss.
502 2606 539 2641 p.
557 2607 588 2630 2.
613 2608 679 2642 cap.
697 2610 732 2641 3.
758 2608 789 2630 n.
804 2607 860 2638 75.
950 2602 1004 2641 (2)
1026 2599 1094 2632 Lib.
1109 2603 1140 2633 6.
1165 2610 1232 2646 cap.
1247 2602 1358 2636 ultimo
1375 2613 1408 2636 n.
1425 2611 1480 2633 ιι.
