1993 3195
752 325 996 360 INDEX
1049 324 1110 359 11.

154 369 339 406 Causarum
357 370 565 416 cognitio‚an
586 372 791 406 Criminales
810 374 887 410 sint.

250 421 303 454 vel
319 419 434 454 civiles
449 444 458 458 ‚
475 421 559 453 facta
574 421 613 453 ab
632 420 887 458 Auditore,talis

251 470 398 503 habenda
413 477 461 502 est
476 470 516 502 ab
530 468 685 503 omnibus
701 468 890 509 judicibus,

248 528 281 551 et
301 519 336 551 fit
362 518 520 551 avocatio
543 529 657 552 earum
686 519 726 552 ab
754 518 890 558 unoJu-

251 565 326 600 dice
341 569 379 600 ad
397 566 499 601 alium
516 590 527 600 .
558 577 634 602 121.
652 567 693 601 atl
713 578 790 600 ιη.

199 615 503 648 commissariaruin
532 614 705 649 citationes
734 615 834 650 etiam
857 617 887 650 in

250 663 338 697 Foro
371 663 569 708 Capitolino
617 677 632 698 a
677 664 884 699 Cursoribus

250 713 292 746 A.
306 712 349 746 C.
369 713 581 757 exequendae
609 721 707 746 sunt.
727 715 786 755 69.

201 759 409 795 multitudini
438 761 632 804 praesertim
661 771 812 804 tempore
830 773 881 795 ae-

245 809 335 844 stivo
349 812 521 855 quomodo
550 812 798 845 occurrendum
816 811 856 844 sit
869 834 882 844 .

248 858 297 892 ibi
310 884 321 894 .

199 917 357 942 numerus
387 906 418 940 in
449 907 626 952 Signatum
655 916 806 953 tempore
833 919 888 942 ae—

245 958 334 990 stivo
353 965 517 1002 quatenus
533 956 703 1002 supersit,
720 957 804 1002 quid
820 967 890 991 ser-

245 1014 348 1039 vetur
360 1030 370 1039 .
384 1016 444 1050 43.

198 1054 391 1100 propositio
425 1062 519 1088 extra
565 1065 739 1089 numerum
775 1065 880 1099 quare

245 1104 446 1147 reprobetur
460 1127 469 1142 ,
500 1112 532 1136 et
550 1102 580 1136 in
600 1115 679 1137 casu
708 1100 883 1138 necessita-

246 1152 288 1186 tis
303 1152 384 1197 quid
413 1161 589 1185 servetur.
616 1161 736 1189 101.et
754 1164 832 1188 tm.

150 1201 284 1236 Causae
326 1198 587 1244 appellationum
619 1225 629 1240 ‚
671 1212 729 1244 pro
761 1201 883 1245 quibus

246 1249 369 1283 sufficit
387 1258 514 1283 tantum
530 1249 714 1284 Decretum
745 1249 886 1284 Audito-

247 1298 290 1331 ris
307 1297 502 1342 Signaturae
520 1309 578 1341 79.
593 1300 693 1334 et81.

196 1348 353 1381 adversus
383 1348 535 1385 ejusdem
555 1347 744 1381 Decretum
771 1358 891 1381 recur-

245 1407 301 1430 sus
320 1395 463 1439 proponi
485 1404 594 1439 potest
613 1406 726 1430 coram
756 1396 886 1430 Praefe-

245 1454 323 1480 cto,
356 1453 388 1478 et
411 1455 571 1489 quaenam
587 1445 630 1479 sit
661 1444 770 1490 praxis
787 1469 795 1478 .
827 1445 889 1478 30.

244 1500 277 1524 et
293 1493 353 1526 81.

195 1540 240 1573 de
267 1539 318 1572 sui
337 1548 453 1572 natura
472 1540 694 1584 Appellabiles
721 1552 885 1585 quaenam

243 1586 334 1624 sint.
360 1595 391 1619 et
419 1587 501 1630 quid
527 1598 683 1624 servetur
711 1590 800 1623 circa
826 1600 882 1622 ea-

243 1631 325 1670 rum¹
349 1634 606 1669 commissiones
623 1660 632 1669 .
652 1640 712 1679 78.

195 1683 305 1729 praxis
324 1685 435 1728 quoad
464 1681 534 1717 illas
556 1682 586 1717 in
617 1684 738 1729 quibus
767 1684 882 1728 appel-

245 1731 327 1766 latio
355 1741 404 1766 est
421 1740 637 1766 controversa
653 1757 662 1767 .

194 1792 343 1828 quaenam
377 1781 488 1815 Rotae
508 1805 521 1819 ,
548 1781 771 1816 Auditoribus
795 1782 882 1820 eius-

243 1831 319 1865 dem
337 1829 388 1863 uti
413 1829 568 1864 Prae-ratis
588 1854 598 1869 ,
625 1839 656 1864 et
681 1829 882 1864 Referenda-

246 1878 304 1913 riis
320 1877 489 1914 committi
520 1880 662 1913 debeant
681 1903 690 1912 .
707 1881 752 1911 66
765 1880 804 1912 ad
823 1880 880 1913 68.

193 1939 360 1974 quaenam
386 1927 544 1963 dicantur
568 1940 710 1973 graves,
741 1927 878 1971 privile-

245 1978 353 2021 giatae
368 2001 380 2016 ,
406 1986 438 2011 et
468 1976 576 2010 minus
603 1988 718 2022 graves
735 2000 743 2009 .
761 1976 829 2010 ibi.

147 2024 386 2061 Cavallerinus
397 2025 543 2066 Joannes
554 2026 697 2066 jacobus
710 2025 881 2061 Romanus

249 2074 437 2110 Cardinalis
467 2075 659 2109 Praefectus
673 2099 682 2109 .
701 2078 756 2111 16.

145 2123 273 2159 Cautio
284 2125 362 2159 loeo
379 2123 601 2168 appositionis
617 2124 766 2158 custodis
779 2135 881 2169 quan-

240 2175 284 2208 do
311 2173 425 2207 locum
459 2173 577 2210 habeat
594 2196 609 2207 .=
627 2174 707 2215 138.

145 2221 332 2256 Cautiones
348 2221 381 2255 in
397 2219 534 2261 Judicio
561 2220 764 2265 suspicionis
781 2222 882 2264 fugae>

243 2270 378 2316 quando
395 2293 409 2309 ,
432 2270 654 2313 etr-quomodo
671 2268 883 2313 recipiendae

241 2319 332 2353 sint.
350 2330 362 2353 1
377 2330 432 2354 12.

146 2367 296 2402 Cencius
317 2366 476 2401 Baldaxar
493 2365 685 2400 Romanus.
713 2364 761 2399 ibi
781 2388 790 2399 .

146 2416 376 2450 Censurarum
404 2426 578 2450 causaean
608 2414 778 2449 redardari
807 2426 884 2457 pos-

242 2464 312 2498 sint
321 2464 538 2499 citationibus
550 2475 663 2499 coram
678 2463 856 2509 Signatum
874 2489 885 2498 .

249 2524 330 2557 139.

148 2560 495 2598 Centum-Cellarum
512 2561 646 2596 Civitas
672 2573 710 2595 an
728 2561 886 2597 subiicia-

251 2620 305 2646 tur
321 2613 456 2647 statuto
474 2611 572 2645 Urbis
589 2634 598 2644 .
617 2620 699 2655 139.

1609 335 1673 366 191

941 375 1069 408 Cer-rus
1089 372 1235 407 Carolus
1251 372 1417 407 Romanus
1434 396 1444 406 .
1466 383 1544 417 107.

940 422 1153 456 Chiaravalle
1194 422 1336 457 Abbatia
1364 423 1395 456 S.
1429 423 1553 471 Mariae
1598 423 1676 457 vIde

1039 471 1280 505 Thesaurarius
1315 469 1478 516 generalis
1502 495 1519 510 ,,
1542 479 1576 505 et
1607 472 1676 505 Ab·

1038 520 1148 552 batiae
1163 543 1178 551 .,

941 566 1080 600 Chisius
1117 567 1252 601 Flavius
1272 592 1283 608 ‚
1304 567 1455 603 Senensis
1483 568 1673 604 Cardinalis

1039 616 1248 650 Praefectus.
1271 620 1329 652 16.

940 662 1075 698 Citatio
1090 666 1131 698 ad
1155 666 1334 699 videndum
1361 667 1498 712 reponi,
1525 666 1606 711 quid
1635 667 1675 702 si-

1034 713 1168 758 gnificet
1185 738 1194 752 ,
1210 723 1240 748 et
1257 715 1410 760 quisnam
1428 717 1499 754 ejus
1516 714 1662 752 effectus

1029 761 1076 795 ibe·
1088 787 1098 795 .
1114 772 1147 797 et
1164 763 1221 809 84.

979 820 1092 845 coram
1130 811 1330 857 Signaturae
1358 812 1540 848 Praefecto
1570 826 1675 860 quan-

1031 860 1075 892 do
1091 882 1100 897 ‚
1131 869 1163 893 et
1180 862 1353 904 quomodo
1371 862 1442 896 fieri
1459 863 1566 906 possit
1581 888 1591 898 .
1615 865 1674 898 80.

935 904 1125 950 Citationes
1155 907 1186 941 in
1216 908 1324 943 causis
1354 920 1468 944 coram
1495 911 1675 951 judicibus

1033 957 1193 1003 delegatis
1224 957 1406 992 aNotariis
1421 959 1575 994 Archivii
1607 969 1678 994 tan-

1035 1017 1106 1040 turn
1150 1006 1360 1051 recipiendae
1387 1030 1398 1045 ‚
1441 1015 1476 1041 et
1513 1006 1674 1054 legendae

1031 1063 1130 1088 sunt.
1147 1054 1220 1088 ibi‘.

980 1101 1086 1138 factae
1117 1115 1135 1137 a
1151 1103 1226 1138 [teis
1243 1115 1354 1138 coram
1373 1104 1514 1140 diversis
1543 1105 1678 1147 judici-

1033 1152 1094 1186 bus
1112 1153 1244 1197 quando
1262 1177 1279 1192 ,γ
1301 1163 1331 1187 et
1347 1155 1523 1198 quomodo
1551 1154 1616 1189 sint
1633 1163 1678 1189 at·

1035 1203 1219 1235 tendendae
1235 1226 1246 1236 .
1267 1214 1278 1236 1
1291 1214 1345 1239 21.

990 1248 1165 1284 intimatae
1197 1263 1310 1285 coram
1346 1253 1522 1298 signatura
1554 1255 1674 1289 eodem

1037 1306 1202 1341 tempore,
1219 1312 1285 1345 quo
1312 1300 1607 1336 intimanturaliae
1636 1304 1677 1347 ad

1033 1348 1231 1383 sententiam
1249 1361 1359 1383 coram
1379 1349 1498 1390 Jutiice
1534 1362 1652 1385 causae
1665 1375 1676 1390 ,

1035 1408 1078 1429 an
1099 1396 1241 1432 afficiant
1255 1397 1333 1442 quin
1355 1399 1463 1433 valida
1491 1399 1680 1434 sitsenten-

1034 1444 1079 1478 tia
1100 1469 1108 1478 .
1129 1456 1207 1487 139·
1222 1449 1364 1493 ad14o.

986 1492 1017 1526 in
1040 1494 1146 1527 Curia
1163 1495 1316 1529 Romana
1344 1507 1444 1540 quare
1460 1497 1570 1531 fianta
1589 1497 1686 1532 Cur-v

1033 1542 1166 1574 soribus
1197 1543 1323 1581 iniussu
1343 1544 1503 1583 Judicum
1521 1569 1530 1578 .
1548 1546 1605 1578 82.

987 1589 1135 1622 refertur
1154 1593 1262 1632 quoad
1281 1591 1475 1628 huiusmodi
1509 1592 1642 1635 praxim
1665 1618 1676 1634 ,

1037 1637 1228 1681 exemplum
1244 1637 1384 1673 aliarum
1402 1639 1675 1676 Ditionumw—ibi

1035 1694 1067 1718 et
1088 1686 1147 1728 83.

985 1743 1049 1766 non
1081 1734 1310 1779 reproductae·
1333 1749 1372 1771 an
1400 1737 1465 1771 sint
1498 1739 1681 1774 attenden-

1031 1783 1092 1817 dae
1107 1807 1116 1816 .
1152 1796 1164 1819 1
1180 1794 1234 1826 13.

982 1841 1041 1874 pro
1059 1832 1276 1874 impedienda
1303 1835 1538 1879 propositione
1553 1848 1675 1874 causae

1033 1881 1062 1913 in
1084 1881 1270 1926 Signatum,
1287 1885 1424 1928 quando
1441 1885 1589 1928 produci
1607 1910 1618 1925 ,
1646 1895 1678 1921 et

1032 1929 1097 1975 legi
1113 1932 1254 1965 debeant
1287 1932 1315 1965 in
1333 1933 1683 1969 AudientiaAudito-

1029 1980 1071 2012 ris
1086 2003 1093 2012 .
1115 1991 1176 2020 91.
1197 1980 1237 2014 ad
1254 1991 1320 2022 92.

982 2027 1104 2072 quibus
1134 2027 1164 2061 in
1194 2029 1302 2063 causis
1332 2042 1396 2064 non
1439 2031 1614 2073 afficiant,
1645 2043 1682 2069 et

1033 2076 1145 2118 sperni
1163 2078 1315 2122 possint.
1335 2090 1414 2121 119.

979 2125 1198 2170 respicientes
1213 2127 1429 2172 Signaturam
1455 2130 1606 2173 primum
1635 2133 1681 2166 fa-

1033 2176 1169 2208 ciendae
1223 2185 1303 2210 sunt
1354 2188 1464 2213 coram
1507 2180 1680 2215 Auditore

1030 2223 1179 2264 exceptis
1192 2226 1301 2259 causis
1318 2226 1549 2261 criminalibus
1566 2251 1575 2261 .
1595 2238 1673 2271 115.

933 2268 1112 2305 Citationis
1148 2273 1189 2305 ad
1223 2273 1405 2308 dicendum
1437 2284 1554 2308 contra
1583 2288 1675 2312 com-

1033 2319 1229 2353 missionem
1244 2322 1377 2365 quinam
1399 2322 1442 2356 sit
1462 2322 1602 2358 effectus
1620 2349 1630 2365 ,
1646 2334 1683 2360 et

1032 2374 1196 2409 quaenam
1216 2368 1326 2414 rorigo
1342 2394 1353 2403 .
1381 2370 1428 2403 ihi
1444 2394 1458 2404 .,
1480 2392 1483 2396 -

934 2415 1154 2463 Citationum
1180 2418 1301 2462 copiae
1316 2422 1450 2463 quando
1470 2443 1479 2459 ‚
1506 2430 1540 2457 et
1555 2432 1621 2468 qua
1635 2423 1678 2458 de

1008 2494 1010 2497 ,
1031 2476 1131 2499 causa
1158 2465 1222 2511 legi
1238 2467 1368 2510 possint
1383 2493 1393 2502 .
1410 2469 1458 2503 ibi
1473 2493 1483 2503 .

986 2515 1204 2559 reproductio
1232 2518 1366 2557 Quando
1391 2541 1401 2558 ,
1436 2528 1471 2554 et
1498 2523 1680 2567 quomodo

1036 2563 1212 2600 facienda.
1232 2565 1290 2610 83.

1621 2621 1682 2657 Ci-
