1993 3195
647 306 677 341 A
715 307 740 340 Ρ
786 309 811 343 Ρ
846 309 871 342 E
910 310 942 342 N
982 310 1016 342 D
1054 311 1066 344 1
1106 311 1133 345 X
1565 322 1608 347 η

148 356 284 401 fragiis,
318 359 354 387 ut
384 363 597 398 nonunquam
613 350 758 394 accidit,
786 357 893 388 adhuc
910 358 1068 390 retardari
1089 359 1285 403 contingat3
1318 358 1475 393 volumus
1496 321 1632 403 pariter}

148 415 247 448 atque
274 401 511 446 praecipimus,
540 410 577 436 ut
603 401 734 447 quotics
764 402 794 436 in
826 402 937 447 aliqua
972 406 1109 444 Causa,
1136 406 1187 439 vel
1220 418 1260 441 ex
1292 406 1428 451 speciali
1461 407 1637 442 Commis-

147 455 239 488 sione
277 451 419 485 Romani
449 450 644 491 Pontificis,
674 451 726 485 vel
746 464 784 486 ex
813 451 978 496 rescripto
1014 451 1115 497 ipsius
1145 456 1266 493 Rotas,
1294 466 1410 488 omnes
1444 456 1632 490 Auditores

145 499 336 545 suffr-agium
369 499 457 535 ferre
474 500 620 540 debent,
653 499 677 533 si
705 500 891 535 Auditorcs
908 500 1065 546 suffragia
1083 501 1226 536 ferentes
1252 502 1393 546 disparis
1417 506 1546 538 numeri
1567 503 1637 540 cxi-

147 560 258 588 stant,
287 549 443 594 antiquus
470 547 565 583 stilus
594 557 771 588 servetur,
803 549 959 585 nimirum
981 551 1070 595 quod
1097 550 1247 585 Auditor
1263 562 1455 597 proponens
1481 553 1636 599 suffragi-

146 611 202 633 um
233 611 296 633 non
323 597 431 639 ferat;
459 598 493 631 Si
520 598 605 632 vero
634 598 786 645 suffragia
815 598 960 634 ferentes
988 598 1051 634 sint
1079 599 1208 634 numeri
1237 600 1324 645 paris
1344 625 1356 641 ,
1389 602 1442 635 vcl
1472 614 1550 637 casu
1581 602 1641 637 ali-

150 661 219 694 quo
246 648 286 682 ad
315 658 491 682 numerum
522 658 634 692 parem
664 648 894 689 reducantur,
919 650 1041 684 debeat
1069 658 1149 685 tunc
1181 648 1212 684 in
1244 650 1311 695 ipsa
1342 651 1453 685 Causa
1485 651 1641 698 suffragi-

152 710 209 732 um
240 697 328 730 ferre
355 696 455 730 etiam
488 696 635 731 Auditor
665 708 855 742 proponens
871 722 881 737 ‚
911 699 949 732 ad
977 701 1040 733 hoc
1056 708 1092 733 ut
1109 698 1211 743 ipsius
1231 700 1351 734 Causae
1367 698 1533 734 resolutio
1551 712 1638 735 sem-

151 757 212 790 per
243 754 274 779 et
308 745 448 779 omnino
477 754 663 790 sequatur,
692 757 751 779 uec
786 748 825 781 de
859 756 1005 787 caetero,
1034 747 1227 782 videntibus
1258 749 1416 783 omnibus
1436 773 1446 789 ,
1476 749 1637 796 suffragia

150 804 318 839 coaequarl
345 803 472 837 possuit
504 818 514 827 .

252 842 483 877 Decernentes
513 845 644 878 easdem
673 852 925 887 praesentes,et
953 843 985 879 in
1012 845 1059 879 eis
1090 852 1248 880 contenta
1276 856 1523 892 quaecumque,
1541 846 1634 881 nullo

149 903 297 937 unquam
332 902 485 936 tempore
516 892 557 926 de
593 892 844 937 subreptionis,
876 894 1108 939 obreptionis,
1137 892 1322 935 nullitatis‚
1358 904 1414 930 aut
1443 894 1634 930 invalidita-

149 942 190 976 tis
219 940 305 974 vitio
321 965 331 978 ‚
357 952 415 975 seu
447 939 639 975 intentionis
665 951 812 982 nostrae,
841 952 899 977 aut
916 943 982 977 alio
1002 943 1122 989 quovis
1139 942 1273 978 defectu
1297 968 1306 983 ,
1323 944 1423 979 etiam
1446 954 1628 989 quantum-

149 990 199 1025 viS
230 1001 376 1035 magnO,
412 990 664 1036 inexcogitato,
693 1000 725 1024 ct
745 991 979 1031 substantiali,
1012 992 1086 1026 sive
1111 1004 1152 1027 ex
1182 1004 1246 1031 eo,
1275 995 1366 1038 quod
1385 993 1414 1027 in
1431 994 1628 1037 praemissis,

150 1051 210 1074 seu
240 1050 357 1073 eorum
386 1037 499 1084 aliquo
519 1063 528 1078 ,
560 1040 816 1080 solemnitates,
844 1049 877 1075 et
902 1040 1028 1087 quaevis
1059 1040 1123 1076 alia
1152 1043 1338 1081 servanda,
1373 1050 1407 1076 et
1439 1041 1634 1085 adimplen-

149 1089 189 1123 da
208 1112 217 1127 ,
245 1096 398 1126 servata,
425 1098 459 1121 et
484 1087 664 1132 adimpleta
689 1100 752 1122 non
782 1089 933 1129 fuerint,
960 1098 1018 1124 aut
1047 1102 1088 1125 ex
1119 1089 1244 1136 quovis
1274 1089 1342 1124 alio
1374 1090 1631 1134 capiteajure,

149 1136 205 1171 vel
233 1136 349 1175 facto,
376 1147 431 1170 aut
462 1145 588 1171 statuto
605 1161 615 1177 ,
643 1149 702 1171 seu
731 1139 975 1173 consuetudine
1005 1138 1213 1178 resultante,
1246 1147 1304 1174 aut
1331 1151 1548 1185 quocumque
1567 1139 1632 1174 alio

151 1186 291 1223 colore,
323 1186 499 1220 occasione
527 1185 581 1219 vel
612 1197 707 1220 causa
724 1210 734 1225 ‚
768 1187 866 1222 etiam
900 1187 980 1228 tali,
1007 1199 1081 1234 quae
1109 1188 1150 1223 ad
1165 1187 1320 1223 effectum
1347 1187 1531 1223 validitatis
1556 1199 1640 1233 prae·

151 1234 334 1269 missorum
365 1234 554 1268 necessario
569 1235 789 1279 exprimenda
804 1236 916 1276 foret,
943 1237 1077 1277 notari,
1107 1237 1328 1285 impugnari,
1357 1235 1560 1277 invalidari‚
1589 1249 1639 1272 re-

152 1283 314 1322 tractari,
344 1282 376 1316 in
404 1283 456 1321 jus
473 1308 482 1323 ,
512 1282 565 1317 vel
595 1284 860 1320 controversiam
887 1286 1063 1326 revocari,
1091 1294 1148 1321 aut
1173 1288 1330 1321 adversus
1355 1285 1423 1321 illas
1445 1287 1638 1333 quodcum-

151 1343 220 1376 que
249 1331 364 1372 juris,
392 1332 496 1372 facti,
519 1334 655 1377 gratiae,
689 1332 743 1367 vel
770 1334 907 1372 iustitiae
933 1335 1122 1370 remedium
1144 1335 1317 1379 impetrari
1340 1347 1462 1380 posse,
1493 1346 1553 1369 nec
1571 1336 1634 1370 sub

151 1379 230 1413 ullis
259 1381 487 1422 specialibus,
515 1382 567 1415 vel
592 1382 802 1426 generalibus
829 1383 1018 1423 similium,
1049 1384 1103 1419 vel
1131 1383 1344 1418 dissimilium
1376 1384 1556 1428 gratiarum
1587 1395 1643 1418 re-

152 1427 414 1467 vocationibus,
448 1429 783 1470 modificationibus,
809 1432 1112 1476 suspensionibus,
1148 1433 1409 1467 limitationibus
1430 1457 1440 1472 ,
1475 1441 1533 1467 aut
1567 1431 1640 1467 aliis

153 1474 335 1510 contrariis
353 1476 630 1521 dispositionibus
644 1490 704 1521 pro
719 1488 875 1523 tempore
888 1479 1146 1523 quomodolibet
1158 1479 1319 1514 faciendis
1337 1504 1348 1519 ,
1377 1480 1637 1525 comprehendi,

152 1525 210 1558 sed
239 1535 373 1568 semper
396 1526 435 1559 ab
467 1524 531 1559 illis
546 1536 685 1570 excepta
705 1549 714 1565 ,
737 1536 971 1572 perpetuoque
1003 1526 1137 1568 valida,
1169 1529 1292 1567 firma,
1323 1537 1356 1563 et
1386 1529 1537 1564 efficacia
1563 1528 1639 1564 exi-

155 1581 240 1606 stere
270 1580 303 1604 et
331 1572 427 1611 fere,
460 1584 497 1606 ac
525 1575 565 1606 ab
590 1575 745 1610 omnibus
776 1586 807 1610 et
828 1575 969 1622 singulis
997 1576 1040 1608 ad
1068 1587 1151 1620 quos
1179 1585 1333 1619 spectat,
1364 1585 1400 1610 et
1426 1576 1648 1621 quomodoli-

153 1622 210 1655 bet
239 1620 404 1665 spectabit
432 1620 465 1654 in
493 1621 671 1661 futurum,
701 1623 945 1658 inviolabiliter
984 1623 1178 1662 observari,
1212 1632 1246 1657 et
1272 1624 1448 1669 adimpleri
1480 1625 1604 1659 debere
1627 1649 1638 1660 .

251 1669 398 1714 Simque,
427 1677 459 1704 et
484 1681 547 1703 non
582 1669 704 1710 aliter,
739 1669 770 1704 in
797 1672 975 1715 praemissis
1004 1671 1163 1707 omnibus
1195 1680 1229 1706 et
1257 1672 1397 1718 singulis
1427 1684 1487 1718 per
1515 1674 1638 1719 praedi-

154 1728 227 1754 ctos
258 1728 291 1752 et
314 1719 396 1753 alios
426 1731 659 1765 quoscumque
687 1718 822 1759 ,ludices
849 1720 1050 1754 Ordinarios
1067 1744 1080 1760 ,
1097 1729 1133 1756 et
1160 1721 1347 1768 Delegatos
1365 1746 1374 1762 ,
1399 1722 1501 1758 etiam
1540 1723 1638 1757 Cau-

153 1779 266 1804 sarum
285 1767 399 1802 Palatii
422 1768 617 1813 Apostolici
636 1768 842 1808 Auditores‚
856 1781 893 1804 ac
911 1771 1060 1810 ejusdem
1080 1771 1113 1804 S.
1132 1770 1174 1804 R.
1195 1772 1231 1804 E.
1247 1771 1448 1806 Cardinales
1466 1796 1477 1812 ,
1507 1771 1538 1805 in
1552 1784 1640 1818 qua·-

155 1817 206 1852 vis
240 1817 378 1856 Causa,
404 1826 436 1852 et
470 1817 648 1856 instantia,
678 1817 810 1852 sublata
835 1818 906 1857 eis,
935 1827 970 1853 et
1000 1829 1118 1853 eorum
1142 1819 1283 1854 cuilibet
1315 1821 1437 1864 quavis
1466 1819 1563 1855 aliter
1592 1821 1644 1860 iu·

155 1866 320 1906 dicandi,
343 1875 377 1900 et
404 1866 644 1912 interpretandi
676 1864 859 1907 facultate,
885 1875 918 1901 et
945 1866 1169 1907 auctoritate,
1196 1867 1338 1906 iudicari
1356 1879 1389 1903 et
1419 1870 1553 1905 definiri
1582 1870 1642 1904 de-

154 1916 259 1953 bere;
287 1914 418 1950 irritum
449 1927 611 1961 quoque,
640 1922 674 1949 et
701 1914 795 1949 inane
813 1938 824 1955 ,
850 1915 877 1950 si
893 1927 988 1951 secus
1006 1927 1107 1962 super
1122 1916 1172 1952 his
1198 1929 1404 1964 aquoquam
1424 1918 1542 1964 quavis
1571 1930 1633 1953 au·

156 1963 316 1998 ctoritate
341 1966 488 2000 scienter
515 1965 568 2000 vel
601 1965 797 2010 ignoranter
825 1965 1008 2011 contigerit
1042 1965 1197 2001 attentari
1215 1990 1224 1999 .

256 2012 491 2059 Qamobrem
521 2012 660 2049 Dilecto
691 2012 779 2048 Filio
796 2014 960 2061 Magistro
977 2014 1150 2050 Clementi
1169 2014 1438 2061 Argenvillieres
1455 2039 1465 2056 ‚
1491 2015 1635 2056 Nostro,

154 2066 189 2094 et
213 2072 273 2105 pro
303 2072 458 2106 tempore
487 2063 642 2099 existenti
674 2063 817 2098 Romani
847 2063 1039 2099 Frontificis
1070 2064 1259 2105 Auditori,
1300 2077 1362 2110 per
1390 2066 1524 2100 easdem
1554 2076 1634 2110 prae-

154 2118 261 2144 sentes
276 2111 522 2146 committimus
542 2121 576 2146 et
591 2111 795 2156 iniungimus
809 2136 820 2152 ‚
837 2115 993 2158 quatenus
1010 2113 1204 2153 hujusmodi
1233 2115 1480 2149 ordinationem
1500 2137 1511 2154 ‚
1525 2113 1640 2149 decla-

157 2159 320 2194 rationem
337 2183 348 2198 ,
375 2167 538 2194 statutum
559 2183 570 2199 ,
585 2159 714 2204 aliaque
731 2162 897 2203 praemissa
912 2162 1079 2206 perpetuo
1096 2163 1137 2197 ab
1151 2163 1307 2198 omnibus
1325 2187 1336 2203 ‚
1354 2171 1389 2198 et
1412 2162 1576 2209 singulis,
1594 2162 1635 2197 ad

157 2216 240 2250 quos
264 2215 415 2250 spectat,
442 2217 476 2242 et
503 2219 564 2252 pro
584 2217 736 2252 tempore
762 2208 947 2254 spectabit,
962 2210 1104 2244 firmiter
1128 2219 1163 2244 et
1179 2210 1423 2246 inviolabiliter
1436 2211 1608 2246 observari
1626 2233 1637 2251 ,

160 2261 194 2288 et
217 2255 392 2300 adimpleri
422 2254 542 2294 faciat,
570 2265 604 2289 et
635 2258 796 2290 mandet:
825 2269 891 2291 non
917 2259 1113 2302 permittens
1133 2271 1190 2295 eos
1206 2283 1216 2299 ,
1244 2271 1389 2304 quorum
1409 2261 1560 2296 favorem
1581 2259 1640 2295 illa

161 2304 346 2348 respective
373 2311 604 2343 concernunt,
620 2302 654 2337 in
684 2303 858 2350 praemissis
890 2306 1153 2350 quomodolibet
1174 2307 1324 2341 indebite
1343 2308 1519 2343 molestari
1535 2330 1546 2342 .

260 2353 336 2388 Non
349 2353 558 2389 obstantibus
576 2361 640 2387 etc.

260 2400 354 2435 Nulli
370 2414 449 2449 ergo
467 2411 531 2438 etc.

261 2450 386 2485 Datum
404 2452 520 2488 Romae
535 2452 622 2498 apud
639 2450 671 2484 S.
686 2450 827 2486 Mariam
859 2450 1027 2490 Maiorem
1054 2452 1155 2487 Anno
1172 2452 1411 2491 Incarnationis
1440 2454 1637 2491 Dominicae

172 2498 446 2536 MDCCXLVI.
460 2502 563 2538 Sexto
590 2501 705 2537 Nonas
723 2501 891 2537 Octobris
906 2500 1127 2537 pontificatus
1141 2502 1261 2539 Nostri
1276 2505 1375 2540 Anno
1398 2505 1476 2541 VII.

993 2612 1014 2646 q
1041 2609 1060 2633 2
1425 2601 1472 2638 N.
1490 2600 1653 2638 xxxv1.
