1993 3195
628 353 1110 396 APPENDIx
1490 358 1607 399 .169

794 450 953 497 XLIX.

174 535 313 595 Breve
345 541 415 589 ss,
438 543 499 591 D.
517 539 578 589 Ν.
610 543 689 590 ΡΡ.
723 545 795 591 Ριι
821 521 904 591 vn
929 560 1019 612 quo
1054 544 1285 611 Privilegia
1322 543 1582 598 Consulatus

323 615 520 664 Anconae
535 648 550 670 ,
569 612 716 664 denuo
741 614 1032 688 approbantur
1047 651 1062 673 ,
1084 629 1130 668 et
1159 616 1438 688 ampliantur.

696 742 726 771 P
739 739 755 770 I
770 739 796 770 D
813 741 833 772 S
873 743 903 772 P
916 742 960 773 Ῥ.
996 742 1064 774 VI.

581 787 643 820 Ad
664 793 856 833 perpetuam
883 789 933 822 rei
957 788 1150 824 memoriam
1170 811 1179 822 .

246 880 374 917 Tilitati
391 905 401 922 ,
429 881 561 927 quieti,
589 895 625 918 ac
655 883 886 919 commoditati
904 884 1135 920 Mercatorum
1156 884 1309 918 omnium
1330 906 1340 923 ‚
1369 884 1427 928 qui
1454 885 1492 918 ad
1510 885 1624 919 Ancos

251 931 399 966 nitanum
431 931 571 966 Portum
591 944 626 966 se
644 931 862 967 contulissent
891 942 1029 977 paterna
1054 933 1214 967 charitate
1242 931 1419 966 consulere
1445 932 1620 976 cupientes

136 978 283 1014 Romani
316 980 491 1024 pontifices
515 980 778 1015 Praedecessores
802 981 905 1016 nostri
921 981 952 1015 id
971 993 1072 1016 unum
1090 993 1157 1026 prae
1172 981 1299 1016 caeteris
1315 980 1412 1014 enixe
1427 979 1619 1018 voluerunt,

136 1037 176 1062 ut
204 1039 426 1074 quaecumque
451 1028 540 1064 Lites
560 1053 570 1069 ,
598 1038 630 1064 et
646 1029 897 1064 Controversiae
912 1029 997 1064 inter
1011 1030 1099 1075 ipsos
1120 1028 1528 1075 quomodolibetoriturae
1546 1029 1624 1062 bre-

135 1076 225 1111 viori
241 1101 251 1115 ,
283 1089 351 1122 quo
367 1077 435 1113 fieri
454 1086 567 1121 posset
584 1102 594 1117 ‚
624 1087 776 1123 tempore
791 1077 1012 1113 definirentur
1026 1102 1036 1118 ‚
1066 1087 1099 1114 et
1116 1078 1370 1113 absolverentur
1385 1101 1395 1117 ‚
1423 1085 1462 1111 ut
1475 1077 1520 1119 ita
1533 1076 1622 1110 Mer-

134 1126 311 1160 catoribus
332 1138 350 1159 a
372 1125 483 1161 litium
510 1127 705 1172 ambagibus
727 1126 883 1160 celeriter
909 1127 1072 1172 expeditis
1103 1127 1359 1161 commercium
1379 1126 1410 1160 in
1442 1124 1622 1169 publicuml

135 1174 263 1208 bonum
291 1174 420 1220 magis,
450 1176 622 1220 magisque
651 1174 775 1209 ibidem
808 1175 1064 1215 effloresceret‚
1092 1187 1128 1209 ac
1160 1183 1339 1221 augeretur
1364 1199 1374 1210 .
1405 1173 1480 1208 Hac
1507 1172 1620 1217 itaque

135 1223 176 1257 de
194 1233 229 1256 re
250 1234 318 1267 prae
335 1223 461 1258 caeteris
490 1223 548 1257 fel.
577 1233 644 1258 rec.
662 1223 822 1257 Clemens
849 1224 916 1257 1³1³.
934 1224 1030 1258 VIII.
1054 1225 1283 1258 Praedecessor
1312 1231 1426 1257 noster
1455 1232 1514 1264 per
1542 1231 1617 1255 suas

135 1272 196 1306 sub
226 1270 366 1315 plumbo
400 1283 484 1306 anno
500 1271 742 1306 Incarnationis
771 1271 912 1306 Domini
931 1273 1162 1308 M.D.Lxxxtv.
1190 1281 1312 1308 octavo
1332 1272 1411 1305 Idus
1427 1269 1543 1304 Martii
1562 1279 1620 1302 ex-

134 1318 261 1365 peditas
281 1319 422 1355 Litteras
451 1320 636 1365 apostolica
655 1320 852 1355 auctoritate
877 1320 1091 1357 confirmavit
1104 1321 1216 1355 omnia
1231 1318 1415 1365 Privilegia
1440 1317 1472 1352 in
1490 1328 1617 1362 cogno-

133 1368 264 1403 scendis
291 1369 399 1404 causis
428 1369 514 1403 inter
531 1370 760 1408 Mercatores,
786 1369 858 1403 sive
876 1369 958 1404 alios
974 1381 1206 1415 quoscumque
1237 1370 1366 1404 Incolas
1384 1391 1394 1407 ,
1425 1366 1496 1402 sive
1518 1366 1619 1399 Exte-

134 1427 190 1451 ros
215 1417 394 1452 occasione
429 1418 653 1459 Mercaturae‚
683 1426 716 1452 et
744 1417 980 1473 Nengociorum
1011 1418 1206 1453 huiusmodi
1237 1429 1300 1463 pro
1328 1424 1483 1461 tempore
1514 1412 1617 1449 motis

135 1471 202 1498 tam
231 1465 262 1497 in
281 1466 389 1509 prima
408 1489 417 1504 ,
448 1478 547 1511 quam
574 1466 606 1500 in
621 1468 767 1501 secunda
793 1466 954 1501 instantiis
971 1466 1055 1501 intra
1083 1466 1270 1501 Civitatem
1297 1466 1405 1511 ipsam
1437 1461 1619 1498 Anconita-

78 1536 81 1539 -
133 1523 211 1547 nam
229 1535 240 1551 ‚
268 1523 330 1546 nec
358 1513 436 1546 alibi
454 1514 704 1554 examinandis,
726 1523 759 1548 et
773 1514 989 1548 terminandis
1010 1527 1072 1557 per
1086 1525 1323 1560 quoscumque
1343 1513 1612 1546 l‘raedecessores

133 1568 214 1595 tunc
228 1571 328 1598 suos,
354 1572 441 1594 nunc
456 1569 586 1594 nostros
607 1560 868 1605 quomodolibet
882 1572 1064 1601 coucessa;
1090 1570 1190 1608 atque
1206 1561 1344 1614 insuper
1363 1557 1548 1602 praecepit,
1576 1563 1617 1591 ut

133 1606 376 1644 controversias
391 1629 402 1645 ,
433 1614 467 1640 et
483 1607 558 1640 lites
571 1608 765 1646 huiusmodi
795 1620 892 1653 quam
910 1608 1099 1646 citissime,
1127 1617 1161 1640 et
1188 1608 1328 1641 minimo
1349 1605 1529 1649 dispendio
1550 1612 1619 1640 ter-

134 1656 330 1691 minentur.
363 1653 478 1699 ibique
495 1662 674 1699 propterea
691 1656 802 1689 erexit
814 1679 824 1693 ,
856 1664 957 1701 atque
971 1654 1121 1689 instituit
1141 1653 1304 1688 Tribunal
1318 1653 1525 1688 Consulatus
1542 1653 1625 1688 nun}

135 1713 247 1749 cupat.
263 1703 498 1749 iniungendo,
525 1711 563 1738 ut
579 1705 676 1736 Anno
697 1701 850 1747 quolibet
865 1715 905 1737 ex
921 1714 1061 1737 nurnero
1077 1703 1123 1737 ibi
1147 1701 1362 1737 existentium
1387 1702 1619 1737 Mercatorum

134 1762 202 1787 tres
219 1752 388 1788 Consules
404 1752 609 1798 eligerentur
626 1775 636 1791 ,
671 1762 816 1796 quorum
836 1774 847 1789 ‚
876 1750 928 1785 vel
952 1752 1096 1786 duorum
1116 1764 1155 1786 ex
1185 1751 1231 1786 eis
1258 1750 1469 1791 conjunctim
1498 1761 1619 1795 proce-

133 1800 285 1836 dentium
311 1799 439 1840 iudicio
455 1811 560 1835 causae
578 1811 693 1834 omnes
711 1799 799 1834 inter
821 1799 1048 1843 Mercatores‘
1039 1799 1184 1835 invicem
1203 1824 1216 1855 '.
1243 1799 1297 1834 vel
1323 1801 1408 1834 inter
1425 1797 1500 1839 illos
1521 1822 1532 1839 ,
1558 1805 1616 1832 aut

135 1849 214 1885 alias
239 1860 395 1896 personas
413 1873 424 1889 ‚
451 1849 625 1884 autetiam
644 1849 730 1882 inter
751 1848 828 1883 alias
847 1859 1077 1894 quascumque
1104 1848 1284 1885 occasione
1312 1848 1517 1883 Mercatore
1536 1857 1620 1892 quo-

133 1898 325 1935 modolibet
351 1907 430 1932 tunc
459 1907 583 1937 motae,
610 1898 877 1942 etimposterum
901 1899 1076 1932 movendae
1102 1896 1311 1937 summarie,
1338 1896 1560 1942 simpliciter,
1588 1902 1626 1927 et

135 1951 176 1982 de
195 1946 316 1993 plan0‚
346 1947 416 1981 sine
430 1947 596 1991 strepitu,
625 1955 657 1980 et
675 1947 781 1990 figura
795 1945 913 1986 judicii
928 1956 1239 1990 cognoscerentur,
1271 1945 1490 1984 audirentur,
1517 1951 1551 1977 et
1566 1943 1624 1976 de-

135 1996 357 2036 ciderentur,
385 2007 421 2030 ac
449 1995 527 2030 alias
557 2004 657 2040 prout
674 1993 704 2027 in
723 1994 826 2039 ipsius
857 1994 1048 2029 Clementis
1064 1994 1322 2030 Prxdec'essoris
1342 1993 1475 2028 Litteris
1504 1990 1623 2037 praefa-

136 2045 177 2079 tis
197 2068 206 2083 ‚
236 2055 377 2090 quarum
393 2052 545 2079 tenorem
574 2043 789 2085 ptaesentibus
810 2055 871 2089 pro
889 2055 1047 2088 expresso
1065 2067 1075 2082 ,
1101 2052 1135 2077 et
1149 2043 1275 2078 inserto
1300 2043 1415 2078 haberi
1435 2043 1594 2077 volumus
1609 2062 1620 2078 ,

138 2092 270 2138 plenius
299 2092 519 2127 continetur.
546 2093 769 2127 Postmodum
802 2093 988 2127 veroidem
1021 2091 1181 2127 Clemens
1213 2092 1469 2131 Praedecessor,
1497 2099 1534 2124 ut
1550 2099 1627 2133 pro-

137 2141 193 2177 cul
212 2143 362 2176 abessent
378 2141 542 2176 nonnullae
564 2140 764 2186 quaestiones
780 2165 790 2181 ,
811 2153 883 2187 quae
904 2143 1013 2187 quoad
1030 2140 1230 2186 privativam
1246 2140 1515 2180 iurisdictionem
1533 2138 1626 2172 Con-

136 2190 246 2224 sulum
265 2190 457 2229 hujusmodi
477 2201 582 2232 usque
615 2199 693 2222 tunc
723 2190 902 2224 exordium
933 2192 1121 2224 habuerunt
1139 2214 1149 2230 ‚
1180 2201 1239 2234 per
1252 2201 1326 2224 suas
1343 2189 1374 2223 in
1393 2186 1492 2223 simili
1517 2187 1628 2220 forma

140 2237 260 2273 Brevis
277 2236 380 2279 die3.
395 2235 604 2271 Novembris
628 2237 674 2269 M.
680 2247 790 2270 mxcv,
809 2237 980 2280 expeditas
1015 2238 1157 2271 Litteras
1185 2237 1325 2275 statuit,
1356 2234 1565 2272 declaravit,
1593 2239 1627 2265 et

142 2284 276 2323 voluit,
306 2294 370 2317 non
388 2283 497 2316 solum
525 2294 582 2316 eos
603 2284 809 2317 Mercatores
824 2307 834 2321 ,
861 2285 917 2327 qui
934 2285 1064 2317 Merces
1096 2296 1194 2323 suas,
1221 2293 1257 2319 ut
1273 2292 1394 2318 vocant
1409 2307 1419 2322 ‚
1459 2284 1497 2317 ad
1527 2281 1628 2313 Gros-

142 2345 215 2369 sum
230 2357 242 2373 ,
276 2333 332 2366 sed
349 2331 447 2366 etiam
461 2331 517 2376 qui
533 2330 704 2364 Fundacos
721 2353 731 2368 ‚
762 2339 795 2363 et
810 2331 1007 2384 Apothecas
1024 2332 1206 2369 haberent,
1236 2339 1268 2363 et
1283 2338 1478 2365 exercerent
1496 2328 1628 2362 ratione

145 2381 314 2418 Mercium
347 2392 506 2418 suarum,
537 2380 635 2413 etiam
654 2388 727 2424 quae
755 2377 908 2413 minutim
926 2402 936 2416 ,
965 2386 998 2411 et
1023 2378 1156 2412 diaetim
1174 2379 1424 2418 venderentur,
1451 2388 1629 2424 quoscum-

147 2442 212 2476 que
231 2439 348 2465 eorum
365 2430 535 2464 debitores
552 2452 563 2467 ,
591 2427 690 2462 etiam
708 2425 814 2460 Cives
833 2425 1061 2460 Anconitanos
1076 2449 1085 2466 ,
1112 2436 1423 2473 quantumcumque
1437 2424 1631 2472 privilegia-

148 2488 197 2514 tos
215 2502 224 2518 ,
253 2486 286 2512 et
304 2488 476 2524 exemptos
499 2487 564 2512 tam
580 2488 698 2522 v1g0re
727 2475 1056 2531 instrumentorum,
1080 2487 1181 2521 quam
1220 2477 1416 2520 partitarum
1445 2476 1628 2510 Librorum

146 2526 391 2562 mercantilium
406 2550 417 2566 ,
442 2526 651 2570 aliarumque
680 2535 973 2570 quarumcumque
992 2524 1233 2568 scripturarum
1250 2536 1362 2560 coram
1380 2524 1477 2560 dictis
1496 2524 1631 2559 Consu

148 2576 236 2613 libus
254 2599 264 2616 2
283 2586 314 2610 et
328 2575 502 2616 judicibus
529 2573 763 2622 appellationis
783 2573 970 2619 respective
985 2573 1166 2609 convenire
1182 2597 1192 2614 ,
1209 2583 1242 2609 et
1256 2574 1405 2610 vicissim
1435 2584 1546 2609 coram
1578 2572 1635 2607 iis·

1125 2635 1149 2669 y
1558 2622 1634 2656 dem
