1993 3195
672 321 703 354 A
745 320 771 353 Ρ
809 321 836 353 Ρ
875 320 899 353 Ε
943 322 975 355 N
1019 322 1051 355 D
1096 323 1111 357 1
1150 321 1180 356 X
1595 331 1660 364 1¹5

187 371 239 407 vel
256 369 447 413 ignoranter
465 366 644 411 contigerit
660 368 838 407 attentari;
868 378 931 400 non
960 371 1172 404 obstantibus
1186 367 1502 404 Constitutionibus
1518 391 1528 407 ‚
1555 378 1587 403 et
1613 383 1668 407 or-

186 415 409 454 dinationibus
428 414 631 462 Apostolicis
653 439 663 455 ‚
694 414 890 458 caeterisque
919 417 1094 450 contrariis
1121 417 1389 462 quibuscumque
1410 441 1419 450 .
1447 417 1572 450 Datum
1597 421 1667 453 Ro.

184 478 245 503 mae
274 465 363 508 apud
398 465 546 500 Sanctam
573 463 715 498 Mariam
746 461 912 501 Maiorem
947 465 1007 500 sub
1034 463 1147 498 Anulo
1175 465 1354 499 piscatoris
1394 465 1449 498 die
1480 475 1548 499 vu-
1573 465 1662 506 ,lunii

188 514 456 552 MDCCXLVI.
489 511 706 548 Pontificatus
740 510 846 546 nostri
873 513 972 547 Anno
991 522 1110 548 sext0.

789 610 852 658 N.
877 612 1068 660 XXXV.

255 710 528 759 Constitutio
549 706 770 758 Benedicti
783 711 903 758 xiv.
922 725 1003 777 qua
1022 710 1223 757 asseritur
1239 706 1462 757 distinctio
1477 711 1588 759 inter

336 786 494 832 Causas
517 781 722 840 Rotales,
763 794 807 830 et
822 781 1090 835 Praelatitias,
1127 799 1175 828 ac
1200 782 1295 843 Jura
1315 783 1529 830 Notario-

368 874 465 907 rum
486 853 728 910 scribendi,
747 866 791 903 et
808 850 1013 904 actitandi
1048 856 1093 902 in
1124 853 1206 902 illis
1241 857 1488 924 respective

769 926 1058 998 praefiniuntur
1086 961 1098 974 .

244 1050 375 1086 Ustitiae
405 1058 436 1084 et
466 1050 554 1096 pacis
589 1050 745 1085 custodes
776 1058 808 1084 et
840 1050 1051 1088 adsertores,
1079 1059 1143 1082 non
1173 1047 1282 1083 solum
1311 1045 1344 1081 in
1376 1046 1528 1082 universa
1559 1046 1674 1081 Eccle-¹

243 1101 290 1135 sia
311 1099 468 1139 Christi,
497 1103 554 1134 sed
592 1098 690 1132 etiarn
723 1100 752 1133 in
788 1100 934 1139 subjecta
959 1097 1121 1143 gubernio
1150 1105 1263 1131 nostro
1290 1095 1476 1141 Republica
1497 1118 1507 1134 ‚
1536 1107 1553 1129 a
1591 1095 1670 1129 Deo

184 1148 382 1187 constituti,
408 1148 439 1182 in
468 1149 499 1182 id
530 1147 673 1181 libenter
700 1147 810 1182 studia
839 1156 949 1181 nostra
970 1145 1196 1185 conferimus,
1224 1153 1262 1180 ut
1279 1143 1464 1189 unicuique
1490 1145 1540 1183 ius
1570 1155 1667 1177 suurn

183 1196 358 1243 aequaliter
391 1198 578 1236 reddatur;
606 1204 643 1230 ut
668 1195 888 1241 negociorum
924 1205 957 1230 et
988 1196 1174 1229 Causarum
1194 1216 1206 1233 ,
1229 1204 1302 1240 quae
1335 1193 1366 1227 in
1394 1190 1546 1227 'Romana
1567 1191 1678 1237 potis·

183 1245 307 1281 simum
338 1245 447 1280 Curia
474 1254 658 1280 tractantur
697 1255 728 1280 et
758 1244 928 1290 agitantur
948 1268 957 1284 ,
984 1242 1232 1278 ordinatissima
1260 1241 1346 1277 ratio
1375 1250 1532 1280 constet;
1558 1239 1670 1275 subla-

183 1295 296 1340 tisque
315 1304 427 1329 rerum
456 1293 732 1334 confusionibus,
763 1302 796 1328 et
826 1293 934 1328 noxiis
951 1290 1193 1331 dilationibus,
1224 1289 1397 1332 judiciales
1427 1288 1668 1325 controversias

183 1355 248 1378 non
278 1343 384 1377 minus
414 1353 543 1378 rectum
559 1367 570 1382 ,
591 1343 689 1390 quarn
711 1342 906 1387 expeditum
921 1352 1055 1377 cursum
1081 1350 1115 1377 et
1142 1341 1240 1387 finem
1262 1338 1466 1375 obtineant.

281 1392 388 1431 sane,
414 1403 491 1426 cum
519 1391 600 1426 olim
629 1392 895 1436 unumquodque
921 1389 1084 1425 Romanae
1114 1388 1231 1424 Curiae
1247 1387 1406 1423 Tribunal
1423 1411 1432 1427 ‚
1458 1387 1667 1432 proindeque

183 1439 373 1474 Causarum
401 1451 539 1484 quoque
556 1440 671 1474 Palatii
696 1440 886 1485 Apostolici
913 1439 1130 1474 Auditorium
1146 1462 1156 1477 ‚
1172 1450 1248 1473 suos
1268 1438 1424 1482 proprios
1439 1437 1574 1470 haberet
1598 1435 1674 1468 No-

183 1488 308 1527 tarios,
334 1495 366 1521 et
396 1488 570 1521 dumtaxat
601 1489 635 1521 S.
651 1489 694 1522 R.
710 1489 746 1522 E.
771 1485 992 1525 Cardinales,
1024 1498 1061 1520 ac
1089 1485 1192 1528 ipsius
1219 1484 1335 1519 Curiae
1361 1482 1522 1522 Praelati,
1550 1483 1672 1528 quibus

182 1547 244 1582 per
272 1535 433 1579 speciales
461 1535 607 1570 Romani
635 1536 806 1572 Pontificis
834 1533 1101 1569 Commissiones
1128 1532 1354 1578 peculiarium
1384 1533 1573 1566 Causarum
1612 1541 1675 1564 co-

183 1583 367 1631 gnitionem
396 1582 566 1616 interdum
597 1583 742 1629 delegari
770 1583 1008 1629 contingebat,
1040 1584 1150 1616 cer‘tOs
1180 1592 1218 1616 ac
1238 1580 1395 1626 proprios
1423 1579 1586 1614 Notarios
1605 1589 1670 1612 non

182 1634 372 1672 haberent3
410 1630 554 1676 ideoque
580 1631 724 1675 quilibet
751 1633 902 1674 ipsorum
930 1632 971 1666 ad
987 1629 1227 1668 scribendum,
1249 1637 1284 1664 et
1311 1627 1512 1662 actitandum
1532 1626 1563 1673 in
1580 1626 1672 1661 Cau·

184 1682 226 1717 sis
243 1679 497 1716 Commissariis
512 1679 707 1718 huiusmodi
723 1690 975 1725 quemcumque
989 1679 1159 1714 maluisset
1171 1676 1355 1713 Notarium
1375 1686 1435 1722 pro
1450 1674 1592 1710 arbitrio
1608 1686 1674 1710 suo

184 1740 352 1766 assumere
373 1728 495 1763 soleret
511 1739 521 1768 ;
536 1727 642 1763 felicis
664 1727 906 1763 recordationis
919 1726 1031 1768 Julius
1046 1727 1132 1771 Papa
1148 1725 1193 1762 11.
1211 1726 1441 1761 Praedecessor
1466 1724 1594 1759 Noster
1611 1732 1671 1769 per

183 1790 277 1816 suam
299 1778 466 1823 perpetuo
492 1776 670 1812 valituram
696 1776 986 1812 Constitutionem
1013 1800 1024 1816 ,
1053 1776 1115 1811 sub
1142 1777 1256 1810 datum
1285 1773 1445 1809 Kalendis
1464 1772 1669 1808 Decembris

184 1827 402 1863 Pontificatus
430 1826 481 1861 sui
511 1828 610 1860 Anno
625 1825 742 1873 quinto
756 1850 767 1866 ,
794 1826 836 1860 de
854 1826 1007 1862 Fratrum
1027 1835 1165 1859 suorum
1182 1832 1264 1858 tunc
1286 1820 1502 1859 existentium
1525 1822 1557 1856 S.
1575 1821 1617 1855 R.
1634 1820 1672 1855 E.

183 1876 417 1912 Cardinalium
446 1875 586 1911 consilio
616 1885 794 1910 etassensu
810 1874 957 1914 editam,
985 1872 1213 1920 quaeincipit:
1242 1872 1332 1906 sicut
1345 1872 1519 1918 prudens,
1550 1869 1674 1904 Colle-

183 1926 276 1972 gium
304 1934 438 1961 centum
457 1933 490 1959 et
509 1925 608 1959 unius
626 1924 788 1960 Virorum
804 1947 815 1962 ,
839 1923 896 1970 qui
915 1923 1105 1967 Scriptores
1125 1919 1281 1957 Archivii
1313 1920 1480 1965 praedictae
1511 1918 1671 1953 Romanae.

182 1976 302 2010 Curiae
329 1982 608 2020 nuncuparentur
623 1998 634 2014 ,
654 1972 852 2019 Apostolica
871 1970 1072 2008 auctoritate
1099 1970 1232 2011 erexit,
1267 1968 1416 2009 creavit,
1448 1976 1481 2002 et
1496 1966 1641 2002 instituit
1661 1978 1673 2007 ;

182 2034 267 2068 quos
298 2024 436 2070 quidem
459 2022 650 2068 Scriptores
675 2022 783 2058 voluit
811 2032 842 2057 et
872 2021 1041 2057 mandavit
1055 2018 1217 2055 Notarios
1245 2018 1401 2062 deinceps
1429 2028 1499 2052 esse
1514 2015 1669 2050 omniurn

182 2071 342 2113 Judicum
371 2070 691 2107 Commissariorum
723 2072 753 2106 in
769 2071 885 2112 Urbe,
915 2069 1063 2115 exceptis
1079 2067 1316 2104 tantummodo
1344 2065 1493 2106 eiusdem
1512 2064 1672 2100 Romanae

185 2122 302 2156 Curiae
331 2120 506 2155 Iudicibus
521 2120 713 2154 Ordinariis
731 2143 742 2158 ‚
775 2122 827 2156 vel
843 2119 1016 2165 Delegatis
1033 2143 1045 2158 ‚
1077 2118 1275 2163 habentibus
1301 2114 1461 2150 Notarios
1488 2113 1644 2160 proprios
1661 2133 1673 2151 ,

188 2180 225 2205 ac
240 2171 272 2204 S.
290 2170 332 2203 R.
349 2170 387 2203 E.
406 2167 647 2204 Cardinalibus
666 2191 676 2207 ‚
709 2169 819 2212 quoad
847 2169 976 2201 Causas
1009 2178 1122 2200 coram
1152 2166 1199 2200 eis
1224 2173 1393 2200 vertentes
1411 2187 1423 2203 ,
1450 2162 1566 2207 eisque
1585 2172 1677 2196 com-

188 2218 301 2253 missas
319 2229 329 2257 ;
360 2215 392 2250 in
408 2216 530 2262 quibus
547 2216 689 2259 quilibet
707 2228 824 2251 eorum
842 2214 1001 2250 Notarios
1016 2238 1027 2253 ‚
1058 2225 1144 2259 quos
1164 2212 1324 2251 mallent,
1355 2211 1541 2247 dummodo
1569 2216 1680 2244 essent

191 2265 402 2304 authentici,
433 2274 465 2299 et
481 2263 633 2310 legitime
659 2264 761 2297 creati
779 2286 790 2301 ‚
817 2263 941 2307 eligere
956 2272 989 2297 et
1014 2264 1176 2305 deputare
1193 2261 1369 2297 valerent:
1402 2260 1485 2295 Mox
1499 2258 1599 2293 etiam
1617 2267 1678 2301 per

189 2313 268 2349 alias
282 2326 356 2349 suas
372 2312 497 2348 Literas
515 2337 525 2352 ,
553 2311 670 2346 Idibus
687 2310 887 2344 Decembris
908 2311 1058 2349 ejusdem
1095 2309 1186 2343 Anni
1214 2310 1304 2342 datas
1326 2330 1337 2346 ,
1369 2307 1485 2342 statuit
1513 2314 1546 2339 et
1568 2303 1679 2339 decla-

191 2361 300 2402 ravit,
329 2363 419 2407 quod
438 2361 571 2397 Iudices
600 2358 837 2395 Commissarii
865 2356 1016 2403 praedicti
1043 2356 1083 2391 ad
1099 2356 1314 2391 scribendum
1348 2353 1379 2389 in
1396 2352 1518 2388 Causis
1545 2362 1578 2388 et
1597 2353 1680 2388 Liti-

192 2413 253 2446 bus
269 2411 314 2446 eis
333 2409 529 2455 Apostolica
545 2407 748 2444 auctoritate
777 2407 966 2442 commissis
996 2414 1029 2439 et
1040 2404 1290 2440 committendis
1318 2403 1614 2450 quibuscumque,
1641 2410 1677 2436 et

195 2471 304 2495 coram
337 2458 383 2493 eis
397 2458 600 2494 vertentibus
617 2482 626 2498 ,
655 2456 821 2503 praedictis
851 2455 1080 2500 Scriptoribus
1108 2453 1257 2490 Notariis
1272 2451 1441 2488 actuariis
1467 2451 1608 2486 omnino
1626 2450 1676 2486 uti

200 2511 361 2546 deberent
375 2531 385 2547 ,
415 2519 475 2542 nec
493 2509 574 2543 alios
592 2509 630 2542 ad
646 2505 860 2541 scribendum
891 2504 922 2538 in
952 2503 1016 2539 illis
1034 2510 1146 2537 coram
1180 2514 1214 2537 se
1231 2501 1408 2536 admittere
1424 2509 1582 2545 possent.

292 2557 511 2592 Postmodum
529 2568 598 2591 san.
613 2568 715 2591 mem.
736 2555 815 2591 Pius
845 2555 934 2599 Papa
952 2554 996 2589 V.
1025 2551 1123 2587 etiam
1153 2552 1387 2587 Praedecessor
1404 2550 1532 2584 Noster
1557 2547 1682 2584 antedi-

1127 2609 1148 2646 p
1176 2612 1194 2635 2
1593 2605 1682 2631 ctam
