1993 3195
699 276 734 317 C
770 280 809 318 A
842 280 870 319 P
901 278 942 317 U
973 278 1009 317 T
1071 277 1125 319 V.
1557 295 1658 339 277*

190 336 469 395 pellationem;
497 345 533 374 et
550 343 651 376 recte
672 334 724 376 ita
745 336 1003 392 asignatura
1033 334 1332 376 rescribendum
1351 346 1436 382 est,
1465 350 1554 377 cum
1591 356 1646 380 ra-

191 395 309 438 tionis
323 392 493 434 redditio
512 393 681 434 omnino
707 394 787 435 fieri
806 396 978 443 debeat,
1000 408 1070 435 nec
1088 395 1290 434 decretum
1322 393 1374 433 ad
1409 393 1642 450 hujusmodi

188 466 377 509 personas
395 452 639 494 coercendas
653 467 726 509 pro
744 454 966 496 redditione
986 452 1190 493 rationum
1203 450 1408 494 continere
1421 466 1545 509 potest
1564 469 1648 510 gra-

189 525 333 554 vamen
353 510 516 566 aliquod
537 543 546 552 .
573 512 628 553 Ita
648 524 685 553 et
699 513 739 553 in
757 527 851 555 casu
871 511 1131 554 exhibitionis
1151 512 1346 553 librorum
1363 542 1376 560 ,
1395 511 1455 554 vel
1478 514 1645 568 scriptu-

187 582 323 610 rarum
338 601 350 619 ,
377 571 547 624 quando
567 585 704 627 nempe
723 572 924 614 decretum
943 573 1067 613 latum
1086 572 1161 620 sit,
1181 573 1344 613 consuto
1373 571 1486 627 prius
1501 572 1547 612 cle
1565 572 1646 613 exi-

185 628 321 670 stentia
343 658 355 676 ,
387 638 424 669 et
438 629 620 670 interesse·
668 629 740 685 1);
777 631 890 686 quod
906 630 1072 687 quidem
1093 633 1303 687 procedere
1323 662 1336 680 ,
1363 630 1642 674 aitConszaati-

185 702 292 737 nus,
322 689 491 742 quando
519 689 724 731 decretum
741 702 922 732 versatur
955 691 995 729 in
1026 689 1190 747 simplici
1222 690 1472 732 exhibitione
1491 721 1503 740 ,
1529 706 1642 735 secus

185 747 323 790 verosi
345 747 384 787 in
404 762 541 790 casum
560 763 643 789 non
661 748 919 790 exhibitionis
943 749 1046 789 facta
1067 749 1187 791 fuerit
1206 748 1490 791 condemnatio
1509 751 1558 790 ad
1581 752 1645 792 in-

187 817 325 847 teresse
353 805 424 862 (2)
454 839 462 847 .
503 806 695 863 Denique
727 807 999 849 Constantinus
1017 809 1095 864 ipse
1131 807 1443 856 animadvertit,
1479 809 1595 862 quod
1613 812 1649 852 si

185 869 279 905 cum
299 864 404 907 dicia
423 866 602 908 clausula
625 867 837 924 Signatura
873 866 1134 923 rescripserit.
1175 880 1212 909 et
1240 867 1372 922 aliqua
1398 868 1555 910 nullitas
1573 869 1644 910 de-

186 922 308 965 ducta
327 921 478 975 fuerit,
509 941 557 966 ex
588 926 652 968 tali
690 921 876 981 rescripto
911 927 1083 967 habetur
1104 926 1206 967 illius
1238 924 1398 981 rejectio
1417 954 1428 971 ,
1465 926 1646 969 itautea·

185 980 275 1023 dem
305 998 387 1024 non
407 997 536 1039 potest
553 985 593 1024 in
614 987 730 1033 Rota,
747 983 808 1026 vel
827 998 962 1024 coram
984 983 1067 1024 aliis
1083 983 1297 1036 Judicibus
1313 983 1461 1024 deduci
1480 985 1552 1040 (3)
1571 1014 1580 1025 .

301 1042 447 1098 Quum
466 1043 643 1085 Auditor
678 1043 911 1099 Signaturae
929 1074 940 1091 ,
968 1056 1004 1083 et
1047 1042 1396 1084 Eminentissimus
1423 1043 1647 1087 Praefectus

184 1100 404 1142 remiserint
424 1102 607 1143 Causam
641 1103 692 1143 ad
721 1102 884 1155 aliquod
912 1101 1142 1149 Tribunal,
1168 1101 1361 1142 moderati
1393 1101 1548 1144 fuerint
1584 1103 1651 1143 ali-

183 1172 306 1212 quam
344 1159 627 1200 inhibitionem
664 1159 781 1199 AG.
800 1187 811 1206 ,
845 1159 907 1198 vel
927 1161 1050 1198 Rotae
1069 1188 1081 1205 ,
1117 1158 1381 1201 relaxaverint
1409 1160 1647 1203 mandatum

180 1229 255 1272 pro
271 1218 509 1274 purgatione
530 1219 859 1263 Attentatorum‚
897 1230 964 1257 aut
978 1216 1134 1269 aliquid
1152 1216 1275 1257 simile
1307 1216 1473 1259 fecerint
1490 1250 1503 1268 ,
1536 1219 1568 1260 si
1582 1219 1649 1261 Li.-

182 1274 351 1330 rigantes
373 1292 455 1317 non
492 1277 753 1330 acquiescant
785 1275 1086 1329 provisionibus
1105 1308 1118 1326 ,
1150 1288 1188 1317 et
1215 1275 1381 1317 decretis
1417 1277 1468 1318 ab
1498 1278 1650 1320 eisdem

182 1332 318 1383 factis,
350 1348 386 1377 et
407 1337 553 1377 adeant
570 1336 829 1391 Signaturam
844 1335 1000 1391 plenam
1021 1367 1033 1384 ,
1062 1336 1159 1377 haec
1189 1334 1288 1375 dum
1307 1335 1489 1391 agnoscit
1505 1366 1516 1384 ,
1548 1339 1650 1379 bene

182 1390 299 1434 fuisse
335 1394 545 1449 provisum
573 1408 641 1449 per
675 1394 828 1434 dictum
866 1393 1133 1442 Auditorem,
1171 1405 1241 1433 aut
1275 1393 1653 1436 Eminentissimum

182 1451 433 1495 Praefectum
452 1484 464 1502 ,
486 1451 678 1500 rescribit,
697 1450 794 1492 nihil
814 1479 826 1497 ‚
860 1462 897 1492 et
913 1461 1085 1493 servetur
1100 1454 1294 1493 decretum
1323 1450 1419 1491 Emi
1438 1479 1450 1498 ,
1487 1454 1562 1494 hoc
1597 1467 1652 1497 est

183 1509 402 1561 Praefecti,
438 1512 555 1568 cujus
577 1510 738 1552 nomine
758 1510 937 1551 Auditor
956 1510 1052 1552 facit
1069 1512 1223 1553 decreta
1246 1524 1257 1559 ;
1291 1509 1322 1550 si
1343 1524 1438 1553 vero
1459 1524 1653 1568 agnoscat

181 1569 282 1610 male
319 1572 436 1628 egisse
463 1602 475 1622 ,
518 1584 614 1613 tunc
647 1569 759 1628 juxta
789 1569 1007 1628 peculiares
1053 1584 1221 1614 casuum
1248 1569 1565 1614 circumstantias
1599 1586 1672 1614 rer

181 1626 342 1672 scribit.
648 1641 653 1645 ·

301 1690 463 1733 Causae
499 1689 814 1749 appellationum
841 1707 861 1733 a
897 1690 1112 1733 sententiis»
1133 1692 1180 1732 de
1214 1691 1398 1748 partibus
1429 1690 1656 1734 devolvun-

181 1755 248 1786 t-ur
277 1749 328 1788 ad
345 1749 400 1789 A.
425 1750 479 1790 C.
498 1781 511 1798 ,
544 1750 615 1802 qui
637 1751 688 1790 ad
706 1750 941 1791 instantiam
977 1750 1210 1805 appellantis
1238 1751 1420 1791 inhibere
1439 1749 1569 1791 statim
1589 1765 1656 1791 so-

182 1802 233 1845 let
264 1806 396 1853 judici
419 1822 440 1848 a
469 1822 580 1862 quo,
617 1808 667 1847 ne
692 1808 744 1847 ad
779 1808 965 1848 ulteriora
988 1808 1205 1861 procedat,
1239 1808 1352 1862 quod
1368 1808 1401 1848 si
1423 1821 1567 1849 natura
1597 1808 1659 1866 juso

183 1861 275 1905 dicii
305 1866 414 1907 ali-ter
437 1866 607 1923 postulet
627 1894 638 1911 ‚
671 1865 776 1906 idem
794 1865 846 1905 A.
868 1865 922 1906 C.
952 1865 1184 1906 moderatur
1211 1865 1494 1908 inhibitionem
1513 1882 1626 1909 suam
1644 1900 1657 1919 ,

180 1921 242 1964 vel
276 1925 562 1978 ad‘utrumque
596 1921 809 1973 effectum,
843 1923 1079 1965 remittendo
1113 1939 1274 1966 causam
1309 1924 1457 1978 integre
1492 1925 1542 1965 ad
1574 1941 1659 1982 par-

180 1990 238 2022 tes
255 2013 268 2031 ,
296 1983 357 2026 vel
377 1983 428 2024 ad
454 1981 638 2024 effectum
656 1982 933 2025 devolutivum
961 1995 1117 2024 tantum
1141 1997 1152 2031 ;
1189 1983 1394 2024 Αυόίῑοῑε
1430 1982 1657 2036 Gamerae,

182 2040 314 2096 ejusve
345 2042 732 2084 Locumtenentibus
767 2041 979 2083 moderare
1012 2043 1290 2085 recusantibus
1334 2042 1616 2085 inhibitionem
1647 2075 1661 2094 ,

183 2111 287 2144 tunc·
307 2101 568 2159 Signaturam
596 2100 704 2141 adire
736 2111 922 2155 oportet,
956 2114 1060 2153 quae
1083 2101 1296 2143 consuevit
1330 2101 1542 2144 rescribere
1559 2133 1583 2151 ,.
1603 2103 1657 2144 Α.

190 2157 221 2199 C
225 2180 234 2199 ι
256 2162 472 2203 moderetur
489 2159 754 2202 Inhibitionem
774 2191 786 2209 ,
817 2167 856 2201 et
872 2172 1027 2199 causam
1047 2160 1102 2199 ad
1116 2171 1248 2216 partes
1264 2160 1434 2201 remittat-
1448 2191 1461 2209 ,
1480 2161 1523 2201 ,εἰ
1541 2175 1662 2203 causa

187 2232 272 2260 non
299 2221 348 2263 sit
383 2218 573 2269 curialisz,
595 2219 664 2262 vel
686 2218 716 2259 si
749 2219 796 2260 sit
821 2217 1008 2266 curialis,
1041 2217 1110 2260 sed
1127 2218 1372 2274 exequutiva
1389 2249 1401 2268 ,
1434 2231 1472 2260 et
1497 2220 1622 2266 „ludex
1641 2235 1663 2262 a

187 2290 273 2333 quo
290 2292 502 2333 gravamen
521 2276 689 2332 aliquod
710 2291 793 2318 non
813 2276 1062 2332 irrogaverit,
1077 2278 1269 2326 rescribit,
1285 2279 1323 2320 ῖη
1345 2277 1563 2319 devolutivo
1583 2288 1669 2319 tan-

189 2346 269 2379 tum
294 2349 316 2385 ;-
334 2350 370 2378 et
386 2350 484 2381 tunc
506 2337 636 2385 Judex
659 2336 706 2376 de
727 2334 909 2392 partibus
942 2335 1122 2390 procedit
1143 2336 1194 2375 ad
1227 2337 1512 2391 exequtionem
1529 2367 1541 2385 ,
1574 2336 1662 2380 licet

192 2410 309 2437 causa
339 2395 482 2439 iterum
507 2408 773 2454 cognoscatur
803 2407 937 2436 coram
954 2394 1008 2434 A.
1032 2390 1083 2434 C·
1111 2407 1122 2442 ;
1147 2393 1177 2433 si
1194 2407 1288 2436 vero
1307 2409 1428 2437 causa
1447 2392 1663 2437 eritcuria-

1623 2453 1668 2495 lis

237 2563 290 2586 ιιι
316 2554 440 2586 Scacciae
452 2553 490 2585 de
509 2553 671 2597 Appellat.
685 2552 914 2594 q.17.lim.16.
1011 2553 1062 2593 (3)
1087 2553 1165 2583 Rota
1198 2552 1291 2588 decis.
1315 2553 1395 2593 815.
1429 2562 1525 2596 '²¹33·
1548 2561 1590 2595 p„
1606 2525 1662 2583 1-ἐῖ

190 2599 305 2633 memh.
324 2599 341 2630 8
385 2610 412 2629 η.
436 2608 498 2630 21..
964 2604 1006 2631 ιο.
1020 2604 1181 2634 2.recent.

230 2649 284 2687 (2)
306 2642 460 2689 Ridolphc'
475 2654 506 2677 n.
521 2644 555 2677 in
565 2643 670 2688 praxi
677 2651 749 2688 p-z.
763 2653 846 2687 εφη
863 2651 916 2683 72.
