1993 3195
74 343 193 374 erunt
212 327 320 370 nulla
346 342 430 369 una
452 342 546 370 cum
561 329 766 370 Sententia
786 360 798 378 ,
830 342 953 386 prout
982 330 1168 374 innuunt
1193 332 1311 374 verba
1346 332 1437 390 Cap.
1469 291 1565 376 03η

70 389 201 431 dilecta
218 389 265 428 cle
279 387 486 443 Rescriptis
502 418 515 436 ,
551 400 589 429 et
606 386 701 444 Cap.
729 389 953 431 Venerabili
975 391 1021 430 cle
1037 389 1168 443 Officio
1198 391 1381 446 Delegati
1398 422 1405 429 .
1435 393 1566 447 Quod

72 446 174 489 adeo
201 461 341 489 verum
364 459 447 495 est,
479 460 524 488 ut
541 478 554 495 ,
572 446 718 488 directa
739 449 852 489 Rotae
872 448 1167 490 Commissione
1198 463 1332 489 causae
1351 450 1567 491 Bononien-

68 508 122 549 sis
142 504 448 547 Fideicommissi
475 508 520 546 cle
538 506 739 555 Betzatiis,
772 521 866 549 cum
903 507 1110 549 clausula:
1147 508 1315 548 Constito
1337 538 1348 554 ‚
1376 511 1477 562 quod
1510 511 1561 550 sic

61 566 172 608 locus
194 563 442 622 AEgidiance,
476 579 514 606 et
529 566 633 606 ‘Hora
655 566 807 620 absque
840 565 959 607 dictae
989 565 1306 608 Constitutionis
1336 566 1561 623 AEgidianae

71 623 301 680 cognitione
327 622 595 679 processisset,
621 623 849 680 Signaturae
874 625 1075 667 Tribunal
1104 627 1180 666 sub
1207 626 1266 665 die
1290 638 1361 665 22.
1396 628 1559 682 augusti

75 684 202 725 1680.
232 681 454 738 rescripsit:
472 682 777 738 Circumscriptis
794 683 968 725 omnibus
985 685 1107 741 gestis
1130 697 1216 740 post
1235 684 1471 740 Rescriptum
1496 686 1563 726 Si-

67 757 251 800 gnaturae
265 772 278 790 ,
295 742 393 782 Rota
426 743 607 798 procedat
627 741 854 795 adfhrmam
875 744 907 784 C
907 743 1160 785 ommissionis
1174 773 1185 791 ‚
1207 757 1328 799 prout
1347 744 1368 784 ἐ
1391 744 1562 800 Regesto

71 802 300 858 Signaturae
318 800 542 842 Farrinellus
565 801 684 853 refert
702 831 710 841 .
743 802 814 859 (1)

117 911 119 913 ¹
186 861 274 918 Qui
294 860 455 916 quidem
473 859 662 903 laudatus
672 861 900 906 Fattirzellus
926 877 1091 908 testatur
1109 867 1156 907 de
1179 881 1335 908 summa
1357 870 1472 909 Rotae
1490 867 1560 908 ob·

71 920 269 963 servantia
301 920 441 973 quoad
475 921 703 977 Signaturae
728 924 931 981 Rescripta
951 956 962 972 ,
996 924 1095 966 dum
1121 926 1161 965 in
1199 928 1377 968 medium
1411 925 1562 980 profert

72 978 314 1019 Decisionem
335 979 438 1034 857.
457 996 496 1020 η.
524 994 590 1022 12.
608 983 835 1038 Serapliini,
852 995 889 1024 et
907 984 1067 1025 Durani
1083 985 1196 1026 decis.
1229 998 1322 1038 132.
1343 1000 1382 1024 ιι.
1406 985 1444 1022 8.
1466 996 1502 1024 et
1515 994 1561 1034 9.

75 1037 413 1092 quampluresque
448 1038 571 1087 alias3
601 1040 806 1081 etidcirco
839 1042 980 1082 Rotam
999 1070 1012 1087 ‚
1043 1046 1276 1098 comprobat
1305 1043 1363 1083 ille
1381 1071 1394 1089 ‚
1422 1042 1560 1097 Signa-

72 1107 177 1136 turae
198 1095 398 1148 Rescripta
419 1107 503 1133 non
522 1094 723 1134 declarare
741 1123 754 1141 ,
775 1098 844 1135 sed
864 1099 916 1135 ad
934 1100 1114 1137 eamdem
1131 1100 1393 1154 Signaturam
1428 1112 1562 1140 recur-

70 1167 161 1194 sum
188 1151 323 1193 haberi
359 1166 431 1207 pro
465 1151 764 1202 declaratione,
798 1166 920 1211 prout
953 1154 1106 1196 dictum
1145 1156 1296 1203 fuisse,
1339 1157 1482 1203 refert,
1516 1156 1559 1196 in

70 1210 289 1253 Eldesimen
307 1210 589 1267 Exequutioizis
606 1226 737 1251 coram
754 1213 990 1253 Lancellozto
1008 1216 1117 1268 apud
1132 1215 1429 1256 Mar-chesanum
1455 1245 1464 1255 .
1486 1214 1559 1270 (2)

163 1269 223 1312 Ex
240 1284 287 1311 eo
310 1283 458 1319 tamen,
473 1270 586 1325 quod
601 1269 830 1326 Signaturae
845 1270 1115 1321 Tribunal,ut
1132 1271 1210 1327 jam
1231 1273 1560 1322 diximugponti-

72 1331 185 1372 ficem
215 1342 472 1386 repraesentat
488 1360 500 1378 ‚
528 1344 573 1371 ac
589 1328 674 1372 vice
689 1361 702 1378 ,
734 1342 773 1371 et
790 1329 953 1371 nomine
972 1330 1095 1386 ipsius
1112 1332 1314 1378 rescribit,
1334 1347 1418 1373 non
1436 1332 1558 1373 idcir-

75 1390 124 1432 εὸ
158 1386 346 1431 effrenata
366 1402 422 1430 est
441 1388 542 1430 illius
559 1387 727 1430 facultas
751 1389 792 1428 in
812 1389 1091 1436 rescribendo,
1108 1403 1154 1432 ut
1173 1391 1275 1432 ultra
1300 1391 1411 1443 Juris
1436 1406 1557 1448 regu-

72 1448 125 1491 las
144 1447 327 1504 progredi
344 1447 465 1506 possit
485 1462 496 1497 ;
519 1463 612 1488 nam
627 1461 672 1487 ea
689 1460 744 1490 est
760 1445 982 1489 differentia
1002 1447 1105 1491 inter
1118 1449 1376 1506 Signaturam
1392 1451 1557 1500 Gratiae,

72 1520 110 1550 et
127 1507 298 1561 justitiae
315 1540 328 1557 ,
356 1520 402 1549 ut
420 1507 481 1549 illa
514 1504 720 1549 latissimas
739 1507 882 1550 habeat
908 1506 1115 1551 facultates
1133 1537 1146 1555 ,
1174 1523 1293 1565 atque
1313 1509 1445 1566 legum
1460 1509 1556 1552 vin-

73 1568 165 1609 cula
184 1567 314 1623 egredi
331 1567 479 1623 possit,
513 1565 677 1623 ejusque
715 1566 900 1623 rescripta
935 1568 1058 1624 magis
1082 1567 1288 1617 afficiant,
1318 1568 1479 1624 lateque
1500 1569 1557 1608 in-

73 1626 280 1683 telligenda
308 1626 416 1676 sint;
448 1627 566 1668 altera
585 1624 681 1669 vero
714 1625 883 1668 Iustitiae
905 1625 1119 1683 Signatura
1139 1628 1360 1670 restrictum
1396 1626 1558 1670 arbitri-
1614 1633 1617 1636 ’

73 1699 144 1726 um
174 1685 295 1727 habet
310 1685 415 1728 intra
443 1684 633 1743 praefatos
659 1683 942 1738 jurislimites3
973 1698 1012 1728 et
1027 1687 1199 1743 proinde
1234 1700 1437 1744 receptum
1472 1697 1558 1733 est,

72 1744 186 1799 quod
213 1742 299 1797 ejus
317 1745 516 1802 Rescripta
548 1742 803 1800 intelligenda
823 1744 1023 1794 veniunt,
1055 1758 1178 1803 prout
1211 1746 1259 1786 de
1277 1745 1396 1799 jure,
1429 1760 1476 1786 ex
1496 1743 1561 1785 illa

75 1800 312 1844 differentiae
346 1804 528 1850 ratione,
557 1803 672 1855 quod
695 1803 736 1843 in
765 1804 980 1857 Signatura
999 1804 1153 1845 Gratiae
1185 1803 1444 1844 resolutiones
1471 1817 1558 1843 non

75 1871 267 1900 emanant
294 1861 345 1899 ab
373 1873 564 1907 assensu,
598 1872 642 1899 ac
676 1857 832 1908 judicio
860 1859 1123 1900 Praelatorum
1151 1860 1424 1908 Votantium,
1455 1875 1562 1915 quo-

75 1930 166 1958 rum
201 1927 344 1958 votum
370 1912 414 1953 in
431 1928 476 1954 ea
507 1926 567 1954 est
583 1915 852 1955 consultivum
880 1927 1037 1955 tantum
1056 1916 1148 1963 ,sed
1167 1917 1217 1958 ab
1250 1917 1335 1973 ipso
1368 1919 1556 1961 pontifice

75 1974 130 2017 ibi
154 1985 351 2032 praesente
369 2004 382 2022 ,
415 1985 452 2014 et
470 1971 732 2020 rescribente;
759 1971 800 2011 in
827 1971 1039 2028 signatura
1070 1974 1166 2017 vero
1202 1975 1375 2028 Justitiae
1410 1978 1559 2020 resolu-

77 2034 207 2076 tiones
239 2033 345 2074 fiunt
362 2063 374 2081 ,
408 2044 454 2073 ut
468 2029 636 2072 inferius
661 2045 908 2087 exponemus
924 2061 936 2079 ,
950 2033 970 2073 a
990 2032 1207 2084 Praefecto,
1234 2047 1272 2077 et
1289 2035 1469 2078 Praelatis
1487 2039 1559 2079 ha-

76 2093 265 2136 bentibus
284 2091 442 2134 Votum
470 2089 689 2133 decisivurn
711 2105 758 2131 ex
783 2090 962 2144 quadam
983 2093 1102 2148 Papae
1130 2092 1376 2149 delegatione
1393 2126 1405 2144 ‚
1432 2097 1561 2138 restri-

79 2165 139 2194 cta
174 2153 226 2194 ad
259 2166 304 2193 ea
323 2181 336 2200 ,
368 2165 463 2207 quae
498 2161 752 2191 concernunt
783 2149 1014 2202 justitiam,
1046 2151 1193 2204 aJuris
1217 2152 1474 2209 dispositione
1501 2170 1559 2197 re-

79 2210 297 2265 gulandam
321 2241 331 2250 .
349 2209 568 2267 Eapropter
586 2222 801 2249 erroneum
816 2223 979 2265 prorsus
996 2223 1051 2252 est
1067 2212 1406 2268 praesuppositum
1419 2243 1428 2259 ‚
1448 2214 1562 2270 quod

81 2268 158 2311 hoc
190 2269 392 2313 Tribunal
428 2267 669 2326 respondeat
702 2267 787 2312 vice
809 2298 823 2317 ,
856 2282 901 2310 ac
933 2269 1096 2310 nomine
1128 2270 1322 2328 Principis
1342 2300 1356 2320 ,
1387 2273 1561 2329 ideoque

1021 2327 1053 2367 B
1431 2331 1557 2387 ipsius

126 2478 182 2515 (1)
207 2479 280 2520 Cap.
296 2476 328 2507 8.
349 2477 385 2509 de
397 2478 531 2519 Collegio
553 2477 732 2511 Votantium
747 2477 794 2507 Si·
892 2479 944 2516 (2)
968 2479 1014 2508 De
1044 2477 1176 2519 Utraque
1195 2477 1360 2519 Signatum
1376 2478 1408 2508 in
1424 2473 1489 2518 fol.
1498 2483 1560 2518 pa-

83 2530 244 2564 gnaturae‚
258 2530 287 2555 et
296 2522 328 2554 in
339 2522 604 2566 Appendicepag.
618 2532 673 2562 40.
685 2521 727 2554 ad
738 2530 793 2561 42.
836 2523 910 2564 gin.
928 2522 1087 2563 587.par.
1107 2531 1139 2554 2.
