1993 3195
96 400 230 448 asserit
255 396 510 441 Covarruvz‘czs
528 393 623 452 (1);
649 407 862 453 eapropter
881 426 894 446 ,
912 392 1110 452 Principis
1127 407 1345 453 personam
1366 350 1553 453 Signatusr

96 458 273 516 justitiae
297 488 309 506 ,
340 469 386 499 ut
410 457 504 499 alibi
522 454 698 497 diximus
730 485 744 503 ,
781 466 1100 511 repraesentante
1136 483 1149 503 ‚
1183 451 1415 507 juremerito
1451 455 1580 497 eidem

74 519 245 568 ,tributa
270 516 443 559 facultas
463 528 547 564 est,
578 513 661 556 illas
673 513 735 556 vel
757 514 1037 561 concedendi,
1063 512 1125 557 vel
1149 512 1406 570 denegandi;
1434 525 1473 556 et
1486 527 1581 572 *pro

96 588 205 620 certo
223 574 498 624 habemus,id
520 573 690 615 omnino
708 571 948 629 Signaturae
979 571 1144 618 arbitrio
1168 572 1374 614 conlatum
1391 586 1472 614 esse
1493 600 1506 619 ,
1539 582 1584 614 ut

96 648 312 678 causarum
324 633 587 690 qualitatibus
600 631 716 688 plene
733 630 880 673 rimatis
897 661 911 681 ‚
940 630 1103 687 aliisque
1123 630 1434 674 circumstantiis
1447 659 1460 677 ,
1493 643 1583 686 per-

101 706 468 750 sonarum‚nempe‚
485 704 604 747 atque
619 688 934 745 locorum‚quid‚
952 690 1176 747 quomodo,
1193 701 1231 732 et
1246 703 1332 745 quo
1362 689 1404 730 in
1422 689 1512 730 loco
1525 702 1584 730 re-

97 752 355 796 scribendum
371 751 437 799 sit,
454 749 704 808 potissimum
721 779 734 798 ,
753 761 798 790 ut
815 748 952 790 assolet
969 780 982 799 ‚
1017 749 1310 792 animadvertat
1328 778 1338 789 .
1375 747 1581 794 Diximus,

99 811 238 857 enim,
268 810 502 853 Causarum
531 808 740 864 qualitates
758 821 780 848 a
798 807 1013 864 Signatura
1041 808 1222 863 Justitiae
1241 807 1282 849 in
1314 805 1580 850 Avocationi-

100 870 177 912 bus
208 883 288 911 esse
322 867 592 926 inspiciendas
619 881 733 909 exeo
751 867 1007 922 praesertim,
1042 867 1156 923 quod
1192 880 1280 908 non
1316 865 1358 907 in
1392 863 1584 907 omnibus

101 927 251 970 Causis
278 926 517 986 Signaturae
552 925 758 967 Tribunal
776 925 983 969 rescribere
1001 927 1097 969 solet
1111 957 1125 976 ,
1158 936 1203 967 ut
1219 923 1404 982 superius
1421 925 1585 965 demone

100 986 316 1030 stravimus
331 1015 345 1035 ,
377 1001 450 1028 nec
467 984 653 1028 omniurn
670 983 904 1026 Causarum
930 983 1100 1040 quilibet
1112 984 1237 1042 judex
1264 995 1490 1040 competens
1506 991 1585 1022 est.

101 1046 302 1087 Locorum
323 1044 420 1088 verb
451 1044 660 1099 qualitates
676 1071 690 1091 ‚
718 1042 901 1097 quamvis
933 1044 1215 1086 Marchesanus
1246 1053 1393 1084 asserat
1410 1071 1424 1090 ‚
1458 1053 1537 1081 esse
1563 1050 1589 1079 a

99 1103 316 1158 signatura
348 1100 615 1157 inspiciendas
632 1131 643 1149 ‚
674 1114 779 1154 quae
801 1111 933 1142 tutum
950 1115 1151 1144 accessum
1183 1098 1508 1155 Collitigantium
1526 1112 1589 1140 re-

99 1159 301 1216 spiciunt3
335 1170 509 1198 attamen
534 1169 599 1195 eas
623 1169 718 1211 prae
747 1157 872 1195 oculis
892 1159 943 1195 ab
968 1159 1111 1196 eodem
1136 1157 1349 1199 Tribunali
1381 1156 1590 1197 habenda&

100 1219 304 1259 Locorum
336 1215 545 1270 qualitates
578 1212 621 1253 in
639 1210 964 1255 Avocationibus
996 1212 1265 1255 concedendis
1298 1211 1542 1254 arbitramur
1573 1240 1589 1261 .

101 1275 270 1332 quaein
286 1272 522 1332 privilegiis,
551 1271 613 1315 vel
630 1269 898 1329 peculiaribus
914 1271 1204 1330 praerogativis
1231 1268 1446 1328 cujuslibet
1470 1270 1586 1315 Civis

104 1335 197 1378 tatis
213 1363 227 1383 ,
244 1346 283 1375 et
298 1331 379 1374 loci
397 1332 622 1375 consistunt
639 1359 651 1372 .

224 1392 475 1449 Adenegata
499 1390 652 1448 justitia
669 1420 682 1439 ,
713 1389 883 1446 quando
908 1404 1048 1447 nempe
1081 1391 1224 1447 aliquis
1254 1388 1385 1439 Iudex
1418 1385 1587 1446 expedi-

104 1450 256 1495 tionem
276 1451 440 1493 Causae
459 1447 614 1492 differat
632 1479 645 1498 ,
666 1462 850 1490 recursus
865 1449 1037 1491 habetur
1053 1450 1106 1492 ad
1120 1450 1300 1491 eamdem
1314 1448 1590 1506 Signaturam,

106 1524 216 1567 quae
235 1539 249 1560 ‚
285 1510 459 1552 constito
476 1509 589 1568 prius
613 1507 663 1549 de
682 1507 828 1564 judicis
845 1522 959 1550 mora
981 1507 1023 1548 in
1043 1508 1293 1566 expediendo
1310 1536 1324 1556 ,
1355 1508 1455 1550 solet
1472 1506 1591 1550 Cau-

105 1583 192 1610 sam
217 1569 458 1612 committere
491 1567 628 1617 alteri,
662 1578 708 1608 ut
743 1566 786 1607 in
811 1579 918 1609 statu
935 1598 948 1617 ,
981 1577 1021 1608 et
1049 1566 1257 1615 terminis,
1281 1567 1325 1609 in
1353 1566 1506 1623 quibus
1527 1579 1592 1607 re-

106 1628 390 1685 peritur‚eam
427 1626 718 1677 definiat3hoc
750 1626 858 1667 enim
889 1625 1064 1668 remedio
1092 1627 1124 1669 si
1147 1625 1323 1670 destituti
1356 1637 1483 1668 essent
1512 1623 1592 1666 liti-

105 1701 245 1744 gantes
275 1702 408 1743 quum
432 1686 659 1745 praesertim
677 1685 719 1725 in
753 1684 886 1741 aliqua
910 1684 1049 1727 Causa
1081 1686 1300 1729 exadverso
1331 1684 1478 1726 scribat
1495 1683 1595 1724 Pro-

107 1759 275 1789 curator
296 1746 443 1802 aliquis
460 1777 474 1796 ,
505 1745 590 1786 sive
621 1744 856 1787 Advocatus
877 1777 889 1794 ,
914 1743 1081 1798 judici,
1122 1745 1183 1789 vel
1208 1742 1385 1785 Praelato
1413 1740 1593 1790 amicus,

107 1816 147 1846 et
164 1806 321 1847 bonum
337 1806 401 1863 jus
429 1820 514 1847 non
529 1803 665 1848 foveat
680 1834 695 1853 ,
725 1817 939 1857 nunquam
965 1803 1163 1845 sententia
1180 1804 1222 1844 in
1248 1803 1376 1843 lucem
1401 1798 1594 1856 prodires

108 1875 236 1918 prout
255 1864 388 1905 evenit
404 1862 524 1901 nobis
541 1863 583 1898 in
603 1861 780 1912 quadam
800 1860 941 1901 Causa
959 1861 1216 1915 Neapolitana
1237 1888 1250 1906 ,
1265 1860 1346 1901 sive
1373 1859 1593 1899 Alexanen.

107 1919 351 1967 Honorarii,
382 1919 424 1958 in
443 1931 525 1971 qua
542 1919 563 1956 a
590 1915 759 1957 biennio
777 1947 790 1966 ,
823 1917 973 1958 etultra
1006 1916 1085 1959 fuit
1099 1917 1263 1959 habitus
1293 1916 1488 1959 terminus
1519 1929 1594 1971 pro

109 1986 269 2018 servato
286 2002 300 2022 ,
335 1975 485 2028 absque
511 1973 588 2013 ulla
624 1973 908 2014 informatione
936 2004 950 2022 ,
976 1986 1013 2016 et
1037 1974 1202 2016 Causae
1235 1973 1489 2031 expeditione
1513 2003 1528 2022 ‚
1557 1983 1597 2016 et

112 2048 242 2090 quum
272 2031 598 2087 inquireremus,
630 2043 680 2071 an
714 2031 842 2072 ullum
872 2031 1091 2074 remedium
1123 2033 1164 2073 in
1192 2032 1308 2089 praxi
1332 2033 1517 2074 existeret
1541 2031 1597 2072 ad

113 2092 367 2136 obviandum
389 2088 623 2147 hujusmodi
641 2088 824 2131 dilationi
843 2118 856 2137 ,
888 2104 937 2132 ex
952 2105 1000 2131 eo
1018 2091 1115 2144 quia
1132 2092 1268 2139 Judex
1282 2091 1465 2149 expedire
1484 2090 1596 2133 Cau-

114 2165 198 2194 sam
233 2151 423 2199 nolebat,
455 2162 502 2191 ut
526 2147 608 2191 fieri
631 2148 798 2198 assolet,
833 2149 876 2190 in
909 2149 1203 2192 contumaciam
1222 2182 1234 2200 ‚
1264 2163 1304 2193 et
1323 2153 1563 2193 Procurator
1581 2176 1596 2197 ,

116 2210 183 2253 cui
211 2209 485 2252 defensionem
519 2207 814 2257 commisimus,
848 2207 949 2248 nihil
975 2207 1154 2264 profecto
1182 2207 1264 2251 fieri
1287 2224 1400 2266 posse
1433 2209 1597 2266 ajebat;

117 2280 214 2312 tunc
232 2284 254 2310 a
272 2269 453 2324 quodam
469 2266 701 2326 peritissimo
719 2269 869 2315 Juvene
895 2281 917 2307 a
936 2267 1078 2310 studiis
1095 2269 1151 2310 D.
1169 2269 1348 2320 Renatii,
1360 2269 1595 2311 Causarum

118 2325 278 2369 Patroni
299 2328 435 2384 magni
455 2327 645 2373 nominis,
661 2326 885 2383 accepimus
899 2356 912 2375 ‚
928 2326 980 2368 ad
994 2325 1255 2382 signaturam
1270 2328 1450 2381 Justitiae
1468 2338 1597 2373 recur-⁴

119 2385 292 2428 rendum
310 2415 323 2436 ,
358 2399 397 2430 et
412 2387 460 2430 de
479 2387 674 2443 denegata
695 2385 846 2444 justitia
860 2386 1061 2441 querelam
1076 2387 1358 2442 exponendam
1373 2399 1451 2427 esse
1468 2414 1479 2425 .

127 2515 431 2532 ——Q
438 2512 1601 2532 —wss—*ss—

173 2573 228 2617 (3)
250 2577 382 2609 Praetic.
397 2587 449 2619 qn.
463 2586 531 2621 cap.
545 2585 577 2616 9.
596 2585 683 2608 num.
696 2584 728 2607 2.
