1993 3195
684 314 723 357 C
758 317 798 357 A
829 318 858 357 P
890 318 930 374 U
959 316 998 360 T
1057 318 1108 359 ll.
1537 339 1620 384 ,οἵ

164 383 230 427 che
247 379 283 423 si
295 375 420 436 regoli
435 377 602 419 secondo
618 374 681 433 gli
693 376 840 433 esempj
850 376 1016 433 possut&
1033 379 1116 418 cos'c
1132 378 1286 418 avendo
1301 378 1337 419 la
1355 379 1400 421 S.
1419 383 1462 423 S.
1478 386 1625 429 ordina.

165 450 205 483 to
224 438 264 480 di
280 435 492 494 notfficarle
506 464 518 482 ,
531 436 669 493 perche
685 435 780 477 resti
798 435 840 477 ἰη
858 447 989 492 questa
1012 447 1127 493 parte
1153 436 1355 494 adempt‘ra
1374 439 1411 479 la
1427 444 1624 499 pontificia

162 515 230 542 sua
247 497 401 540 υοΙοηῑὰ
422 525 433 536 .
470 495 570 552 Quo
591 495 732 539 habito
761 495 941 552 epistolio
976 495 1207 552 praedictus
1232 497 1474 553 Signaturae
1494 502 1625 544 Audi-

161 570 223 602 tor
256 567 528 615 prosequutus
557 555 636 597 fuit
668 555 800 597 solitas
829 554 1077 597 Audientias
1103 586 1116 605 ‚
1158 556 1302 599 omissa
1348 570 1513 601 tantum
1559 562 1623 604 illa

158 616 239 659 diei
266 615 370 671 jovis
386 630 461 674 pro
478 614 620 656 funere
639 613 736 656 dicti
753 614 991 656 cardinalis
1019 615 1238 665 Praefecti,
1257 629 1295 659 et
1307 617 1404 673 quia
1424 615 1512 671 ejus
1535 619 1623 662 Ca-

162 677 284 721 daver
303 676 438 718 adhuc
452 674 668 716 humatum
690 689 774 716 non
793 674 951 717 fuerat.
975 677 1144 718 Decreta
1164 677 1272 724 vero,
1295 691 1481 720 emanata
1503 693 1550 720 eo
1569 679 1624 723 vi-

163 750 280 782 vente
296 767 309 786 ,
328 735 513 792 expedita
538 734 710 777 fuerunt
724 749 800 776 suo
819 734 985 776 nornine
1009 767 1023 785 ,
1041 734 1117 776 alia
1138 735 1223 794 ipso
1242 735 1436 779 defuncto
1453 739 1529 780 sub
1552 754 1621 781 no-

160 794 271 840 mine
286 794 612 837 Auditorisass.
636 795 695 835 Β.
711 795 764 836 Ν-
781 794 1002 851 specialiter
1028 794 1158 844 electi,
1189 809 1227 836 et
1249 797 1421 852 deputati
1439 826 1448 837 .
1489 798 1532 839 ld
1566 798 1620 854 ip-

159 871 250 899 sum
268 867 468 898 servatum
499 852 581 907 jam
598 854 733 897 fuerat
750 868 820 912 per
852 853 1010 896 obitum
1032 863 1099 908 15.
1116 854 1228 910 junii
1263 869 1377 912 1717.
1398 855 1620 899 Cat-clinalz's

156 913 346 970 Praefecti
377 914 545 956 Fabricii
558 915 715 971 Spatia,
747 929 880 970 quum
916 929 938 955 a
975 913 1168 956 Clemente
1201 915 1272 957 XI.
1299 918 1462 974 propria
1490 931 1619 959 manu

157 975 366 1018 facultates
382 989 590 1016 concessae
607 974 779 1015 fuerunt
794 972 964 1028 Alvbatij,
979 986 1077 1015 tunc
1098 975 1305 1024 Ammon,
1327 975 1428 1019 hisce
1452 976 1587 1020 verbis
1605 992 1617 1017 ε

154 1033 400 1091 Monsignor
411 1034 557 1075 Abbati
585 1032 760 1076 continui
787 1033 887 1074 nella
904 1048 974 1074 sua
1009 1032 1137 1075 carica
1157 1064 1170 1083 ,
1201 1049 1222 1076 e
1248 1033 1284 1075 si
1306 1036 1433 1093 regali
1444 1036 1612 1078 secondo

152 1094 217 1153 gli
230 1093 372 1148 esempj
381 1092 533 1148 passati
554 1123 564 1133 .

241 1152 309 1189 Ab
327 1164 375 1188 eo
393 1163 567 1203 tempore
581 1179 594 1196 ,
613 1166 698 1202 quo
715 1165 813 1190 usus
840 1151 1012 1191 invaluit
1037 1152 1224 1204 praedicti
1243 1153 1483 1195 discriminis
1521 1154 1624 1196 inter

151 1206 397 1249 Auditorem
415 1206 678 1247 domesticum
694 1207 948 1253 Praefecti,et
962 1208 1206 1249 Auditorem
1222 1210 1294 1264 qui
1316 1211 1462 1253 dicitur
1479 1213 1624 1268 Signa-

150 1280 268 1310 turae
283 1296 296 1314 ,
309 1264 482 1319 quinam
499 1265 551 1306 ad
569 1265 676 1306 hanc
696 1279 824 1319 usque
844 1266 951 1306 diem
965 1265 1119 1308 fuerint
1136 1267 1372 1324 Signaturae
1385 1271 1623 1320 Auditores,

151 1326 250 1370 scire
268 1340 353 1365 non
374 1324 575 1382 ingratum
601 1324 767 1366 fortasse
790 1324 996 1379 aliquibus
1018 1325 1115 1375 erit;
1132 1328 1368 1370 eorumdem
1386 1330 1525 1371 seriem
1548 1330 1624 1371 da-

147 1401 189 1429 re
210 1385 274 1427 hic
294 1383 443 1425 idcirco
463 1384 654 1426 duximus
667 1415 676 1425 .
713 1383 812 1426 Non
831 1397 963 1426 tamen
983 1384 1214 1440 pollicemur
1230 1419 1243 1436 ,
1276 1387 1493 1441 cujuslibet
1511 1388 1622 1444 ipso-

147 1459 241 1488 rum
271 1457 443 1485 munera
472 1443 635 1492 omnia,
669 1457 777 1500 quae
808 1443 880 1499 ipsi
899 1456 989 1499 post
1007 1444 1300 1486 Auditoratum
1333 1459 1618 1495 exercuerunt,

146 1504 218 1547 sed
249 1503 535 1546 tantummodo
581 1501 718 1559 aliqua
755 1516 954 1544 recensere
987 1530 1000 1550 ,
1032 1514 1070 1544 et
1102 1503 1295 1547 adnotare
1325 1505 1360 1548 si
1392 1505 1623 1548 Cardinali·

152 1564 249 1607 tiam
287 1563 520 1619 dignitatem
552 1561 758 1617 assequuti
773 1559 926 1604 fuerint
944 1592 955 1603 .

264 1621 393 1669 Julius
426 1625 473 1666 de
491 1623 612 1666 Oddz‘s
625 1623 839 1666 Perusinus
867 1636 981 1663 anno
1007 1620 1136 1677 1640.
1174 1624 1418 1683 Signaturae
1436 1625 1617 1669 Auditor

145 1681 250 1727 fuit.

253 1743 423 1789 Iacobus
437 1743 609 1787 Altovito
630 1743 883 1786 florentinus
911 1756 1024 1783 anno
1048 1742 1173 1798 1650.

264 1801 525 1856 Hieronymus
542 1805 734 1843 Cas-anate
752 1802 1037 1858 Neapolitanus
1072 1816 1185 1843 anno
1222 1815 1237 1841 1
1249 1800 1348 1857 654.
1367 1802 1440 1858 qui
1456 1803 1534 1844 sub
1556 1801 1619 1844 die

153 1858 223 1901 16.
258 1858 480 1900 decembris
504 1857 632 1897 1660.
659 1860 804 1899 electus
826 1859 907 1900 fuit
936 1875 959 1899 a
989 1860 1154 1899 Secretis
1198 1859 1541 1916 Congregationis
1569 1860 1619 1902 de

149 1917 418 1974 propaganda
435 1915 513 1958 fide
531 1946 544 1964 ,
572 1928 610 1956 et
625 1916 789 1958 demum
806 1915 909 1957 inter
927 1915 1169 1958 Cardinales
1184 1916 1411 1975 adscriptus
1437 1920 1566 1975 1673.

272 2002 447 2014 ......
482 1977 601 2015 Rattn
626 1975 880 2016 Bononiensis
914 1989 1027 2015 anno
1050 1975 1179 2017 1666.
1199 2004 1214 2023 ‚
1233 1991 1270 2018 et
1303 1978 1366 2017 die
1385 1991 1429 2031 3.
1447 1976 1625 2020 octobris

152 2033 282 2077 1682.
322 2033 540 2077 translatus
571 2032 625 2074 ad
641 2048 795 2075 munus
825 2049 847 2075 a
867 2032 1035 2076 Secretis
1070 2034 1416 2093 Congregationis
1434 2037 1482 2079 de
1500 2038 1621 2079 Bono

147 2091 359 2152 Regimine
375 2124 386 2135 .

267 2184 436 2196 ......
471 2153 670 2197 Fam-etms
691 2152 862 2194 Venetus
883 2164 998 2192 anno
1028 2152 1154 2195 1682.
1173 2184 1188 2203 ,
1204 2153 1354 2197 deinde
1380 2171 1444 2198 10.
1460 2155 1628 2198 februa-

147 2216 195 2260 rii
213 2215 336 2272 1690.
370 2213 557 2256 Clericus
582 2213 783 2256 Camerae
805 2243 815 2252 .

265 2274 423 2317 Curtius
450 2272 572 2331 Origo
590 2275 793 2315 Romanus
816 2270 941 2327 1690.
961 2300 974 2319 ,
990 2283 1132 2327 postea
1168 2286 1233 2328 15.
1256 2273 1474 2320 decembris
1495 2274 1622 2332 1695.

155 2333 208 2377 Α.
228 2334 282 2377 C.
318 2339 642 2382 Locumtenens;
685 2331 922 2374 Cardinalis
951 2344 1064 2373 anno
1082 2345 1208 2387 1712.

273 2394 500 2454 Peregrinus
518 2391 745 2435 Masserius
757 2424 770 2440 ,
787 2389 1057 2433 Foroliviensis
1079 2391 1207 2444 1695.

272 2454 473 2511 Pompejus
491 2454 797 2501 Aldovrandus‚
818 2448 1074 2493 Bononiensis
1099 2449 1228 2506 1696.
1264 2448 1409 2491 deinde
1435 2450 1627 2508 Signatu-

160 2525 225 2554 rae
254 2512 413 2553 vorans
430 2541 442 2558 ‚
471 2514 672 2570 postremo
692 2510 929 2554 Cardinalis
949 2540 959 2548 .

277 2571 438 2613 Carolus
457 2573 598 2616 Cerrus
629 2574 827 2616 Romanus
855 2585 894 2613 a.
921 2582 1048 2624 1700.
1073 2598 1086 2615 ‚
1106 2581 1146 2610 et
1173 2582 1210 2609 a.
1237 2568 1362 2626 1706.
1390 2568 1442 2611 A.
1460 2569 1514 2611 C.
1546 2571 1628 2610 Lo-

152 2644 399 2675 cumtenens
421 2662 431 2673 .
1043 2625 1084 2673 O
1119 2641 1145 2670 2
1507 2629 1629 2673 Mar·
