1952 3167
345 301 398 335 »18
713 296 774 331 DE
800 294 911 338 JURE
940 293 1219 330 SIGN-ATURAE
1246 294 1459 337 JUSTITIAE

351 350 539 392 augeatur3
577 343 635 379 sed
664 355 773 389 neque
812 346 896 379 inter
920 344 980 379 hos
1012 355 1128 380 omnes
1154 344 1241 379 ultra
1269 344 1478 390 septuaginta
1505 342 1688 389 Signaturae
1717 343 1830 390 gratia:

349 392 600 431 Referendariis
617 404 685 428 esse
702 393 830 438 possint
845 416 856 427 .
1081 405 1084 408 ·

446 443 510 477 111.
537 442 609 476 Nec
623 442 712 476 ullus
726 452 868 476 numero
884 464 895 481 ,
923 448 956 475 et
985 439 1157 475 consortio
1175 440 1490 475 Referendariorum
1513 441 1650 479 justitiae
1671 443 1712 476 de
1732 451 1835 476 coete-

349 504 389 528 ro
415 490 648 530 adscribatur,
690 490 750 526 nisi
784 490 826 525 sit
858 500 899 523 cx
926 489 1079 534 legitimo
1108 489 1348 526 matrimonio,
1379 488 1596 532 honestisque
1634 492 1830 532 parentibus

347 548 570 587 procreatus,
612 548 643 573 et
670 537 828 574 Clericali
857 538 1044 572 charactere
1068 535 1244 581 insignitus
1269 559 1280 575 ‚
1307 545 1346 569 ac
1379 534 1557 581 utriusque
1575 559 1585 574 ,
1615 536 1669 571 vel
1694 538 1829 574 alterius

347 590 475 629 jurium
496 588 638 623 -Doctor
667 588 698 621 in
724 586 837 631 aliqua
861 584 962 620 studii
990 584 1155 631 generalis
1174 583 1396 618 Universita‘te
1426 593 1627 628 promotus,
1656 594 1690 620 et
1713 587 1744 621 in
1767 588 1833 621 Ro-

348 649 445 672 mana
478 638 587 671 Curia
615 635 757 675 habitu,
785 642 818 669 et
845 643 982 669 tonsura.
1008 632 1231 669 Clericalibus
1276 633 1461 669 incedendo
1487 646 1550 680 per
1575 633 1747 670 biennium
1762 645 1834 669 ver-

349 694 469 726 satus,
498 685 641 730 vitaeque
672 684 890 729 integritate,
917 695 953 718 ac
983 695 1114 719 morum
1144 680 1312 727 probitate
1336 686 1614 721 commendatus,
1650 691 1685 717 et
1715 683 1831 718 saltem

350 732 384 767 in
414 744 470 774 25.
489 733 593 768 aetatis
619 743 686 767 snae
712 732 803 767 annis
832 733 1060 773 constitutus,
1090 733 1277 776 habentque
1307 731 1339 765 in
1361 732 1454 766 bonis
1482 730 1748 777 temporalibus,
1778 730 1834 766 vel

347 781 530 816 Beneficiis
553 780 794 816 Ecclesiasticis
812 804 822 820 ‚
855 783 941 817 unde
970 782 1001 817 in
1023 781 1093 827 ipsa
1120 779 1226 816 Curia
1260 779 1432 826 dignitatis
1463 792 1530 816 suae
1559 779 1695 828 gradum
1725 780 1833 815 valeat

347 830 508 865 decenter
538 828 727 864 sustinere.

447 879 510 914 IV.
538 878 646 911 Porro
665 875 844 921 antequam
869 879 909 912 ad
927 879 1031 924 ipsius
1053 878 1290 914 admissionem
1310 878 1518 921 procedatur
1542 888 1602 921 per
1615 878 1767 915 ejusdem
1784 876 1833 910 Si-

349 934 497 971 gnaturae
517 925 652 963 iustitiae
679 926 877 958 Praefectum
894 949 904 965 ,
926 928 1054 961 vocatis
1076 951 1086 966 ‚
1116 936 1150 960 et
1181 925 1392 970 congregatis
1426 927 1464 959 ad
1493 926 1524 960 id
1551 937 1609 960 sex
1637 924 1835 970 antiquiori-

349 975 413 1007 bus
442 972 720 1011 Referendariis‚
752 974 886 1006 secreto
928 975 1135 1013 examinari,
1164 984 1196 1007 et
1225 975 1265 1007 ad
1293 976 1379 1007 hunc
1406 973 1573 1008 effectum‘
1601 973 1717 1008 saltem
1743 971 1835 1008 binas

349 1018 645 1065 supplicationes,
678 1032 736 1054 seu
764 1022 1023 1057 commissiones
1043 1021 1105 1057 sibi
1120 1022 1159 1056 ab
1190 1022 1261 1063 ipso
1276 1022 1437 1056 Praefecto
1463 1035 1504 1058 ex
1530 1032 1685 1067 tempore
1716 1032 1835 1065 porre-

349 1077 418 1103 ctas
448 1079 637 1112 proponere
668 1069 811 1103 debeat.
843 1070 948 1116 Quod
966 1072 992 1106 si
1020 1069 1177 1106 collectis
1197 1069 1351 1106 Praefecti
1366 1095 1376 1110 ,
1396 1080 1429 1105 et
1455 1083 1512 1106 sex
1528 1071 1753 1117 antiquiorum
1773 1071 1840 1110 Re.

345 1117 618 1153 ferendariorum
653 1117 869 1162 praefatorum
914 1120 1081 1166 suffragiis
1107 1144 1117 1160 ,
1147 1131 1249 1164 super
1284 1119 1406 1163 quibus
1447 1131 1561 1156 eorum
1596 1119 1836 1156 conscientiam

345 1177 526 1201 oneramus
543 1189 553 1206 ‚
579 1164 690 1200 taliter
711 1167 743 1201 in
771 1169 965 1205 huiusmodi
997 1169 1230 1214 propositione
1256 1179 1290 1202 se
1316 1169 1497 1209 habuerit,
1525 1179 1562 1205 ut
1593 1169 1756 1204 relatione
1783 1180 1839 1202 su-

347 1225 409 1260 per
442 1218 507 1249 hoc
535 1225 594 1257 per
618 1215 747 1250 dictum
781 1216 985 1253 Praefectum
1020 1216 1142 1256 nobis,
1175 1226 1231 1252 aut
1261 1228 1323 1261 pro
1353 1224 1507 1261 tempore
1538 1217 1693 1253 existenti
1715 1218 1838 1251 Rorna-

346 1273 391 1297 no
421 1262 580 1296 Pontifici
614 1264 701 1297 facta
717 1287 729 1303 ,
745 1266 868 1298 meruit
885 1266 1113 1301 commendari
1134 1289 1144 1304 ‚
1163 1275 1196 1299 et
1213 1265 1392 1309 approbari
1409 1289 1420 1304 ,
1437 1274 1517 1300 tunc
1535 1289 1544 1304 ,
1559 1276 1592 1300 et
1616 1277 1680 1299 non
1708 1265 1787 1298 alias
1803 1264 1837 1298 in

346 1310 632 1345 Referendarium
663 1311 814 1350 ejusdem
843 1313 1025 1355 Signaturae
1050 1313 1189 1353 justitiae
1218 1313 1418 1347 admittatur
1442 1336 1452 1352 ,
1481 1313 1631 1358 praestito
1659 1311 1751 1359 prius
1779 1320 1840 1358 per

347 1371 425 1394 eum
446 1359 476 1392 in
503 1359 655 1394 manibus
685 1360 836 1399 eiusdem
869 1362 1023 1398 Praefecti
1050 1361 1151 1396 solito
1166 1363 1381 1401 iuramento-

449 1407 493 1440 V.
520 1407 577 1441 Ad
595 1408 807 1453 Signaturam
823 1422 906 1445 vero
923 1412 1034 1456 gratiae
1060 1409 1184 1445 nemini
1200 1419 1307 1454 pateat
1326 1422 1478 1444 ascensus
1499 1433 1509 1449 ,
1527 1410 1590 1445 nisi
1602 1409 1717 1443 saltem
1734 1407 1838 1443 trien-

347 1453 405 1489 nio
434 1454 465 1488 in
489 1454 665 1498 Signa-tura
693 1457 831 1494 justitix
863 1459 964 1493 fuerit
997 1458 1211 1492 laudabiliter
1240 1466 1392 1491 versatus
1420 1481 1431 1496 ‚
1475 1457 1624 1502 exceptis
1659 1457 1834 1492 dumtaxat

347 1514 526 1538 causarum
546 1502 665 1537 Palatii
683 1503 874 1548 Apostolici
901 1506 1150 1546 Auditoribus‚
1180 1514 1213 1540 et
1240 1505 1395 1541 Camerae
1423 1506 1631 1548 Apostolicae
1654 1504 1804 1540 Clericis
1822 1527 1835 1545 ‚

351 1562 499 1596 quorum
527 1551 671 1595 quisque
700 1553 742 1586 ad
770 1562 949 1599 utramque
983 1555 1192 1600 Signaturam
1221 1553 1344 1599 quovis
1369 1563 1525 1598 tempore
1551 1552 1666 1589 ascisci
1700 1552 1807 1587 valeat
1825 1578 1836 1590 .

451 1599 512 1632 VI.
541 1599 710 1642 Insuper,
740 1601 833 1645 quod
850 1602 959 1641 eidem
979 1602 1165 1648 Signaturae
1178 1603 1290 1648 gratiae
1305 1614 1439 1647 semper
1454 1604 1572 1637 decem
1591 1627 1601 1642 ‚
1629 1611 1662 1637 et
1677 1610 1756 1651 octo
1772 1601 1837 1636 Re-

349 1645 527 1681 ferendarii
557 1646 590 1680 in
610 1647 719 1682 Curia
752 1658 955 1691 praesentes,
986 1663 1045 1686 nec
1063 1650 1219 1695 legitimo
1247 1651 1490 1695 impedimento
1520 1651 1670 1692 detenti,
1703 1652 1837 1685 duode-

350 1695 418 1730 cim
447 1693 610 1730 videlicet
639 1695 872 1742 antiquiores,
901 1711 1002 1744 penes
1029 1712 1114 1745 quos
1144 1699 1316 1735 sententiae
1335 1701 1484 1736 dicendae
1513 1701 1546 1736 in
1575 1701 1644 1746 ipsa
1659 1697 1836 1745 signatura

348 1743 464 1789 gratiae
492 1756 553 1778 suo
580 1745 730 1790 quisque
763 1746 842 1781 loco
873 1771 885 1787 ,
916 1756 951 1782 et
974 1748 1091 1784 ordine
1119 1747 1257 1784 facultas
1283 1748 1421 1789 existit,
1451 1758 1484 1784 et
1511 1749 1565 1784 alii
1596 1759 1685 1789 tres,
1712 1748 1835 1794 quibus

349 1803 435 1827 onus
470 1791 606 1828 libellos
634 1794 802 1840 supplices
832 1797 1043 1841 proponendi
1075 1797 1265 1838 incumbit,
1287 1797 1408 1843 reliqui
1435 1810 1515 1833 vero
1547 1807 1613 1833 tres
1644 1796 1835 1833 successive

349 1841 591 1886 proposituri,
622 1854 682 1878 nec
709 1856 776 1879 non
794 1844 1038 1880 Thesaurarius
1062 1844 1261 1886 Generalis,
1296 1856 1328 1880 et
1359 1847 1460 1882 etiam
1480 1846 1656 1882 Generalis
1685 1846 1836 1881 Auditor

347 1890 544 1925 Causarum
575 1891 691 1927 Curiae
716 1892 816 1928 dictae
844 1894 1022 1935 Camerae,
1047 1906 1085 1930 ac
1102 1907 1189 1930 unus
1219 1906 1259 1929 ex
1290 1894 1407 1930 Palatii
1440 1895 1630 1942 Apostolici
1660 1894 1836 1930 Auditori-

346 1938 434 1992 bus,
463 1949 495 1974 et
525 1951 611 1974 unus
638 1953 679 1975 ex
701 1943 850 1982 ejusdem
883 1944 1034 1979 Camerae
1061 1943 1208 1979 Clericis
1240 1943 1411 1980 alternatis
1437 1946 1570 1981 vicibus
1587 1969 1598 1985 ,
1620 1945 1701 1980 item
1727 1943 1833 1979 nostri

349 1997 384 2020 m
413 1988 505 2022 Urbe
533 1988 661 2024 Vicarii
680 2014 691 2029 ,
720 2000 752 2026 et
780 2003 953 2028 causarum
972 1993 1090 2028 Curiae
1118 1992 1262 2038 praefatae
1291 1993 1469 2030 Auditoris
1490 1995 1753 2031 Locatenentes,
1771 2002 1832 2026 nec

343 2046 412 2071 non
439 2037 646 2073 Secretarius
674 2040 918 2085 Apostolicus,
945 2041 1030 2078 acin
1057 2042 1171 2078 eadem
1193 2042 1372 2088 Signatura
1398 2043 1512 2089 gratiae
1540 2039 1744 2087 proponendi
1759 2051 1831 2074 mu-

345 2096 405 2119 nus
432 2098 450 2120 a
479 2086 800 2125 Referendariorum
824 2091 962 2126 Decano
993 2093 1033 2125 ad
1065 2100 1201 2127 caeteros
1233 2102 1349 2126 omnes
1378 2103 1438 2135 per
1460 2099 1596 2125 turnum
1624 2089 1722 2127 iuxta
1761 2097 1829 2123 suae

342 2134 509 2176 cujusque
537 2135 745 2179 receptionis
764 2162 775 2176 ,
799 2147 834 2172 et
853 2138 1066 2173 admissionis
1096 2139 1247 2171 ordinem
1278 2137 1489 2171 deducatur.

443 2181 522 2214 VII.
551 2183 591 2217 ln
616 2183 793 2227 Signatura
817 2195 901 2218 vero
926 2183 1063 2223 justitiae
1092 2185 1181 2218 circa
1210 2183 1369 2219 rationem
1386 2184 1596 2231 proponendi
1624 2183 1746 2220 ibidem
1764 2193 1830 2219 ser-

343 2227 415 2262 vari
452 2226 586 2263 solitam
608 2252 620 2267 ,
648 2229 731 2264 nihil
758 2231 913 2266 ducimus
947 2231 1203 2267 innovandum..

445 2276 544 2310 vm.
571 2277 626 2310 Ne
650 2287 761 2313 autem
777 2291 847 2324 quo
864 2280 1008 2325 quisque
1036 2289 1189 2325 tempore
1205 2280 1235 2314 in
1252 2280 1426 2326 Signatura
1443 2306 1452 2322 ,
1469 2290 1533 2317 tarn
1550 2281 1687 2321 iustitiae
1700 2304 1711 2320 ‚
1726 2292 1825 2326 quam

344 2322 459 2368 gratiae
493 2324 534 2358 sit
550 2325 737 2366 admissus,
764 2328 910 2362 haesitari
937 2328 1134 2373 contingat,
1163 2328 1286 2374 singuli
1314 2329 1544 2366 Referendarii
1574 2342 1661 2366 nunc
1686 2329 1827 2373 existen-

344 2380 392 2406 tes
412 2395 421 2411 ‚
448 2373 572 2418 quibus
593 2386 689 2409 suum
719 2375 843 2421 cuique
872 2376 1011 2417 locum,
1043 2384 1077 2411 et
1094 2377 1247 2412 ordinem
1276 2379 1409 2414 salvum
1427 2404 1437 2419 ,
1465 2389 1497 2415 et
1511 2378 1649 2414 illaesum
1673 2390 1745 2414 esse
1767 2388 1826 2412 vo-

343 2418 452 2456 lumus
470 2445 481 2462 ,
508 2421 596 2457 intra
626 2432 691 2458 tres
719 2436 846 2459 menses
873 2437 890 2460 a
919 2426 994 2460 data
1026 2427 1239 2471 praesentium
1259 2430 1530 2473 computandos,
1560 2429 1712 2466 aliivero
1731 2428 1761 2462 in
1776 2426 1825 2460 fn-

344 2477 456 2504 turum
491 2470 714 2514 admittendi,
741 2483 815 2508 ante
849 2477 1012 2520 cujusque
1042 2486 1160 2509 eorum
1188 2475 1420 2511 admissionem
1437 2501 1448 2518 ,
1476 2477 1589 2512 literas
1610 2474 1822 2523 Apostolicas

345 2519 409 2552 sub
438 2520 578 2565 plumbo
589 2533 693 2568 super
719 2524 940 2559 concessione
958 2523 1010 2560 sui
1037 2522 1139 2559 officii
1169 2524 1465 2563 Referendariatus
1484 2523 1823 2570 hujusmodi-expedi-

1784 2582 1822 2607 re
