1952 3167
348 326 421 362 1170
714 317 776 353 DE
804 315 917 360 JURE
945 315 1227 354 SIGNATURAE
1253 318 1466 360 JUSTITIAE
1802 340 1803 343 =

349 367 427 401 dem
441 364 529 411 ipsos
545 364 752 401 Mercatores
768 367 941 403 conveniri
959 368 1081 402 debere
1096 392 1106 407 ,
1134 368 1291 414 ipsosque
1306 369 1474 405 Consules
1489 392 1500 410 ,
1523 376 1556 404 et
1574 368 1705 406 Iudices
1720 371 1834 416 appel-

346 414 509 450 lationum
522 426 635 450 causas
652 428 884 462 quascumque
899 416 1024 451 ratione
1041 417 1207 452 Mercium
1223 427 1288 452 tam
1306 429 1378 462 quae
1393 418 1432 452 ad
1446 419 1610 454 Grossum
1622 443 1632 458 ,
1646 431 1743 463 quam
1758 431 1831 466 qua:

348 464 392 498 ad
419 463 592 499 Minutum
621 465 848 500 venderentur
878 464 1044 510 privative
1080 467 1189 508 quoad
1219 465 1301 499 alios
1332 476 1565 508 quoscumque
1592 467 1727 502 Iudices
1752 491 1762 508 ‚
1799 477 1834 503 et

348 510 546 546 Tribunalia
562 536 573 552 ,
607 521 639 547 et
656 513 813 558 Episcopi
830 537 840 553 ‚
866 525 902 547 ac
920 511 1168 545 Gubernatoris
1188 511 1336 546 Anconae
1350 535 1361 552 ,
1394 523 1432 546 ac
1460 513 1706 548 Gubernatoris
1734 513 1834 552 etiam

347 559 540 596 Provinciae
558 561 716 596 Marchiae
735 561 977 598 Anconitanae‚
1004 567 1038 592 et
1069 558 1260 594 Tribunalis
1291 561 1386 597 Rotae
1413 560 1651 597 Maceratensis
1668 586 1678 601 ‚
1707 573 1837 599 necnon

349 608 449 642 etiam
466 610 577 653 quoad
594 609 689 644 Rota:
706 608 888 642 Auditores
903 632 913 648 ,
942 618 1070 642 necnon
1098 608 1131 642 S.
1149 608 1307 644 Romanae
1333 609 1488 645 Ecclesiae
1514 610 1749 646 Camerarium
1765 635 1776 651 ‚
1799 623 1838 647 ac

351 656 610 692 Thesaurarium
628 657 826 691 Generalem
838 681 847 697 ‚
863 666 896 691 et
910 656 1086 691 Cameram
1103 656 1336 701 Apostolicam
1355 659 1484 694 definiri
1499 683 1509 700 ‚
1525 669 1560 694 et
1574 659 1745 695 terminari
1760 671 1838 705 pos·

350 716 399 743 se,
414 713 448 738 et
458 706 592 746 debere3
608 714 707 750 atque
725 716 840 741 rursus
856 703 1109 750 praescripsit,et
1129 704 1838 752 inhibuitEpiscopis,etGubernatoribus,

347 752 598 794 Auditoribus,
616 754 816 788 Camerario
828 777 838 794 ‚
853 754 1078 789 Thesaurario
1091 777 1101 793 ‚
1116 762 1151 789 et
1168 754 1321 792 Camerae
1342 756 1548 801 Apostolicae
1570 757 1840 798 Praesidentibus,

349 809 384 834 et
399 800 545 836 Clericis
561 825 572 841 ‚
599 801 737 847 aliisque
762 803 942 844 judicibus
974 802 1243 849 quibuscumque
1271 805 1331 839 sub
1348 804 1582 850 indignationis
1604 818 1695 846 suae,
1726 817 1761 840 ac
1786 817 1842 841 ex-

347 849 629 884 comunicationis
659 850 729 886 latae
742 852 915 887 sententiae
948 863 989 885 eo
1007 851 1079 897 ipso
1109 851 1316 889 incurrendae
1331 878 1346 894 ‚‚
1373 864 1431 888 nec
1446 865 1510 890 non
1526 853 1599 889 aliis
1613 853 1753 889 arbitrio
1776 865 1840 889 suo

341 897 477 943 poenis,
507 909 547 931 ne
562 901 603 931 de
619 908 741 933 caetero
769 900 800 934 in
830 900 1023 939 hujusmodi
1054 902 1184 942 causis,
1212 914 1270 937 seu
1299 903 1545 948 quoquomodo
1574 901 1798 938 intromittere
1826 925 1839 943 ,

342 956 429 980 neve
444 945 664 982 inhibitiones
680 971 690 987 ‚
722 947 1012 994 Significationes‚
1043 948 1094 984 vel
1122 961 1186 985 non
1215 951 1388 986 Gravetur
1414 963 1518 998 super
1541 950 1737 992 huiusmodi
1761 962 1840 986 cau-

341 994 387 1028 sis
403 996 590 1029 concedere
605 1019 615 1034 ,
641 994 695 1030 vel
712 995 788 1032 alias
813 999 1135 1044 quomodocumque
1161 999 1353 1042 iudicium,
1381 1011 1414 1036 et
1432 1001 1701 1041 jurisdictionem
1727 999 1842 1035 dicto-

340 1053 420 1077 rum
447 1042 638 1078 Consulum
669 1045 858 1089 impedire,
888 1055 921 1081 et
947 1047 1118 1082 retardare
1142 1050 1332 1089 auderent,
1362 1061 1421 1085 seu
1439 1059 1708 1095 praesumerent,
1727 1047 1841 1084 simul·

338 1102 407 1136 que
437 1091 555 1127 iisdem
588 1093 797 1130 Consulibus
824 1095 1063 1141 amplissimam
1094 1096 1288 1134 facultatem
1316 1099 1506 1139 concessit,
1535 1108 1572 1134 ut
1591 1099 1624 1134 in
1642 1097 1750 1134 causis
1777 1099 1838 1134 hu-

340 1141 490 1181 iusmodi
521 1164 532 1180 ‚
573 1142 752 1187 quibusvis
786 1144 1043 1180 inhibitionibus
1073 1168 1085 1184 ‚
1115 1154 1171 1181 aut
1196 1146 1267 1182 aliis
1296 1147 1548 1193 impedimentis
1581 1148 1737 1190 judicum
1767 1170 1779 1186 ,
1806 1152 1842 1181 et

339 1187 577 1242 Tribunalium
607 1192 802 1230 hujusmodi
833 1202 911 1229 tunc
926 1193 1119 1233 concessis,
1139 1203 1173 1229 et
1201 1195 1234 1230 in
1249 1205 1420 1241 posterum
1451 1195 1674 1233 concedendis
1700 1195 1840 1231 minime

338 1246 478 1271 attentis
505 1261 517 1277 ,
543 1242 751 1282 procedere,
782 1251 816 1279 et
832 1242 1010 1279 terminare
1028 1265 1039 1281 ‚
1073 1250 1177 1289 atque
1204 1256 1437 1293 quoscumque
1460 1254 1527 1282 tam
1555 1252 1707 1284 actores,
1737 1254 1841 1291 quam

336 1297 414 1320 reos
443 1287 483 1320 ad
498 1286 580 1321 alios
596 1289 728 1325 Iudices
746 1314 756 1330 ‚
787 1301 820 1326 et
853 1290 1050 1328 ‘tribunalia
1079 1302 1291 1328 recurrentes
1323 1307 1384 1340 per
1413 1294 1644 1340 pecuniarias,
1675 1301 1732 1329 aut
1760 1291 1841 1328 alias

335 1345 457 1369 eorum
477 1336 617 1370 arbitrio
644 1337 886 1383 imponendas,
918 1351 952 1377 et
965 1338 1178 1387 applicandas
1207 1354 1318 1388 poenas
1334 1344 1375 1379 ad
1400 1355 1518 1379 eorum
1547 1342 1714 1384 judicium
1733 1342 1840 1378 trahe·

338 1394 378 1418 re
404 1382 556 1419 valerent
571 1409 581 1425 9
612 1386 804 1433 Eademque
830 1391 873 1424 de
899 1401 935 1424 re
961 1391 1022 1427 cla·
1039 1400 1141 1426 mem.
1157 1391 1277 1427 Petrus
1290 1415 1302 1432 ‚
1332 1393 1413 1429 dum
1429 1393 1517 1429 vixit
1529 1416 1541 1433 ‚
1563 1393 1595 1429 S.
1611 1392 1653 1427 R.
1668 1392 1705 1427 Ε.
1719 1387 1841 1426 Cardi-

336 1431 422 1485 nalis
437 1431 710 1471 Aldobrandinus
726 1446 805 1474 tunc
820 1440 982 1484 temporis
1011 1444 1043 1479 S.
1062 1439 1105 1473 R.
1121 1439 1162 1476 E.
1182 1441 1398 1476 Camerarius
1415 1440 1588 1477 nonnullas
1612 1440 1720 1475 edidit
1746 1438 1838 1491 lege}

338 1490 372 1512 ιη
391 1480 533 1516 diversis
550 1483 719 1526 Capitulis
734 1496 906 1521 contentas
920 1512 930 1526 ,
947 1501 983 1523 ac
999 1493 1127 1525 bonum
1156 1489 1308 1532 regimen
1336 1490 1486 1529 ejusdem
1505 1487 1710 1523 Consulatus
1737 1496 1839 1530 respi-

334 1526 488 1568 cientes,
519 1537 550 1562 et
566 1531 605 1562 ab
620 1532 740 1566 eodem
782 1533 962 1569 Clemente
996 1537 1246 1572 Praedecessore
1273 1538 1511 1573 confirmatas,
1543 1535 1576 1568 in
1608 1535 1732 1576 quibus
1771 1542 1839 1577 prae

335 1574 468 1609 caeteris
485 1576 707 1610 constitutum
737 1580 803 1612 fuit
822 1603 832 1618 2
857 1589 896 1613 ut
926 1582 960 1614 in
984 1595 1060 1619 casu
1080 1607 1091 1624 ‚
1121 1595 1190 1627 quo
1205 1584 1410 1617 Mercatores
1438 1582 1469 1615 in
1485 1580 1638 1616 Civitate
1656 1580 1841 1616 Anconita-

332 1635 376 1657 na
390 1623 569 1658 existentes
594 1625 728 1659 decocti
746 1628 950 1670 evasissent,
985 1634 1098 1667 statim
1124 1629 1218 1663 Libri
1247 1627 1464 1674 negotiorum
1491 1652 1502 1668 ,
1530 1641 1569 1664 ac
1597 1629 1762 1665 mercium
1795 1629 1839 1664 ad

333 1670 563 1708 Consulatum
594 1674 841 1716 transferendi,
871 1678 1011 1724 ejusque
1036 1675 1252 1715 Cancellario
1281 1677 1498 1723 consignandi
1530 1686 1639 1714 essent
1663 1690 1729 1713 una
1758 1689 1839 1714 cum

329 1718 520 1755 inventario
548 1721 704 1759 omnium
717 1735 828 1759 rerum
845 1749 855 1765 ‚
882 1734 915 1760 et
935 1729 1098 1764 mercium
1116 1751 1127 1768 ,
1151 1736 1225 1772 quae
1239 1737 1341 1771 penes
1357 1725 1450 1771 ipsos
1463 1729 1713 1772 reperirentur3
1745 1727 1839 1762 item-

332 1780 401 1814 que
436 1768 553 1805 iisdem
578 1771 789 1808 Consulibus
820 1774 1015 1813 facultatem
1048 1774 1191 1812 indulsit
1221 1775 1374 1820 capiendi
1389 1785 1597 1822 opportunas
1625 1775 1840 1822 provisiones

330 1818 447 1862 quoad
476 1818 548 1854 illas
572 1820 711 1861 Nava,
740 1833 813 1867 quae
845 1823 999 1868 pericula
1024 1823 1189 1870 naufragii
1215 1824 1331 1859 subire
1358 1834 1526 1871 possent,
1554 1824 1601 1860 eis
1631 1836 1696 1859 1¹0ss
1724 1823 1844 1860 SOlum’

332 1865 497 1901 auxilium
517 1891 528 1908 ‚
553 1876 588 1903 et
602 1869 793 1906 subsidium
825 1875 1094 1918 suppeditando,
1125 1874 1243 1910 verum
1260 1872 1360 1909 etiam
1389 1886 1517 1910 merces
1544 1873 1577 1908 in
1607 1872 1671 1909 illis
1701 1881 1841 1908 conten·

331 1921 381 1948 ²²⁵
398 1938 411 1955 ³
446 1918 557 1961 quoad
581 1918 653 1953 fieri
674 1929 809 1963 posset,
835 1925 1085 1965 conservandi,
1118 1924 1163 1959 ita
1184 1931 1293 1958 tamen
1313 1931 1351 1959 ut
1380 1926 1419 1959 ad
1445 1923 1650 1959 solutionem
1679 1932 1840 1967 expensa·

328 1973 405 1998 rum
424 1987 437 2003 9
466 1976 540 2010 quae
572 1967 605 2000 in
639 1979 773 2004 causam
805 1970 890 2006 hanc
922 1982 1069 2019 erogatae
1095 1973 1263 2012 fuissent,
1294 1971 1501 2008 Consulatus
1528 1971 1690 2007 Tribunal
1715 1979 1840 2017 cogere

327 2021 469 2055 posset,
496 2025 533 2048 ac
548 2014 625 2050 alias
643 2026 745 2061 prout
764 2018 799 2052 in
822 2018 941 2055 iisdem
963 2021 1132 2068 Capitulis
1149 2045 1160 2062 ‚
1193 2031 1340 2066 quorum
1368 2031 1500 2057 tenores
1527 2020 1747 2068 praesentibus
1774 2027 1839 2064 pro

330 2061 496 2104 expressis
515 2086 527 2102 ,
552 2072 587 2097 et
612 2065 742 2100 insertis
774 2068 890 2103 haberi
919 2071 1080 2107 volumus
1104 2096 1115 2112 ‚
1146 2070 1284 2105 uberius
1311 2070 1536 2106 continetur.
1573 2070 1668 2116 Qas
1695 2067 1834 2113 quidem

329 2112 587 2155 praerogativas,
599 2113 775 2150 facultates
788 2140 800 2156 ,
816 2125 850 2152 et
873 2118 1127 2158 iurisdictiones
1146 2118 1357 2154 Consulibus
1379 2119 1539 2154 Civitatis
1556 2117 1787 2154 Anconitanae‚
1796 2121 1834 2149 ut

329 2157 512 2198 praefertur
529 2183 539 2198 ,
569 2172 742 2198 concessas
758 2188 769 2204 ,
787 2177 825 2200 ac
853 2168 1035 2212 privilegia
1054 2166 1214 2212 praedicta
1240 2167 1296 2200 alii
1314 2167 1434 2199 deinde
1448 2165 1629 2198 Pontifices
1650 2164 1835 2197 Praedeces·

328 2213 421 2236 sores
448 2207 551 2238 nostri
572 2230 582 2245 ‚
599 2219 633 2241 et
662 2213 849 2250 praesertim
869 2223 937 2245 ree.
958 2226 1060 2248 mem.
1079 2213 1202 2246 Paulus
1217 2212 1451 2257 V.Gregorius
1467 2213 1544 2246 XV.
1558 2212 1712 2246 Urbanus
1735 2211 1833 2246 VIII.

327 2249 492 2285 Clemens
509 2253 608 2293 XII„
623 2263 656 2288 et
672 2255 876 2292 Benedictus
890 2259 986 2293 XIV.
998 2261 1238 2294 confirmarunt
1249 2282 1260 2298 ‚
1273 2270 1311 2294 ac
1325 2259 1538 2295 declararunt
1549 2266 1609 2301 ‚et
1623 2270 1688 2305 prae
1702 2259 1832 2295 caeteris

327 2299 421 2333 idem
437 2300 626 2346 Gregorius
640 2301 722 2335 XV.
741 2315 801 2347 per
815 2317 889 2340 suas
907 2305 1038 2342 litteras
1059 2308 1090 2342 in
1105 2306 1207 2341 simili
1221 2307 1331 2343 forma
1353 2308 1474 2344 Brevis
1500 2309 1556 2344 die
1585 2318 1640 2351 15.
1666 2307 1829 2345 Octobris

326 2347 576 2384 M.1>.c.xxvu.
606 2350 777 2395 expeditas
809 2353 1037 2400 praescripsit‚
1069 2364 1102 2391 et
1127 2356 1323 2398 mandavit,
1349 2367 1388 2392 ut
1414 2358 1605 2394 eorumdem
1632 2355 1828 2393 Consulum

328 2404 456 2432 tantum
481 2409 562 2433 cura
589 2407 675 2434 esset
698 2412 748 2436 res
766 2402 977 2450 naufragatas
1004 2406 1255 2450 recuperandi,
1281 2417 1320 2441 ac
1339 2406 1416 2442 alias
1442 2416 1545 2453 prout
1573 2407 1606 2442 in
1624 2406 1743 2442 iisdem
1757 2406 1828 2441 Lit-

324 2446 405 2480 teris
424 2446 526 2491 ipsius
544 2447 705 2494 Gregorii
724 2450 981 2488 Praedecessoris
994 2478 1005 2495 ‚
1033 2466 1174 2500 quarum
1195 2467 1333 2502 quoque
1356 2464 1502 2492 tenorem
1531 2456 1749 2502 praesentibus
1763 2466 1827 2502 pro

323 2504 482 2541 expresso
496 2519 508 2537 ,
537 2506 570 2532 et
592 2497 853 2541 ,insertohaberi
882 2505 1042 2542 volu-mus
1056 2528 1071 2547 ,.
1095 2502 1228 2552 plenius
1249 2505 1444 2543 continetur
1460 2530 1469 2541 .
1497 2505 1619 2553 Nuper
1640 2513 1753 2546 amem
1770 2517 1826 2561 ex:

1737 2564 1821 2600 pom
