2075 3167
527 276 580 318 24
821 255 897 299 DE
926 255 1062 306 JURE
1092 256 1435 301 SIGNATURAE
1466 257 1720 308 JUSTITIAE

522 320 583 365 vel
607 315 824 376 Collegiata
843 349 856 367 ,
898 318 1085 375 deputari
1126 333 1208 360 non
1227 331 1404 384 possunt
1432 319 1779 362 conservatores.
1813 315 1858 358 E'
1875 315 2007 363 verbis

524 378 635 421 enim
670 376 840 420 Sixtinae
860 377 1086 419 sanctionis
1116 378 1350 433 apertissime
1380 391 1516 433 patet,
1542 378 1846 420 Referendarios
1872 374 2014 444 Digni-

527 450 646 480 tatem
665 437 808 478 habere
827 451 994 493 parem,
1019 449 1057 477 et
1081 436 1327 492 coaequalem
1345 436 1574 492 Dignitati,
1606 451 1701 492 quae
1717 452 1739 478 a
1759 437 2013 479 constitutio-

527 511 578 538 ne
598 494 788 549 Bonifacii
807 494 914 538 VIII.
935 526 948 544 ,
973 495 1166 536 innovata
1198 510 1219 536 a
1242 495 1435 537 Clemente
1457 495 1562 538 VIII
1588 509 1699 536 anno
1734 508 1958 549 1592.;et
1989 508 2014 534 a

527 553 715 612 Gregorio
732 555 823 596 XV.
847 568 958 595 anno
981 552 1108 594 1621.
1135 553 1236 608 (1),
1269 553 1487 609 requiritur
1521 552 1786 600 inludicibus
1805 549 2014 616 delegatis;

529 624 566 654 et
599 612 804 668 dispositio
821 611 995 668 ejusdem
1011 624 1185 664 sequens
1201 624 1282 653 est·
1310 612 1504 653 sancimus
1519 612 1670 669 igitur,
1701 622 1745 652 ut
1761 610 1906 657 nullis,
1935 607 2013 650 nisi

529 670 732 728 Dignitate
756 669 930 726 praeditis
950 698 963 716 ‚
988 678 1056 711 aut
1085 682 1332 724 personatum
1365 671 1622 713 obtinentibus
1653 685 1718 712 seu
1750 667 2012 712 Ecclesiarum

530 728 814 769 cathedralium
846 727 1050 770 Canonicis
1068 728 1205 770 Causae
1228 740 1300 771 etc.
1317 730 1364 770 cle
1381 741 1517 772 caetero
1542 729 1858 777 εοιηιηίῐῐαητιινς
1890 739 2016 768 recte-

527 801 605 841 que
632 801 744 828 saera
779 786 1054 844 Congregatio
1080 786 1260 830 Concilii
1292 789 1339 829 de
1378 804 1478 830 anno
1516 791 1636 844 1650.
1676 803 1808 844 quum
1837 784 2010 841 quaestio

526 857 623 887 esset
649 859 702 886 an
734 847 1034 895 protonotarii,
1069 861 1119 889 ex
1152 862 1200 888 eo
1215 847 1312 903 quia
1334 846 1579 904 Dignitatem
1597 863 1682 889 non
1710 846 1888 890 habent
1880 860 1921 885 1n
1940 845 2012 885 Ec-

527 902 639 945 clesia
670 904 903 948 Cathedrali
923 935 935 953 ,
969 904 1029 949 vel
1056 905 1278 963 Collegiata
1295 906 1478 962 deputari
1502 907 1655 963 possint
1674 906 2012 950 Conservatores,

527 963 682 1002 censuit
699 979 840 1029 posse,
865 981 914 1008 ex
929 981 976 1007 eo
992 966 1105 1020 quod
1118 965 1367 1022 Dignitatem
1389 966 1564 1008 habent
1556 981 1598 1006 m
1616 964 1790 1006 Ecclesia
1811 967 2013 1009 Romana,

525 1033 621 1073 quae
651 1021 835 1063 omnium
854 1023 1023 1064 aliarum
1042 1037 1166 1063 mater
1184 1037 1268 1069 est,
1299 1035 1337 1063 et
1368 1024 1584 1076 magistra.
1613 1024 1686 1076 (2)

646 1078 727 1119 Diu
757 1078 913 1121 Sixtina
946 1079 1136 1119 inhibitio
1179 1078 1321 1132 quoad
1354 1078 1744 1118 Referendariorum
1793 1093 2011 1121 numerum

527 1152 612 1179 non
644 1137 778 1184 stetit,
813 1136 935 1177 immo
965 1150 1052 1176 eam
1072 1135 1193 1190 plane
1212 1134 1428 1177 exolevisse
1466 1149 1618 1176 certum
1651 1149 1741 1182 est,
1772 1151 1902 1189 quum
1929 1151 2013 1192 pas·

525 1197 598 1238 sim
619 1194 805 1250 deinceps
832 1207 1065 1236 crearentur
1082 1193 1356 1235 Referendarii
1382 1194 1484 1235 ultra
1516 1194 1674 1235 dictum
1693 1195 1917 1250 praefixum
1937 1210 2012 1236 nu-

526 1268 713 1295 merum.
748 1252 855 1294 Hinc
888 1253 1180 1308 Chris-zophorus
1197 1252 1441 1293 Robusterius
1459 1253 1663 1308 Hispanus
1702 1255 1908 1295 Romanae
1929 1255 2012 1294 Ro-

523 1327 592 1355 tae
612 1310 816 1359 Auditor,
849 1324 887 1353 et
905 1324 1037 1376 postea
1058 1342 1071 1360 ,
1103 1310 1265 1352 dimissa
1276 1309 1519 1375 Episcopali
1539 1311 1744 1355 Cathedra
1777 1312 2011 1361 Oriolensi,

531 1385 642 1413 unus
662 1385 710 1412 ex
737 1369 1108 1413 XI1.Votantibus
1127 1401 1139 1418 ‚
1173 1368 1387 1425 requisitus
1407 1386 1427 1412 a
1452 1383 1549 1412 tunc
1571 1371 1756 1429 temporis
1772 1372 2012 1428 Signaturae

526 1429 753 1479 Praefecto,
774 1432 821 1473 de
842 1430 997 1472 illorum
1017 1429 1271 1471 multitudine
1292 1431 1532 1480 resecanda,
1550 1430 1773 1472 discursum
1789 1430 1956 1496 edidit,
1947 1445 2012 1472 in-

520 1491 632 1546 tegre
651 1490 934 1547 transcriptum
952 1505 974 1530 a
999 1489 1260 1530 Mai-chesano
1278 1488 1376 1545 (3);
1405 1489 1477 1543 qui
1499 1490 1642 1531 deinde
1662 1490 1783 1533 variis
1801 1489 2009 1531 rationum

523 1547 738 1604 praesidiis
754 1548 1049 1592 accuratissime
1067 1548 1255 1605 expendit
1275 1577 1286 1595 ‚
1300 1563 1345 1590 ac
1360 1548 1719 1592 demonstrandum
1735 1549 1856 1590 sumit
1870 1579 1884 1598 ‚
1899 1549 2012 1591 Refe-

529 1607 810 1649 rendariorum
829 1607 1131 1650 multitudinem
1146 1606 1378 1649 Causarum
1396 1608 1641 1664 expeditioni
1660 1607 1910 1673 plurimum
1899 1622 2012 1664 Juva-

530 1679 585 1730 re,
603 1666 889 1722 Romanaeque
909 1668 1064 1709 Curiae
1085 1666 1207 1707 decus
1224 1681 1286 1706 au
1279 1681 1396 1721 gwere
1413 1681 1450 1709 et
1470 1667 1672 1710 nobilibus
1691 1666 1917 1714 juvenibus
1947 1665 2011 1707 in-

527 1723 742 1766 citamento
760 1740 854 1774 esse,
872 1739 916 1767 ut
932 1725 1102 1767 alacrius
1120 1725 1263 1767 studiis
1280 1726 1521 1770 incumbant
1539 1755 1553 1775 ‚
1578 1725 1702 1781 iisque
1717 1724 1906 1767 absolutis
1923 1739 2011 1767 eam

528 1780 762 1838 dignitatem
788 1783 1091 1839 adipiscantur.

641 1840 931 1889 Referendarii,
945 1842 1016 1895 qui
1037 1842 1238 1882 Votantes
1254 1842 1589 1896 suntSignaturae
1607 1842 1908 1890 justiam-sicut
1918 1856 2013 1884 mu-

523 1899 628 1939 neris
661 1899 854 1954 dignitate
872 1899 1024 1941 caeteris
1053 1898 1298 1954 simplicibus
1316 1899 1609 1939 Referendariis
1627 1899 1899 1946 antecellunt,
1933 1900 2004 1947 ita,

523 1969 562 1998 et
578 1956 772 2013 peculiari
802 1958 971 1998 honoris
988 1956 1255 2013 praerogativa
1287 1955 1462 1997 decorati
1483 1956 1683 1997 fuerunt.
1718 1955 1866 1996 Paulus
1894 1955 2007 1999 enim

520 2016 576 2056 V.
600 2014 796 2058 violaceas
833 2015 903 2057 illis
920 2029 1047 2060 vestes
1081 2015 1276 2063 indulsit,
1306 2025 1430 2069 prout
1462 2025 1660 2055 testantur
1677 2014 1909 2057 Lunadorus
1917 2016 2004 2073 (4),

525 2086 564 2116 et
601 2072 890 2131 Cohellius(5);
907 2089 1031 2130 quam
1048 2087 1182 2137 postea
1201 2072 1516 2137 praerogativam
1522 2071 1753 2113 Alexander
1778 2073 1865 2115 Vll.
1886 2075 2005 2118 etiam

523 2132 792 2177 Auditoribus
813 2137 929 2184 Rotae
961 2129 1276 2173 communicavit
1309 2131 1414 2187 (6);
1448 2130 1518 2186 qui
1545 2130 1711 2184 quidem
1742 2145 1836 2174 mox
1869 2147 2004 2176 recen-

1947 2209 2002 2235 Sl-

1311 2268 1622 2283 —0—
1936 2271 2002 2283 ¹—-

568 2328 621 2367 (1)
645 2329 792 2361 Contenta
823 2331 855 2361 in
874 2331 948 2372 Cap.
967 2329 1123 2361 Statum-n
1142 2328 1180 2360 de
1197 2338 1246 2360 re—
1336 2326 1390 2367 (4)
1413 2330 1449 2358 In
1485 2338 1538 2360 suo
1558 2329 1674 2371 Opere:
1707 2327 1887 2360 Relazione
1914 2325 2000 2359 delta

521 2375 643 2415 scriptis
664 2375 698 2404 in
718 2375 750 2405 6.
1294 2374 1399 2404 Corte
1422 2373 1453 2401 di
1467 2375 1570 2403 Roma
1586 2396 1595 2405 .

568 2419 622 2457 (2)
647 2418 720 2459 Cap.
738 2428 767 2450 2.
783 2419 821 2449 de
838 2420 964 2450 Summa
983 2419 1094 2450 Trinz't.
1108 2427 1175 2460 cap.
1189 2428 1241 2450 an·
1332 2419 1384 2456 (ς)
1409 2417 1701 2450 Notit.Cardinalat.
1717 2417 1996 2460 cap.57.Reg.308.

521 2464 606 2503 siqua
623 2462 660 2492 de
671 2462 856 2504 privilegiis
871 2485 878 2493 .
1332 2462 1386 2500 (6)
1415 2463 1468 2492 26.
1496 2464 1632 2497 Octobris
1659 2465 1754 2503 1655.
1782 2464 1816 2495 in
1832 2462 1944 2495 litteris
1963 2463 1997 2494 in

568 2507 620 2546 (ς)
644 2508 690 2537 De
708 2509 850 2541 Commis.
870 2505 901 2554 §.
918 2517 946 2537 1.
968 2517 1036 2551 cap.
1053 2517 1081 2538 1.
1098 2518 1129 2539 n.
1143 2506 1197 2537 82.
1295 2506 1404 2548 forma
1425 2506 1530 2542 brevis
1542 2529 1553 2538 .
