2075 3167
486 322 541 366 72
782 304 858 346 DE
889 301 1024 352 JURE
1054 301 1395 346 SIGNATURAE
1426 300 1685 348 JUSTlTlAE

488 381 590 425 quae
609 365 755 408 dicitur
781 375 909 407 contra
921 367 1018 413 Iura
1036 395 1048 414 ‚
1084 375 1210 422 prout
1243 363 1285 404 fit
1302 363 1343 402 'm
1365 362 1491 417 prima
1513 361 1703 402 instantia
1724 392 1736 410 ,
1768 374 1807 404 et
1822 376 1958 406 coram

491 424 715 470 Ordinatio
734 423 902 478 Judice;
933 424 994 467 vel
1014 421 1245 466 revocanda
1280 431 1379 463 sunt
1414 433 1604 462 attentata
1624 451 1637 469 ‚
1669 433 1706 462 et
1730 419 1874 463 citatur
1905 424 1961 463 acl

491 486 695 528 videndum
717 482 890 525 revocari
918 498 931 532 ς,
969 483 1074 523 fiunt
1097 481 1272 536 denique
1294 495 1337 520 ea
1360 479 1495 520 omnia
1529 491 1613 519 acta
1633 509 1645 527 ‚
1681 492 1787 534 quae
1806 480 1879 522 sibi
1910 480 1963 522 ad

495 558 638 588 causae
676 541 891 600 propitiam
922 540 1228 597 expeditionem
1271 538 1441 594 quisque
1478 537 1634 579 utiliora
1670 537 1896 588 existimet,
1925 551 1962 582 et

494 619 598 661 quae
633 616 771 644 coram
790 599 1014 641 Ordinario
1033 600 1172 652 Judice
1191 598 1329 654 quoad
1347 596 1594 654 Scripturam
1612 627 1627 646 ,
1660 597 1936 640 Summarium
1949 628 1963 649 ,

497 675 535 705 et
564 661 898 703 Informationem
922 657 1007 699 fieri
1028 660 1155 700 solent
1178 688 1186 698 .

616 720 857 774 Priusquam
891 717 986 761 verb
1017 733 1039 759 a
1066 716 1359 759 commissario
1389 716 1529 764 Judice
1564 717 1759 758 sententia
1789 715 1886 766 fiat,
1915 731 1963 759 ea

500 778 732 838 pernecesse
771 777 908 819 citatio
941 777 1233 834 praemittenda
1262 790 1342 825 est,
1377 790 1484 831 quae
1513 775 1660 818 dicitur
1695 777 1748 817 ad
1768 775 1960 818 ‘terminos

497 838 764 881 substantiales
780 869 792 886 ,
823 850 862 879 et
878 836 1024 894 duplex
1046 849 1101 878 est
1119 865 1131 883 ‚
1163 851 1247 878 una
1275 850 1348 892 pro
1365 833 1520 887 judicio
1541 833 1768 876 Ordinario
1788 863 1801 881 ,
1836 835 1960 876 altera

498 913 571 955 pro
587 897 842 945 Summari03
870 897 1081 952 utriusque
1101 895 1315 936 formulam
1332 893 1499 934 inferitis
1517 894 1801 936 subnectemus
1818 923 1832 942 ,
1864 908 1959 935 nam

498 957 687 999 convenit
717 956 869 1001 modb,
904 970 986 1010 qua
1018 955 1065 994 de
1088 968 1208 995 causa
1239 953 1368 1000 fiant;
1404 952 1604 993 adnotare
1630 983 1640 993 .
1672 951 1791 993 Ordo
1828 951 1959 1006 siqui-

498 1014 586 1053 dem
602 1013 850 1064 judiciorum
867 1025 923 1053 est
936 1042 948 1059 ,
977 1025 1022 1053 ut
1040 1011 1315 1052 Adversarius
1330 1011 1474 1051 citetur
1491 1039 1503 1058 ,
1536 1008 1843 1061 etijudiciorum
1858 1011 1960 1052 sub-

497 1071 698 1114 stantialia
717 1082 938 1117 serventur,
958 1070 1034 1111 hoc
1052 1081 1136 1119 est,
1166 1082 1278 1109 actus
1289 1081 1452 1116 omnes,
1478 1066 1549 1119 qui
1565 1067 1672 1110 fiunt
1687 1067 1740 1109 ad
1758 1066 1962 1111 ordinata-'-

498 1130 596 1172 dum
626 1128 824 1182 judicium
843 1160 856 1177 ,
895 1127 971 1171 litis
1016 1127 1252 1169 contestatio
1279 1157 1294 1175 ,
1326 1125 1547 1167 conc-lusio
1579 1126 1623 1166 in
1650 1126 1821 1174 Causa,
1856 1129 1963 1170 calu-

498 1187 948 1246 mniaejuramentum‚
981 1199 1217 1235 etcaetera,
1255 1198 1362 1239 quae
1393 1183 1509 1225 telam
1542 1181 1801 1235 judiciariam
1835 1186 1962 1244 respi-

496 1249 641 1297 c'iunt3
676 1247 718 1287 in
736 1249 920 1287 Romana
939 1245 1069 1287 Curia
1090 1247 1188 1288 verb
1206 1273 1219 1292 ‚
1255 1257 1301 1285 ut
1318 1242 1484 1284 celerem
1502 1242 1623 1284 finem
1639 1243 1837 1286 haberent
1856 1245 1962 1294 lites,

497 1305 657 1348 Summi
678 1305 884 1348 Pontifices
909 1316 1162 1353 sanxerunt,
1195 1315 1235 1344 et
1251 1300 1481 1360 praesertim
1512 1300 1711 1343 Urbanus
1728 1303 1809 1352 V.,
1836 1305 1967 1346 termi-

495 1380 573 1408 nos
592 1366 645 1406 ad
664 1364 769 1406 dicta
795 1363 1075 1406 substantialia
1109 1361 1251 1416 judieii
1289 1359 1545 1416 adimplenda
1576 1360 1729 1404 servari
1752 1390 1766 1410 ,
1800 1362 1963 1405 dilatio-

498 1439 568 1466 nes
597 1423 862 1465 concedendo
879 1437 951 1478 pro
968 1422 1111 1464 iisdem
1138 1422 1324 1468 actibus,
1358 1419 1450 1461 licet
1476 1434 1561 1461 non
1589 1420 1718 1470 fiant,
1755 1421 1809 1463 ita
1842 1437 1958 1464 nam·

497 1497 579 1538 que
615 1497 705 1525 reus
754 1481 1027 1538 interpellatur
1073 1481 1126 1522 ad
1157 1478 1397 1534 exequenda
1429 1477 1534 1520 dicta
1566 1492 1654 1521 acta
1690 1480 1905 1533 judicialia
1929 1482 1962 1525 si

496 1542 591 1586 velit
609 1572 620 1582 .
654 1542 704 1584 Et
721 1541 818 1597 quia
837 1539 1060 1595 aliquando
1079 1541 1262 1595 quaestio
1284 1538 1386 1579 inter
1402 1549 1531 1594 partes
1552 1551 1660 1585 erat,
1696 1553 1748 1580 an
1769 1539 1864 1582 dicti
1880 1552 1964 1583 ter-

496 1601 597 1644 mini
632 1601 736 1642 bene
753 1598 894 1643 servati
914 1631 927 1649 ‚
959 1600 1021 1642 vel
1047 1614 1096 1640 ne
1115 1599 1284 1640 fuissent
1303 1626 1316 1645 ‚
1340 1597 1605 1638 Innocentius
1624 1597 1734 1639 VIII.
1764 1597 1880 1654 jussit
1908 1599 1963 1642 ad

494 1659 692 1703 tollendas
708 1673 988 1715 quascumque
1008 1657 1299 1716 disputationes
1316 1685 1329 1704 ‚
1363 1671 1409 1698 ut
1425 1656 1644 1698 Auditores
1663 1658 1789 1699 Rotae
1819 1658 1872 1699 ad
1892 1659 1964 1700 rei-

495 1719 734 1761 terationem
766 1717 951 1766 nulliter,
984 1717 1045 1760 vel
1064 1717 1165 1759 male
1203 1718 1512 1759 observatorum
1540 1716 1805 1759 terminorum
1824 1746 1837 1765 ,
1867 1732 1964 1774 par-

497 1790 584 1826 tes,
614 1792 683 1819 seu
701 1776 961 1833 collitigantes
980 1806 992 1823 ‚
1023 1791 1213 1818 eorumve
1233 1778 1517 1817 Procuratores
1546 1775 1789 1825 admittant,
1822 1788 1870 1817 ut
1900 1776 1962 1822 vi·

499 1834 590 1877 dere
616 1849 672 1878 est
697 1836 738 1877 in
774 1834 862 1890 ejus
894 1833 1320 1888 Constitutione(1);
1354 1844 1392 1872 et
1421 1832 1602 1872 eamdem
1625 1834 1853 1877 facultatem
1886 1849 1964 1892 po-

498 1905 579 1935 stea
611 1893 703 1936 Pius
728 1892 803 1934 IV.
838 1890 978 1933 tribuit
1010 1891 1176 1934 cuilibet
1201 1892 1278 1933 alio
1309 1889 1443 1943 Judici
1463 1891 1669 1932 Romanae
1688 1892 1842 1933 Curiae
1861 1893 1983 1949 (2).··,

498 1951 607 1992 Hinc
643 1951 795 2007 duplici
813 1949 999 1990 citatione
1030 1951 1132 1992 recte
1154 1945 1615 1998 instructum-judicium
1636 1948 1782 1989 dicitur
1799 1949 1840 1990 in
1868 1950 1962 1995 Cu-

500 2008 558 2050 ria
577 2040 591 2059 ,
621 2023 706 2050 una
743 2008 793 2050 ad
824 2007 1014 2049 terminos
1041 2006 1323 2050 substantiales
1351 2033 1364 2052 ‚
1397 2003 1515 2044 altera
1553 2004 1606 2045 ad
1638 2005 1960 2062 reiterationem,

500 2081 608 2121 quae
638 2068 681 2110 fit
713 2064 875 2110 insimul
908 2080 1000 2108 cum
1032 2067 1222 2107 citatione
1270 2064 1324 2104 -ad
1355 2062 1592 2104 sententiam
1620 2079 1633 2113 3
1672 2077 1712 2106 et
1744 2067 1960 2113 rectissime

493 2126 543 2167 -id
579 2126 662 2167 fieri
696 2126 968 2171 arbitramur,
1000 2138 1129 2177 quum
1162 2123 1215 2163 ita
1249 2121 1416 2163 exulant
1449 2135 1471 2161 a
1504 2121 1692 2164 Romana
1711 2124 1843 2168 Curia
1871 2141 1955 2179 tot,

498 2198 712 2241 tantaeque
742 2180 1035 2226 controversiae
1053 2209 1067 2228 ,
1101 2180 1525 2223 nullitatemactorum
1544 2181 1791 2238 respicientes
1808 2215 1822 2233 ,
1849 2204 1954 2244 quae

497 2244 544 2284 vin
566 2241 725 2285 caeteris
743 2241 826 2283 aliis
843 2238 1086 2282 Ditionibus
1105 2240 1207 2281 adeo
1223 2240 1357 2296 vigent
1373 2268 1385 2287 ,
1406 2251 1452 2281 ut
1468 2239 1845 2299 passimlongissimi
1865 2260 1958 2290 tem.

502 2301 609 2358 poris
637 2315 799 2342 cursum
823 2300 1063 2348 absumant,
1084 2312 1122 2341 et
1148 2312 1344 2356 expensae
1384 2311 1432 2340 eo
1463 2296 1634 2352 majores
1659 2302 1744 2346 sint
1773 2305 1956 2349 aestima..

463 2410 468 2414 ,
495 2360 608 2403 tione
637 2358 721 2408 rei,
750 2359 798 2399 de
827 2372 916 2414 qua
949 2356 1079 2413 agitur
1102 2387 1111 2397 .

1850 2423 1958 2467 Cita-

500 2489 857 2503 ——nn———n—
1639 2493 1954 2509 -ῄ-

552 2548 607 2589 (1)
634 2548 763 2579 constit.
784 2557 836 2589 13.
858 2547 934 2590 §.54
950 2546 1160 2581 Bullarsnvv.
1251 2548 1306 2590 (2)
1333 2549 1460 2581 constit.
1483 2560 1536 2590 59.
1559 2551 1641 2583 Ball.
1659 2560 1736 2583 nov.
