1952 3167
340 323 425 367 268
621 320 695 360 DE
722 319 855 365 JURE
885 316 1228 360 SIGNATURAE
1258 316 1509 364 JUSTlTlAE

338 384 564 438 Eapropter
598 379 788 437 possessio
804 392 915 435 capta
937 377 1069 418 medio
1089 392 1261 434 tempore
1282 391 1491 419 revocatur
1527 388 1730 430 tanquam
1753 395 1809 424 at-

339 454 519 490 tentata;
549 454 586 482 et
619 438 761 495 passim
790 451 916 480 stante
953 438 1015 478 tali
1046 439 1233 492 rescripto
1253 467 1263 483 ,
1301 436 1356 477 ait
1390 437 1696 488 Constantinus,
1729 454 1807 496 pro
1832 465 1835 468 Δ

338 500 705 556 circumscriptione
736 496 993 554 possessionis
1009 496 1126 536 fuisse
1155 495 1331 536 relaxata.
1355 495 1544 534 mandata
1577 496 1624 536 de
1654 512 1803 541 manu-

339 561 516 604 tenendo
537 561 587 601 ab
607 557 804 599 Auditore
833 556 1090 611 Signaturae.
1128 551 1372 604 Huiusmodi
1396 566 1527 594 tamen
1554 558 1802 600 retrotractio

334 621 472 663 locum
493 619 614 660 habet
634 647 645 664 ‚
678 615 848 672 quando
883 614 1076 670 possessio
1104 626 1217 669 capta
1257 612 1308 652 sit
1323 624 1411 667 post
1428 610 1732 668 appellationem
1754 616 1808 658 le-

338 681 474 734 gitirne
510 676 812 733 interpositam,
849 673 909 715 vel
930 671 1033 713 infra
1066 671 1286 713 terminum
1319 685 1550 712 concessum
1588 673 1639 713 ad
1671 675 1807 731 appel-

335 738 538 788 landum
570 752 682 779 secus
699 732 794 779 vero
811 745 866 775 est
885 763 897 782 ‚
928 731 1097 788 quando
1133 745 1245 791 capta
1281 730 1474 786 reperitur
1503 729 1609 780 dicto
1630 733 1805 777 termino

334 798 469 857 elapso
487 831 497 841 .

456 861 506 901 Et
523 860 617 916 quia
647 853 920 914 appellationis
941 852 1211 902 commissio,
1238 851 1463 908 simpliciter
1485 852 1638 908 signata
1667 852 1802 908 vigore

340 919 535 961 evidentis
564 916 784 970 injustitiae
821 913 964 953 decreti
992 911 1146 956 Judicis
1178 926 1199 951 a
1233 926 1346 965 quo,
1381 926 1463 952 non
1485 911 1606 951 modo
1625 911 1802 954 retardat

337 975 651 1030 exequutionem
665 1003 676 1020 ,
696 972 823 1011 donec
842 971 998 1016 ludex,
1022 969 1088 1009 cui
1110 968 1357 1010 Commissio
1378 970 1523 1011 directa
1541 968 1617 1017 sit,
1646 969 1688 1010 in
1707 983 1804 1011 cau-

337 1047 379 1073 sa
400 1033 637 1074 sententiam
656 1028 755 1071 ferat
771 1059 784 1077 ‚
819 1028 887 1068 sed
911 1027 1117 1084 ipsammet
1137 1026 1317 1068 Causam
1333 1027 1463 1070 reddit
1495 1027 1764 1084 appellabilem
1788 1042 1802 1078 ;

336 1091 443 1135 itant
493 1091 680 1147 quamvis
713 1089 845 1142 Judex
896 1087 947 1127 ad
988 1102 1110 1141 quem
1160 1084 1371 1128 confirmet
1413 1087 1618 1129 decretum
1643 1087 1799 1139 Judicis

335 1165 358 1191 a
379 1167 464 1207 quo
485 1181 498 1198 ‚
530 1151 665 1192 adhuc
693 1162 826 1190 tamen
860 1146 993 1187 locum
1023 1147 1145 1189 habet
1173 1146 1290 1187 altera
1309 1146 1547 1203 appellatio,
1574 1146 1703 1187 donec
1723 1160 1802 1188 tres

330 1212 551 1253 sententiae
573 1209 798 1251 conformes
813 1239 826 1257 ‚
855 1205 915 1247 vel
935 1206 1039 1246 duae
1059 1235 1071 1253 ‚
1103 1205 1173 1247 ubi
1201 1205 1306 1261 viget
1324 1218 1516 1247 statutum
1535 1236 1548 1253 ,
1582 1204 1682 1246 latae
1701 1205 1798 1253 sint,

330 1282 376 1310 ac
413 1270 445 1310 si
464 1269 670 1325 judicium
709 1281 813 1307 mere
835 1265 1089 1305 ordinarium
1107 1276 1234 1311 esset3·
1255 1264 1346 1304 ideo
1376 1278 1425 1304 ne
1446 1264 1574 1305 Actor
1595 1275 1798 1306 remaneat

336 1325 554 1370 destitutus
586 1325 770 1368 remediis
784 1322 1038 1377 exequutivis
1053 1334 1168 1363 cu-rat
1188 1336 1208 1361 a
1229 1321 1440 1377 Signatura
1461 1320 1799 1364 commissionem

332 1387 481 1442 signari
511 1389 587 1428 hoc
612 1386 734 1427 modo
754 1416 766 1433 ‚
786 1382 920 1431 Jmlici
934 1383 988 1422 aa!
999 1397 1108 1438 quem
1130 1410 1142 1428 ‚
1178 1391 1223 1421 nt
1234 1382 1420 1435 procedat
1448 1396 1499 1422 ex
1515 1381 1668 1436 integro
1685 1410 1697 1428 ‚
1727 1381 1794 1422 vel

329 1459 423 1487 cum
443 1444 812 1487 communicatione
841 1441 1077 1481 facultatum
1095 1438 1309 1479 Auditoris
1328 1438 1522 1479 Camerae
1539 1454 1551 1487 ς
1587 1451 1671 1491 quo
1690 1439 1800 1493 equi-

330 1503 419 1545 dem
439 1520 532 1546 casu
553 1502 755 1558 delegatus
772 1499 904 1553 Judex
924 1529 936 1547 ,
951 1497 1108 1553 cognita
1128 1495 1323 1548 injustitia
1341 1528 1354 1546 ,
1379 1497 1438 1538 vel
1457 1497 1633 1538 nullitate
1653 1495 1798 1540 decreti

325 1562 479 1610 Judicis
508 1579 528 1604 a
559 1577 643 1617 quo
663 1593 674 1608 ‚
692 1558 870 1615 procedit
902 1556 1146 1610 exequutive
1169 1572 1181 1605 ;
1204 1555 1316 1611 quod
1337 1570 1425 1597 raro
1456 1556 1613 1599 evenire
1630 1555 1727 1598 solet
1750 1586 1760 1597 .

449 1619 697 1671 Huiusmodi
724 1617 933 1660 facultates
950 1648 962 1665 ,
996 1630 1101 1669 quae
1120 1615 1333 1656 Auditoris
1369 1614 1564 1657 Camerae
1584 1614 1793 1666 dicuntur,

325 1681 684 1721 communicantur
717 1677 836 1719 etiam
854 1674 992 1723 Judici
1014 1674 1191 1731 delegato
1210 1703 1222 1721 ‚
1247 1675 1418 1728 quando
1435 1674 1568 1715 eidem.
1584 1675 1792 1717 committi-

326 1750 394 1780 tur
411 1739 587 1795 cognitio
619 1736 792 1790 alicujus
808 1735 948 1793 judicii
967 1734 1200 1789 exequutivi
1219 1765 1231 1783 ,
1269 1735 1388 1788 quodv
1404 1735 1702 1776 connexionem
1727 1734 1793 1774 ali-

324 1813 448 1852 quam
476 1799 622 1842 habeat
651 1811 742 1839 cum
760 1796 836 1836 alio
868 1793 1021 1857 judicio
1056 1792 1266 1833 ordinario
1285 1821 1298 1838 ,
1331 1806 1463 1834 cora-m
1493 1792 1790 1844 eodemJudice

322 1859 523 1913 pendente
547 1888 560 1905 ‚
597 1854 812 1898 avocando
848 1852 1144 1909 exequutivum
1179 1853 1229 1894 ab
1258 1851 1458 1893 Auditore
1482 1855 1678 1894 Gamerae
1697 1883 1710 1901 ,
1738 1852 1794 1893 ne

323 1917 599 1960 continentiae
631 1929 748 1958 causa
770 1913 975 1957 dividatur
993 1941 1005 1960 ,
1036 1923 1073 1953 et
1106 1927 1155 1953 ne
1174 1913 1227 1953 ob
1243 1908 1384 1961 judicii
1402 1910 1671 1955 diversitatem
1690 1926 1792 1952 con-

318 1973 450 2032 tingat
468 1977 561 2018 ferri
594 1974 834 2017 sententiam
863 1986 1007 2016 contra·
1039 1971 1282 2013 sententiam
1304 1985 1316 2019 ;
1339 1985 1429 2012 nam
1463 1984 1560 2012 tunc
1586 1973 1637 2012 ne
1658 1970 1781 2009 Actor

317 2034 500 2089 privetur
518 2036 583 2078 via
622 2034 864 2089 exequutiva
882 2065 894 2082 ‚
927 2047 1009 2088 qua
1040 2046 1175 2073 coram
1203 2028 1410 2072 Auditor-e
1429 2029 1622 2072 Gamerae
1657 2026 1784 2068 celeri»

320 2102 378 2132 ter
399 2094 626 2137 instantiam
645 2093 857 2135 terminare
882 2104 1064 2147 poterat,
1097 2091 1312 2144 signatura
1333 2088 1543 2128 rescribere
1559 2087 1655 2126 solet
1673 2085 1780 2126 hisce

319 2152 450 2193 verbis
470 2181 482 2199 ‚
509 2153 666 2209 praevia
682 2150 911 2192 avocatione
927 2161 1066 2188 causae
1099 2147 1150 2185 ab·
1168 2147 1219 2185 A.
1244 2144 1275 2182 C
1281 2171 1290 2181 .
1303 2144 1441 2189 Iudex
1459 2144 1658 2201 delegatus
1686 2158 1780 2199 pro-

316 2209 429 2250 cedat
457 2211 570 2252 etiam
592 2211 632 2250 in
653 2207 807 2263 judicio
829 2203 1063 2261 exequutz'vo
1091 2215 1282 2250 connexo,
1295 2216 1381 2242 cum
1404 2201 1663 2254 facultalibus
1678 2201 1784 2252 ejus-

317 2268 405 2308 dem
438 2267 639 2310 Auditoris
671 2267 863 2308 Gamerae
885 2294 898 2312 ,
941 2262 1032 2312 vel,
1064 2262 1194 2304 omnia
1227 2262 1280 2302 ad
1305 2260 1487 2306 Iudicem
1521 2262 1740 2322 delegata-tn
1766 2291 1838 2314 ,Ὺ

320 2340 406 2368 cum
412 2325 671 2379 facultatibus
701 2327 754 2366 Α.
785 2325 830 2365 C.

439 2385 659 2427 Facultates
676 2384 783 2425 enim
800 2382 1011 2424 Auditoris
1032 2380 1228 2424 Camerae
1246 2395 1342 2424 sunt
1359 2414 1372 2432 ,
1397 2381 1641 2440 procedendi
1671 2396 1780 2424 nem-

318 2459 364 2501 pe
394 2443 641 2499 exequutive
663 2443 761 2502 (ι),
797 2443 967 2499 ideoque
989 2441 1063 2483 tale
1085 2443 1318 2500 rescriptum
1336 2441 1564 2498 intelligitur
1587 2441 1776 2507 prout-de

1707 2513 1776 2552 1¹1·

1286 2570 1756 2586 -ᾗ

346 2571 497 2587 μ--ι

355 2631 410 2673 (1)
433 2635 519 2669 Rota>
530 2636 562 2668 in
578 2635 725 2670 Romana
742 2634 885 2669 Ferrucci
902 2633 958 2666 28.
976 2632 1054 2677 febr.
1072 2632 1172 2666 1681.
1190 2631 1221 2675 ᾗ.
1235 2634 1340 2678 Quum
1356 2634 1440 2668 enim
1459 2642 1562 2668 coram
1576 2629 1746 2672 AEbergato
1758 2650 1766 2659 ι
