1952 3167
330 326 378 363 42
695 312 759 348 DE
783 312 897 355 JURE
926 311 1211 348 SIGNATURAE
1239 311 1453 354 JUSTITIAE

330 366 392 400 dos
419 360 472 397 vel
497 359 902 408 enunciandos3etqu1a
919 374 983 396 non
1012 370 1123 406 posset
1152 362 1300 396 dubitari
1333 363 1373 396 de
1407 372 1470 395 non
1492 358 1620 406 integra
1646 360 1812 406 paritione

330 414 427 454 iuxta
466 420 612 446 mentem
644 411 830 456 Signaturae
854 420 888 445 et
915 410 1100 446 Decretum
1116 410 1196 445 dicti
1229 410 1296 445 Dni
1323 409 1450 445 Decani
1470 410 1677 455 Signtturae,
1695 422 1812 467 preces

330 470 554 508 porrexerunt
587 459 696 496 eidem
725 461 932 507 Signatus-ze,
951 471 1024 506 quae
1054 461 1116 494 sub
1144 459 1197 492 die
1225 469 1279 501 13.
1299 458 1405 492 martii
1438 461 1541 492 1681.
1560 470 1730 512 rescripsit
1748 466 1818 494 .Δί

332 518 420 546 tenta
438 511 604 557 paritione
633 515 714 552 Rota
731 512 889 556 procedat
905 517 941 543 ut
965 510 998 542 in
1015 507 1168 554 precibus
1188 507 1230 540 ad
1241 507 1381 545 formam
1398 505 1639 540 commissionis
1657 509 1815 549 reforma·

330 567 370 595 m
395 561 492 601 juxta
524 564 697 593 Decretum
728 560 793 593 Diii
821 557 945 592 Decani
975 557 1158 601 Signatum
1183 555 1344 595 justitiae3
1361 565 1434 600 quae
1462 563 1575 595 preces
1594 567 1752 601 apparent
1783 558 1816 592 in

330 608 526 644 Memoriali
557 619 617 652 per
647 607 758 641 dictos
775 612 934 645 Petrum,
964 614 997 640 et
1026 604 1148 640 iulium
1179 606 1332 638 Caesarem
1360 612 1520 649 porrecto
1551 603 1593 638 ab
1625 607 1812 642 Innocentio

331 658 451 692 Meula
478 657 570 692 dicto
604 657 830 690 Procuratore
859 654 913 690 hic
940 653 1105 700 alligato.

430 704 639 747 Huiusmodi
666 705 817 744 factum,
844 703 890 739 sic
923 711 960 738 ut
988 713 1088 748 supra
1127 709 1293 737 narratum
1323 712 1401 738 cum
1441 701 1625 747 Rescriptis
1655 702 1823 748 Signatu-

328 764 401 795 rae,
427 763 464 790 ut
494 766 594 800 supra
619 752 784 798 appositis
811 777 822 794 ,
849 763 882 788 et
909 765 986 788 cum
1022 752 1183 787 omnibus
1220 750 1296 786 inde
1335 760 1372 786 ut
1398 763 1501 795 supra
1527 750 1678 797 sequutis
1707 777 1717 793 ‚
1748 753 1814 788 fuit

328 804 386 838 hic
416 805 458 838 de
491 805 648 840 mandato
677 802 775 843 Emi,
804 812 837 838 et
864 802 946 837 Rmi
988 802 1036 837 D.
1055 800 1244 837 Cardinalis
1275 799 1381 837 Flavii
1412 799 1524 836 Chisii
1559 801 1711 837 Praefecti
1736 824 1747 842 ,
1778 812 1816 837 ac

328 852 507 888 Illmorum
538 863 571 888 et
602 854 768 888 Rmorum
798 852 881 886 DD.
902 851 1100 886 Votantium
1131 874 1142 890 ,
1172 863 1209 885 ac
1239 849 1341 885 totius
1368 850 1558 885 Tribunalis
1588 851 1767 896 Signaturae
1795 862 1813 885 a

328 911 383 938 me
417 902 611 946 appositum
628 926 638 941 ,
661 910 826 936 narratum
849 909 883 935 et
905 902 1121 946 registratum
1138 924 1149 940 ,
1167 899 1382 945 infrascripto
1397 899 1580 934 Secretario
1597 910 1634 934 ac
1652 900 1811 940 Decano,

327 951 370 986 ad
396 951 461 984 hoc
477 958 513 983 ut
543 957 710 994 perpetuo
736 958 896 993 appareat
926 957 959 982 et
977 949 1007 982 in
1024 949 1125 983 fidem
1140 957 1207 984 etc.

627 1000 662 1031 F.
679 1001 795 1031 Mutus
823 998 861 1031 de
877 997 1086 1045 Papazurris
1105 1001 1256 1032 Decanus
1281 1008 1320 1032 ac
1341 999 1541 1033 secretarius
1559 1020 1570 1033 .

964 1099 1029 1147 Ν.
1062 1099 1188 1146 XVI.

402 1169 452 1221 V
451 1180 581 1223 otum
613 1171 806 1220 veritatis
822 1203 836 1225 ,
865 1184 1114 1220 emanatum
1144 1186 1295 1219 mense
1313 1169 1559 1242 Septembri
1583 1187 1605 1221 1
1620 1175 1681 1237 69
1693 1184 1738 1230 5.

532 1242 586 1291 ab
614 1245 747 1296 111th
773 1243 984 1309 Collegio
1020 1248 1316 1293 Patronorum
1341 1248 1456 1294 Sacri
1476 1246 1625 1294 Palatii

743 1317 996 1390 Apostolici
1013 1349 1028 1372 ‚
1055 1333 1147 1389 quo
1176 1315 1374 1369 firmatur
1391 1351 1405 1368 .

442 1438 519 1472 Uod
538 1436 569 1471 in
587 1437 658 1472 vim
690 1437 839 1472 mandati
861 1437 1066 1483 exequutivi
1093 1449 1154 1481 pro
1172 1438 1381 1483 obligatione
1402 1434 1571 1471 Camerali
1594 1434 1757 1475 relaxati,
1779 1434 1818 1470 li-

452 1485 561 1522 citum
584 1485 630 1521 sit
658 1485 823 1519 creditori
855 1486 986 1520 variare
1013 1485 1045 1520 in
1078 1485 1306 1531 exequutione
1344 1484 1448 1530 ipsius
1479 1486 1521 1520 de
1550 1495 1585 1519 re
1627 1485 1668 1519 ad
1696 1495 1814 1528 perso-

323 1544 426 1574 nam,
449 1542 483 1568 et
515 1545 534 1570 e
562 1544 761 1573 convers0;
793 1534 878 1568 itaut
906 1544 968 1579 per
1005 1535 1268 1590 subsequentem
1295 1534 1561 1581 exequutionem
1590 1532 1715 1568 realem
1751 1545 1821 1567 non

323 1591 484 1620 censetur
502 1582 611 1627 priori
639 1582 861 1626 exequutioni
892 1583 1155 1624 renunciatum,
1170 1584 1407 1639 cumularique-
1423 1583 1555 1628 possint
1584 1580 1707 1627 vigore
1727 1580 1822 1616 unici

321 1631 466 1666 mandati
482 1640 584 1676 super
599 1630 743 1665 diversis
772 1627 992 1675 Corporibus
1019 1633 1166 1667 diversae
1195 1632 1472 1678 exequutiones,
1501 1630 1690 1666 dummodo
1709 1640 1820 1666 tamen

320 1690 386 1714 non
400 1679 604 1725 processerit
636 1678 754 1715 citatio
769 1681 809 1716 ad
825 1681 1011 1716 videndum
1041 1682 1226 1717 subhastari
1253 1682 1397 1717 alterum
1426 1692 1468 1718 ex
1495 1680 1711 1727 Corporibus
1741 1690 1821 1716 exe-

325 1739 469 1777 quuus.

921 1780 985 1828 N.
1022 1783 1065 1830 X
1078 1784 1123 1832 V
1137 1785 1155 1830 1
1168 1786 1202 1832 Ι.

359 1851 550 1903 Facultas
568 1851 852 1904 transferendi
867 1857 1100 1926 pensiones
1117 1854 1433 1906 Ecclesiasticas
1451 1872 1583 1926 usque
1603 1852 1658 1903 ad
1673 1869 1783 1903 sum-

441 1944 562 1977 mam
592 1941 817 1981 scutorum
834 1942 1016 1978 centum
1047 1943 1235 1980 monetae
1254 1933 1469 1981 Romanae
1489 1947 1574 2000 pto
1600 1931 1704 1980 RK.

558 2003 641 2051 ΡΡ.
660 2005 772 2055 131).
786 2005 833 2052 in
850 2004 1073 2070 Signatura
1092 2002 1272 2067 Justitiae
1291 2003 1554 2055 Votantibus
1567 2035 1582 2051 .

694 2127 1068 2168 cLEMENs
1115 2128 1327 2159 ῬΛῬΛ
1370 2126 1447 2157 XI.

786 2174 850 2207 «td
856 2180 1051 2218 perpetuam
1066 2171 1116 2204 rei
1132 2170 1325 2205 memoriam
1339 2192 1351 2205 ο

389 2297 391 2299 ,
416 2264 571 2302 Omanus
590 2264 749 2301 Pontifex
783 2278 965 2312 supremus·
989 2267 1171 2314 gratiarum
1198 2267 1412 2312 dispensator
1440 2266 1473 2302 in
1502 2267 1598 2303 terris
1619 2279 1636 2302 a
1663 2264 1813 2302 Domino

436 2317 665 2354 constitutus,
695 2314 796 2355 illos,
823 2315 881 2362 qui
905 2315 1081 2355 assiduos,
1113 2327 1301 2362 gravesque
1340 2315 1472 2352 labores
1498 2329 1560 2362 pro
1585 2316 1721 2358 Justitia
1748 2316 1817 2351 uni-

319 2365 442 2408 cuique
484 2373 578 2409 aequa
607 2363 699 2398 lance
731 2364 994 2400 administranda
1012 2364 1229 2400 laudabiliter
1254 2365 1466 2406 substinent,
1493 2366 1696 2411 specialibus
1716 2362 1816 2410 privi-

320 2411 417 2459 iegiis
445 2421 616 2452 exornat,
645 2413 735 2450 sicut
761 2425 880 2449 eorum
913 2413 1042 2450 meritis
1071 2414 1254 2449 convenire
1281 2415 1464 2450 arbitratur
1489 2439 1499 2449 .
1535 2417 1653 2460 Itaque
1682 2416 1722 2449 ad
1749 2411 1815 2447 exi-

305 2461 386 2499 mia
417 2460 625 2500 dilectorum
672 2462 821 2499 filiorum
863 2464 1107 2499 modernorum
1135 2463 1312 2510 utriusque
1344 2464 1528 2511 Signature
1560 2473 1683 2500 nostrae
1715 2461 1814 2497 Refe-

316 2511 547 2548 rendariorum
575 2512 607 2548 in
623 2511 801 2558 Signatum
820 2522 933 2548 nostra
948 2512 1097 2555 Justitiae
1113 2512 1314 2549 Votantium
1345 2515 1378 2547 in
1405 2526 1486 2555 nos,
1519 2525 1556 2549 ac
1572 2512 1805 2566 Apostolicam

315 2559 438 2595 Sedem
455 2562 571 2598 merita
589 2570 735 2609 paternae
751 2563 933 2610 dirigentes
962 2560 1242 2598 considerationis
1273 2562 1436 2601 intuitum
1464 2589 1475 2607 ,
1504 2575 1630 2611 eosque
1646 2559 1803 2608 proinde,

1770 2617 1808 2643 ac
