1993 3195
627 360 946 401 CARUT
1011 362 1100 406 1V.;
1497 380 1586 422 233

114 431 312 479 comperto
350 419 442 475 satis
471 431 527 462 est
547 447 559 467 ‚
606 419 891 462 Procuratores
922 422 1163 476 peritissimis
1198 420 1423 469 juvenibus
1459 424 1587 465 abun-

114 485 208 525 dare
229 508 242 526 ,
275 493 454 534 quorum
472 475 596 536 opera
619 492 756 520 omnes
782 491 957 521 utuntur
976 478 1019 521 in
1047 478 1313 523 conficiendis
1346 480 1484 536 spoliis
1501 513 1513 531 ‚
1542 497 1588 525 ac

115 537 354 584 Summariis
370 553 630 596 processuum
651 567 664 585 ‚
697 549 739 579 et
753 538 914 586 J-urium
932 539 1257 596 productorum;
1292 552 1400 594 quae
1420 539 1587 595 quidem

111 599 237 659 spolia
254 630 266 649 ,
292 606 330 639 e’t
347 599 572 640 Summaria
592 628 603 646 ‚
616 611 690 656 pro
707 611 814 640 certo
834 612 905 647 est,
917 613 1011 655 prae
1028 599 1177 649 ,oculis
1198 601 1248 642 ab
1265 598 1418 641 eisdem
1435 614 1586 657 semper

112 658 253 703 haberi
276 689 283 696 .
305 657 484 699 Demum
502 657 557 699 ita
572 673 634 700 -tes
654 658 750 699 haec
780 659 1065 714 componenda
1087 659 1200 714 venit
1215 692 1227 710 ‚
1264 673 1310 701 ut
1343 659 1584 701 Procurato-

114 735 205 763 rum
221 718 390 760 liberum
406 717 456 759 sit
472 717 685 760 arbitrium
704 716 822 759 etiam
843 717 884 758 in
904 716 990 772 jure
1021 717 1251 769 scribendi,
1280 733 1375 761 narn
1393 718 1586 774 aliquan-

115 780 169 821 do
202 779 253 819 ita
286 778 502 827 scribunt,
524 790 575 820 ut
607 776 814 819 Advocati
847 776 947 818 nihil
978 779 1075 823 novi
1109 779 1344 821 eorumdem
1366 776 1586 836 Scripturis

118 837 289 895 adjicere
309 836 465 894 possint
480 868 490 879 .

231 896 377 952 Quum
395 898 542 940 Paulus
566 913 605 942 v.
627 913 700 940 sua
733 895 1027 941 constitutione
1064 899 1141 941 sub
1160 900 1294 940 darum
1331 901 1411 941 kal.
1447 898 1580 941 martii

119 957 194 999 161
210 971 244 997 ι.
265 956 518 1007 decrevisset,
537 959 652 1014 quod
670 958 694 998 ii
715 971 875 1000 tanturn
894 958 946 999 ad
965 959 1275 1015 procurandum
1294 958 1336 998 in
1352 956 1578 1002 Tribunali

113 1018 240 1059 Rotae
261 1016 583 1065 admitterentur,
598 1019 670 1072 qui
691 1017 959 1065 doctrinae‚et
978 1033 1137 1059 morum
1159 1031 1328 1059 examen
1346 1018 1579 1068 subiissent0

115 1089 152 1119 et
169 1090 237 1134 per
266 1075 390 1131 ipsius
410 1077 534 1117 Rotae
558 1078 771 1117 Det-anum
789 1075 980 1118 adhibitis
1000 1077 1184 1123 duobus,
1200 1076 1261 1118 vel
1282 1077 1412 1119 tribus
1429 1079 1580 1118 Procu-

115 1136 351 1184 tatoribus,
378 1136 430 1176 ad
449 1135 488 1175 id
519 1135 765 1190 deputandis
784 1167 796 1184 ,
831 1135 1042 1192 approbati
1073 1135 1274 1184 fuissent;
1313 1137 1577 1192 eamdemque

114 1196 364 1236 sanctionem
383 1222 398 1240 ‚
414 1194 656 1235 servandam
672 1208 771 1241 esse,
789 1192 981 1244 jussisset,
998 1196 1138 1249 quoad
1156 1209 1248 1242 eos,
1265 1195 1337 1249 qui
1357 1210 1452 1252 proc
1462 1208 1577 1236 utare

114 1252 262 1294 vellent
278 1251 320 1292 in
341 1251 638 1292 Tribunalibus
659 1252 964 1294 Gubernatoris
983 1284 996 1302 ,
1018 1252 1232 1294 Auditoris
1252 1252 1449 1295 Camerae
1466 1283 1478 1301 ,
1498 1254 1576 1294 Vi·-

114 1311 210 1354 carii
228 1343 239 1360 ,
273 1324 312 1353 et
327 1312 530 1352 Senatoris
554 1340 566 1358 ‚
594 1311 696 1354 itaut
723 1312 867 1370 eodem
895 1311 1018 1354 modo
1042 1344 1054 1361 ‚
1089 1327 1126 1354 et
1144 1310 1272 1354 forma
1303 1329 1324 1354 a
1345 1312 1575 1369 Superiori-

115 1372 190 1414 bus
224 1371 424 1413 dictorum
442 1369 730 1412 'l'ribunalium
749 1372 1014 1413 examinandi
1044 1369 1172 1415 essent
1188 1404 1196 1413 .
1218 1372 1458 1415 Benedictus
1474 1385 1574 1414 xltt.

115 1445 189 1472 sua
209 1429 401 1486 peculiari
422 1431 709 1471 constitutione
746 1433 816 1472 sub
833 1433 968 1473 clatum
992 1447 1049 1475 IV.
1077 1433 1156 1474 kal.
1192 1432 1285 1473 maii
1309 1435 1432 1487 1728.
1470 1432 1575 1473 illam

116 1490 362 1532 innovando
396 1488 582 1530 extendit
617 1489 669 1528 ad
686 1504 777 1534 eos,
809 1490 883 1542 qui
903 1492 953 1531 ad
971 1491 1283 1546 procurandum
1303 1491 1575 1533 admittuntur

118 1548 160 1590 in
179 1549 398 1591 Tribunali
429 1547 668 1604 Signaturae
704 1548 894 1602 justitiae
914 1571 938 1597 ‚·
960 1549 1116 1591 tributa
1153 1549 1342 1592 facultate
1377 1549 1575 1593 examinis

115 1608 294 1651 Decano
312 1606 494 1658 ejusdem
506 1609 777 1666 Signaturae3
798 1608 840 1649 id
857 1622 989 1650 tamen
1010 1608 1315 1666 intelligendum
1332 1609 1416 1652 esse
1437 1608 1577 1652 statuit

116 1669 167 1710 de
191 1669 237 1710 iis
252 1701 265 1719 ,
300 1668 373 1722 qui
404 1684 425 1709 a
446 1670 546 1709 Rota
567 1669 781 1725 approbati
821 1684 904 1710 non
926 1669 1128 1719 fuissent3
1159 1684 1254 1710 nam
1275 1685 1414 1710 omnes
1431 1668 1528 1709 alios
1560 1698 1574 1718 ,

115 1729 190 1785 qui
213 1730 264 1770 ab
283 1743 327 1770 ea
346 1727 498 1770 fuerint
519 1728 678 1770 admissi
710 1760 722 1778 ‚
757 1729 799 1769 in
834 1729 1046 1785 praedictis
1080 1728 1379 1771 Tribunalibus
1423 1729 1574 1782 absque

119 1789 196 1829 alia
216 1789 510 1846 approbatione
545 1803 689 1831 causas
704 1789 950 1844 patrocinari
990 1803 1104 1844 posse
1137 1788 1352 1831 declaravit
1388 1819 1398 1828 .
1436 1786 1574 1841 thue

114 1847 405 1888 Procuratores
438 1847 510 1898 qui
529 1848 740 1902 approbati
760 1861 889 1888 essent
908 1878 920 1894 ,
950 1849 1142 1889 omnibus
1189 1845 1373 1888 Notariis
1391 1877 1405 1896 ,
1438 1859 1476 1888 et
1499 1845 1573 1897 Ju-

116 1905 274 1948 dicibus
301 1905 601 1946 innotescerent
621 1932 634 1950 ,
661 1903 790 1946 voluit
814 1904 957 1954 etiam,
993 1906 1107 1960 quod
1121 1905 1356 1947 eorumdem
1375 1904 1542 1948 nomina
1559 1934 1574 1954 ,

115 1976 154 2006 et
171 1962 422 2020 cognomina
453 1963 774 2005 describerentur
811 1962 852 2003 in
873 1963 1063 2019 peculiari
1101 1963 1237 2012 libro,
1267 1965 1456 2020 quilibet
1473 1966 1572 2005 Pro-

115 2036 356 2066 curatorum
387 2022 491 2064 illius
522 2021 756 2064 Tribunalis
787 2023 1099 2080 nuncupandus
1119 2054 1132 2072 ‚
1160 2037 1197 2065 et
1214 2023 1374 2081 publice
1396 2023 1574 2067 retinen-

115 2081 196 2124 dus
226 2094 323 2124 esset
340 2081 384 2121 in
401 2081 535 2122 officio
564 2080 728 2124 Notarii
746 2079 964 2135 cujuslibet
976 2081 1214 2125 Tribunalis
1230 2083 1304 2140 (1)
1322 2111 1335 2125 .

151 2145 153 2147 ’
233 2141 544 2184 Advocatorum
573 2156 670 2183 vero
688 2155 871 2189 munuS,
897 2141 996 2181 dum
1029 2140 1073 2182 in
1099 2141 1250 2184 causis
1275 2142 1576 2190 scribunt,est,

117 2200 209 2244 facti
236 2200 331 2244 serie
350 2198 429 2258 jam
454 2215 528 2258 pro
548 2213 654 2242 certo
682 2198 815 2240 habita
831 2228 844 2247 ‚
879 2198 1015 2241 velsin
1036 2200 1173 2240 melius
1199 2200 1499 2252 judicaverint,
1527 2198 1578 2244 il-v

118 2260 155 2302 la
173 2261 340 2306 breviter
367 2258 558 2302 recensita
577 2290 590 2309 ,
606 2257 854 2302 .Doctorum
872 2257 1179 2301 auctoritatibus
1196 2291 1209 2309 ,
1226 2272 1264 2302 et
1280 2262 1432 2318 Legum
1448 2259 1577 2315 dispo-

118 2318 328 2363 sitionibus
351 2320 612 2377 comprobare
638 2317 777 2359 omnia
809 2317 1015 2360 rationum
1034 2333 1237 2362 momenta
1257 2335 1279 2362 a
1311 2322 1575 2363 procuratore

120 2378 289 2423 excitata
307 2408 319 2427 ,
351 2381 402 2421 ne
425 2394 471 2421 ea
492 2376 811 2433 derelinquendo
826 2406 840 2425 ,
869 2377 998 2423 Iudex
1014 2379 1203 2434 opinetur
1219 2410 1232 2428 ‚
1271 2380 1419 2421 nullius
1451 2377 1572 2419 fuisse

120 2437 310 2497 ponderis
331 2453 343 2488 3
376 2453 413 2483 et
428 2438 578 2482 deinde
598 2437 649 2478 ab
668 2437 833 2494 ipsomet
847 2436 1139 2493 scripturarum
1164 2439 1381 2480 summario
1401 2468 1414 2486 ,
1432 2452 1453 2478 a
1479 2438 1572 2479 Pro!

1054 2495 1092 2535 G
1123 2512 1147 2553 g
1468 2545 1471 2548 ,
1504 2509 1573 2538 cu-

121 2569 279 2583 ——n—
1533 2567 1576 2581 -

437 2567 746 2584 ——-

165 2629 224 2670 (ι)
246 2630 282 2660 In
299 2628 447 2672 Append.
467 2630 608 2672 pag.68·
