2075 3167
494 301 579 333 100
792 288 870 331 DE
894 289 1026 337 JURE
1059 288 1406 332 SIGNATURAE
1432 285 1691 337 JUSTITIAE

491 349 535 392 S.
557 347 699 392 Monte
719 346 747 399 ς’
767 361 806 391 at
825 349 944 391 hodie
965 349 1206 407 relinquitur
1229 365 1351 408 penes
1374 366 1397 392 a
1425 347 1591 391 Secretis
1615 343 1824 390 Auditoris
1849 343 1952 400 ejus-

491 408 582 451 dem
615 408 851 467 Signaturae
872 439 882 450 .

608 469 789 511 Breviter
819 468 1013 512 enarratis
1050 484 1154 525 quae
1185 471 1360 527 gerenda
1395 478 1494 513 sunt
1531 483 1603 527 pro
1636 464 1947 522 repropositione

496 527 731 577 Causarum
762 528 803 568 in
821 528 935 585 plena
966 528 1180 585 Signatura
1201 558 1214 576 ‚
1244 530 1294 572 ad
1310 545 1355 571 ea
1393 544 1504 571 nunc
1534 539 1814 573 transeamu8‚
1842 538 1949 580 quae

491 585 719 645 respiciunt
736 588 968 629 earumdem
1000 588 1314 643 propositionem
1340 589 1381 630 in
1402 601 1574 645 tempore
1593 584 1744 628 aestivo
1760 614 1773 632 ,
1808 597 1829 624 a
1842 597 1949 625 men-

490 660 529 688 se
571 660 715 706 nempe
752 645 885 696 iunii,
919 660 1047 701 usque
1083 647 1135 688 ad
1166 662 1341 691 mensem
1369 647 1597 704 septembris
1617 674 1632 694 ‚
1665 641 1834 699 quandO
1857 669 1870 688 ,
1902 654 1951 684 ut

491 704 584 746 alibi
617 705 768 748 dictum
801 716 857 746 est
876 736 889 755 ,
921 704 1037 761 plena
1064 705 1278 763 Signatum
1314 708 1487 749 habetur
1512 703 1682 762 singulis
1712 697 1948 758 quindecim

491 763 634 807 diebus
653 794 662 803 .
685 766 719 806 E
738 779 893 807 summa
922 763 1155 808 Causarum
1175 766 1434 809 multitudine
1453 797 1465 815 ,
1494 779 1602 821 quae
1620 759 1848 821 praesertim
1878 773 1947 802 ae-

486 822 593 864 stivo
614 835 787 881 tempore
816 837 1103 881 proponuntur
1132 825 1173 867 in
1202 826 1316 883 plena
1350 826 1564 882 Signatum
1582 855 1595 873 ,
1626 820 1846 863 indubium
1892 831 1949 862 est

486 881 582 922 oriri
611 880 761 924 Causis
783 882 874 939 ipsis
893 882 1189 939 praejudicium
1205 916 1218 935 ,
1252 898 1298 927 ut
1315 900 1335 926 a
1352 884 1602 926 Votantibus
1621 882 1759 938 plenae
1790 878 1948 919 illarum

489 940 711 995 cognitioni
729 940 906 983 satisfieri
926 955 1012 981 non
1031 942 1182 999 possit;
1213 943 1464 999 proindeque
1480 940 1711 982 Fattinellus
1735 939 1816 993 ipse
1833 967 1846 985 ,
1873 937 1946 992 qui

485 1009 533 1036 eo
558 1010 726 1038 munere
741 998 990 1053 fungebatur
1009 1030 1021 1046 ,
1050 1001 1291 1055 apertissime
1311 1001 1423 1041 fateri
1442 1014 1526 1040 non
1542 997 1707 1039 erubuit
1721 1027 1736 1046 ,
1761 994 1877 1049 quod
1893 995 1952 1037 in·

485 1066 643 1111 regrum
672 1054 854 1098 studium
873 1055 1042 1111 singulis
1069 1056 1221 1100 Causis
1254 1070 1453 1113 prae-stare
1486 1056 1724 1112 neutiquam
1754 1056 1952 1098 Votantes

487 1113 702 1165 valebant3
731 1125 772 1158 et
787 1115 876 1156 dum
893 1115 1021 1157 multis
1060 1115 1196 1158 Causis
1224 1116 1487 1165 intendimus,
1524 1115 1656 1171 ajebat
1686 1115 1744 1154 ille
1763 1142 1776 1160 ,
1808 1115 1950 1156 multas

485 1173 737 1231 negligamus
765 1187 911 1216 necesse
930 1183 985 1214 est
998 1205 1010 1223 ,
1044 1189 1128 1217 cum
1155 1174 1271 1217 imme
1287 1185 1457 1232 oporteat
1476 1187 1547 1215 nos
1564 1182 1703 1215 cuncta
1723 1172 1883 1219 rimari,
1911 1181 1967 1213 et2

486 1230 638 1273 Causae
667 1232 870 1287 cujuslibet
888 1232 1111 1287 qualitatem
1124 1235 1240 1290 plena
1269 1233 1514 1289 inquisitione
1537 1231 1722 1273 discutere
1740 1260 1752 1278 ‚
1782 1232 1860 1287 leg.
1872 1233 1950 1278 Ju-

483 1289 599 1342 dices²
608 1291 640 1332 C
640 1292 704 1332 od.
722 1293 767 1333 de
776 1290 940 1346 judiciis
957 1291 1055 1333 Can.
1069 1292 1310 1338 ,ludit-antem
1330 1305 1401 1345 30.
1418 1308 1454 1348 q.
1463 1306 1502 1346 5.
1521 1290 1618 1346 Qua
1637 1289 1684 1330 de
1708 1303 1747 1330 re
1764 1289 1948 1345 cogitan-

487 1348 586 1391 dum
604 1349 700 1392 huic
720 1349 824 1392 malo
851 1364 1132 1407 opportunum
1151 1351 1372 1393 remedium
1390 1383 1404 1400 ,
1422 1349 1770 1393 animadvertebat
1790 1348 1849 1390 ille
1867 1379 1881 1398 ,
1909 1360 1950 1392 et

482 1408 680 1507 probatae
698 1409 791 1450 fidei
810 1408 1024 1451 Causidici
1061 1410 1103 1450 id
1118 1410 1318 1465 potissime
1353 1425 1585 1464 congruum
1602 1422 1681 1450 esse
1702 1409 1948 1457 censebant,

514 1466 569 1507 eri
599 1482 739 1524 nempe
770 1467 812 1509 in
830 1467 1048 1523 Signatura
1077 1480 1219 1509 turnos
1235 1469 1368 1511 saltem
1387 1469 1490 1512 duos
1508 1485 1521 1519 r,
1541 1468 1664 1523 aliqui
1682 1467 1779 1510 verb
1795 1498 1808 1516 ‚
1826 1481 1871 1509 ut
1893 1467 1950 1510 Si-

481 1537 656 1584 gnatura
679 1527 799 1583 plena
813 1523 1098 1583 qualibetferia
1116 1527 1260 1583 quinta
1281 1529 1451 1570 omnino
1470 1529 1686 1571 haberetur
1702 1528 1821 1569 etiam
1838 1526 1949 1569 aesti-

483 1599 536 1629 vo
557 1597 731 1643 tempore
752 1615 765 1634 ,
781 1600 911 1640 eaque
931 1585 993 1628 die
1014 1586 1203 1643 impedita
1223 1616 1238 1636 ,
1253 1588 1319 1629 die
1338 1589 1523 1643 sequenti
1551 1602 1636 1629 non
1656 1586 1845 1643 impedita
1861 1601 1874 1635 ;
1892 1586 1948 1627 ita

478 1656 657 1699 namque
677 1645 966 1702 sapientissime
984 1645 1191 1701 provisum
1206 1648 1508 1698 existimabant,
1525 1663 1573 1688 ae
1585 1661 1657 1703 per
1672 1647 1854 1692 duarum,
1871 1653 1944 1686 aut

479 1700 651 1758 pluriam
683 1705 1002 1746 hebdomadarum
1022 1706 1219 1748 intervalla
1253 1721 1505 1751 coacervatus
1522 1708 1736 1750 Causarum
1765 1717 1947 1745 numerus

482 1773 598 1817 supra
620 1762 726 1804 vires
744 1763 844 1804 DD.
867 1764 1096 1806 Votanu‘um
1114 1796 1127 1813 ‚
1145 1776 1183 1806 et
1196 1767 1236 1808 in
1245 1768 1428 1813 Iustitiae
1445 1771 1631 1806 damnum
1650 1765 1847 1804 adcrescat
1861 1792 1870 1800 .

606 1821 657 1862 Et
675 1821 863 1877 quamvis
882 1835 933 1863 ex
952 1823 1092 1863 Edicto
1110 1824 1333 1864 cardinalis
1351 1822 1540 1877 Praefecti
1567 1820 1710 1862 Cintln'i
1733 1822 1947 1863 Aldobran-

479 1881 567 1924 dini
584 1892 662 1930 ³‚ut
680 1879 958 1923 consuleretur
995 1880 1124 1922 dictae
1161 1880 1397 1925 Causarum
1426 1879 1709 1927 multitudini,
1744 1882 1945 1922 sancitum

481 1940 621 1981 fuisset
640 1966 653 1985 ‚
684 1940 799 1993 quod
816 1939 857 1980 in
882 1938 1048 1995 qualibet
1072 1939 1290 1997 Signatum
1316 1941 1418 1981 DD.
1433 1935 1700 1992 Refhrendarii
1726 1938 1828 1979 duas
1850 1948 1946 1980 tan-

481 2007 563 2041 tum
587 1996 881 2040 commissiones
905 1997 1049 2057 singuli
1059 2012 1315 2056 proponerent
1337 2014 1349 2049 ;
1385 2012 1423 2042 et
1441 1992 1590 2039 abusui
1615 1993 1761 2052 irrepto
1781 2025 1795 2044 ,
1824 1996 1947 2052 dejli-

483 2057 612 2099 centia
639 2069 783 2115 nempe
805 2056 1017 2099 Auditoris
1034 2057 1166 2112 plures
1184 2058 1287 2099 ultra
1307 2059 1409 2099 duas
1443 2053 1698 2113 proponendi
1717 2053 1739 2109 )
1755 2070 1859 2110 quae
1895 2056 1945 2097 li-

483 2115 611 2158 centia
630 2115 888 2173 proponendi
905 2125 1015 2157 extra
1041 2127 1258 2155 numerum
1275 2115 1553 2172 appellabatur
1570 2113 1592 2168 )
1609 2113 1773 2155 obviam
1791 2115 1946 2171 sapien-
1989 2153 1993 2157 .

481 2174 628 2216 tissime
646 2173 777 2216 ivisset
794 2184 953 2214 sanctae
980 2171 1194 2214 memoriae
1222 2173 1410 2217 Pontifex
1431 2170 1697 2216 Innocentius
1723 2186 1815 2223 x1.,
1842 2173 1943 2216 dum

481 2232 524 2274 in
553 2232 769 2288 Signatura
798 2229 1117 2273 examinandum
1137 2231 1423 2283 demandavit,
1460 2249 1512 2275 an
1550 2245 1779 2287 congruum
1813 2245 1944 2284 esset,

481 2292 595 2347 quod
617 2290 787 2347 amplius
817 2304 902 2331 non
924 2289 1208 2333 concederetur
1237 2306 1346 2335 extra
1365 2307 1567 2334 numerum
1597 2292 1638 2333 in
1668 2290 1942 2348 propositione

481 2349 715 2391 Causarum
734 2379 747 2398 2
784 2349 836 2390 ab
854 2363 983 2403 eaque
1001 2351 1077 2391 sub
1095 2349 1157 2390 die
1178 2364 1217 2391 2.
1237 2352 1368 2394 martii
1391 2351 1517 2408 1679.
1544 2355 1761 2393 resolutum
1787 2349 1939 2401 fuisset,

481 2409 573 2450 raro
592 2407 637 2449 id
650 2407 958 2467 permittendum
984 2423 1094 2458 esse,
1121 2421 1159 2451 et
1190 2408 1265 2451 nisi
1300 2411 1538 2454 necessitatis
1569 2424 1688 2452 causa
1718 2410 1939 2453 intercede-

481 2478 539 2508 ret
554 2498 568 2515 ,
599 2481 643 2509 ac
661 2466 805 2509 deinde
831 2466 1020 2509 referente
1036 2466 1363 2511 Eminentissimo
1387 2470 1519 2512 Flavio
1553 2469 1676 2512 Clzisio
1702 2466 1906 2511 Praefecto
1923 2497 1938 2517 ,

479 2522 610 2567 eidem
638 2524 871 2568 resolutioni
903 2525 1120 2569 acces-sisset
1138 2524 1349 2573 pontificia
1368 2528 1620 2575 confirmatio
1638 2559 1652 2583 ,
1689 2542 1792 2585 quae
1819 2524 1944 2569 inno-

1863 2600 1939 2630 va-
