1952 3167
367 305 439 343 180
713 302 775 338 DE
803 302 913 345 JURE
951 301 1232 338 SIGNATURAE
1260 300 1470 337 IUSTITIAE

362 354 508 400 plicante
530 351 589 398 ipsi
607 352 770 399 assignata
799 354 828 388 in
844 361 1040 398 computum
1058 352 1107 386 sui
1136 350 1312 387 mensualis
1328 349 1513 396 Stipendii,
1541 348 1628 383 unde
1645 349 1840 389 huiusmodi

363 402 423 439 Lis
447 402 574 449 integre
603 404 750 438 extincta
775 402 947 438 remanere
978 404 1098 436 debeat
1129 415 1138 434 ε
1166 399 1332 434 Volumus
1362 409 1471 434 tamen
1504 397 1595 432 dicto
1621 398 1778 440 nomine,
1813 408 1846 435 et

367 463 528 497 expresse
556 455 748 487 mandamus
769 477 779 493 ‚
807 460 844 486 ut
864 460 928 487 tam
946 450 1036 484 dicto
1053 450 1096 483 D.
1112 449 1249 483 [andini
1268 448 1411 483 Notario
1439 447 1628 482 Substituto
1660 447 1847 484 'I'ribunalis

367 499 554 546 Signaturae
571 502 738 541 Iustitiae‚
776 503 916 544 ejusque
937 496 1193 532 Successoribus
1213 519 1223 534 ‚
1252 507 1350 539 quam
1379 494 1505 530 cacteris
1530 494 1603 528 aliis
1632 496 1732 529 modo
1759 506 1790 531 et
1817 497 1848 532 in

368 548 524 584 futurum
554 548 814 585 inservientibus
844 549 875 580 in
890 545 1083 588 supradicto
1099 543 1225 577 Officio
1254 542 1408 576 Archivii
1441 543 1480 577 ad
1495 543 1698 577 antedictum
1732 543 1850 580 Colle·

371 597 465 643 gium
496 606 665 642 spectante
681 622 690 637 ‚
722 596 779 640 qui
794 606 910 630 omnes
928 592 1059 627 Subditi
1076 604 1144 627 esse
1158 591 1300 627 debeant
1316 591 1423 626 eidem
1441 589 1777 638 Collegiotamquam
1798 605 1851 627 eo-

368 657 444 681 rum
471 657 555 681 vero
569 647 722 682 Domino
736 669 746 684 ‚
766 643 947 679 constituta
959 641 1025 676 sint
1042 640 1273 676 Emolumenta
1288 651 1377 676 certa
1391 665 1401 681 ,
1428 650 1459 674 et
1475 641 1622 681 incerta,
1648 652 1721 686 quae
1740 641 1853 687 legun-

369 703 425 730 tur
442 697 599 730 adnotata
627 695 656 729 in
673 693 804 730 Notula
829 703 888 737 per
903 692 977 725 Nos
991 690 1165 726 efformata
1178 714 1188 730 ‚
1215 699 1249 725 et
1261 689 1442 725 distinctim
1460 690 1561 725 relata
1575 690 1746 725 Sanctitati
1763 691 1849 731 Suae,

362 755 403 778 ac
437 743 558 778 inserta
583 752 615 778 et
632 743 805 789 registrata
833 741 865 775 in
881 740 1075 784 supradicto
1095 739 1337 785 Chirograplio
1354 763 1364 778 ‚
1390 749 1464 784 quae
1490 739 1624 785 quidem
1648 738 1777 774 Notula
1793 750 1854 785 per

362 793 438 828 Nos
456 794 497 826 de
527 792 657 828 Ordine
673 789 877 827 sanctissimi
895 790 1023 824 firmata
1038 812 1048 829 ,
1073 798 1107 823 et
1126 788 1314 833 subscripta
1341 787 1501 824 volumus
1519 812 1529 827 ‚
1566 798 1602 822 ut
1634 789 1666 823 in
1689 789 1851 835 praedicto

360 840 492 876 Officio
521 841 561 875 ad
593 841 761 885 publicam
789 839 1041 874 instructionem
1059 862 1069 878 ,
1098 847 1130 872 et
1158 837 1434 872 commoditatem
1465 848 1599 878 semper
1614 838 1764 882 exposita
1791 840 1848 873 de-

362 889 441 924 beat
461 888 597 924 retineri
614 902 624 929 ;
645 889 794 923 Ulterius
810 887 970 922 volumus
989 888 1125 921 nomine
1142 886 1303 932 praedicto
1318 911 1328 926 ,
1345 896 1381 921 ut
1399 887 1429 920 in
1446 886 1625 932 quamdam
1645 885 1751 920 veluti
1768 898 1851 932 prae-

360 938 544 972 teritorum
575 936 892 971 Emolumentorum
912 948 977 970 non
995 945 1232 980 perceptorum
1252 935 1558 980 compensationem
1580 960 1590 974 ,
1616 937 1850 971 condonentur

364 985 614 1031 praenominato
652 985 805 1020 Domino
819 985 958 1021 Thomae
988 984 1126 1019 Landini
1148 997 1166 1019 a
1192 984 1385 1030 supradicto
1406 984 1568 1030 Collegio
1599 984 1654 1019 illa
1670 994 1763 1019 scuta
1776 996 1855 1020 cen-

367 1044 439 1068 tum
456 1035 678 1080 quadraginta
704 1044 877 1079 quatuor,
907 1043 940 1068 et
958 1035 1052 1068 obol.
1068 1045 1125 1078 75.
1142 1057 1153 1073 ‚
1181 1045 1254 1078 quae
1271 1034 1380 1071 adhuc
1402 1036 1470 1079 ipse
1490 1036 1589 1068 debet
1618 1034 1650 1069 d.
1673 1033 1848 1079 Collegio;

363 1081 536 1118 Volumus
554 1092 714 1127 praeterea
744 1086 864 1118 eodem
898 1085 1060 1127 praedicto
1091 1082 1225 1117 nomine
1244 1107 1254 1122 ‚
1283 1093 1319 1117 ut
1336 1083 1498 1118 Notarius
1517 1082 1708 1117 Tribunalis
1732 1082 1850 1128 Signa·

364 1140 448 1166 turae
468 1132 616 1167 Iustitiae
631 1142 797 1178 perpetuo
827 1141 956 1167 maneat
972 1132 1090 1166 eodem
1110 1134 1211 1166 modo
1224 1156 1234 1172 ‚
1266 1144 1334 1177 quo
1350 1132 1509 1167 hactenus
1524 1132 1587 1166 fuit
1602 1156 1613 1172 ,
1641 1143 1741 1173 penes
1757 1131 1847 1166 idem

364 1179 571 1226 Collegium
592 1182 806 1224 Scriptorum
825 1180 979 1216 Archivii
999 1182 1158 1216 Romanae
1181 1181 1295 1216 Curiae
1311 1204 1320 1216 2
1347 1192 1380 1215 et
1399 1181 1562 1216 Notarius
1583 1181 1847 1216 Administrator

368 1230 499 1273 poterit
521 1230 718 1266 infuturum
736 1243 772 1266 se
786 1230 1000 1265 subscribere
1016 1230 1045 1263 in
1062 1229 1158 1266 Actis
1180 1230 1328 1268 ejusdem
1347 1230 1535 1265 Tribunalis
1553 1230 1738 1272 Signaturae
1758 1229 1850 1264 simi-

364 1276 530 1318 limodo‚
565 1292 632 1323 quo
660 1292 696 1316 se
712 1282 868 1315 hactenus
899 1278 1125 1322 subscripsit3
1164 1279 1373 1313 Conditione
1401 1289 1511 1314 tamen
1539 1291 1694 1324 expressa
1713 1303 1723 1318 ‚
1755 1278 1847 1324 quod

363 1327 536 1372 praefatum
555 1327 752 1375 Collegium
779 1340 897 1364 ornnes
912 1328 1025 1362 subire
1041 1328 1162 1363 debeat
1186 1338 1342 1373 sumptus
1359 1352 1368 1367 ‚
1390 1340 1475 1374 quos
1494 1328 1564 1363 fieri
1579 1337 1733 1372 oporteat
1747 1351 1758 1367 ,
1787 1337 1849 1372 pro

366 1375 798 1418 tuitionelurisdictionis‚
825 1386 860 1412 et
875 1376 1100 1412 Auctoritatis
1134 1378 1240 1422 ipsius
1272 1377 1484 1417 Tribunalis3
1517 1378 1624 1411 Prout
1650 1377 1774 1421 pariter
1792 1386 1848 1410 eo-

364 1425 440 1460 dem
460 1426 595 1462 nomine
622 1425 780 1462 volumus
799 1451 810 1466 ‚
837 1435 872 1461 ut
891 1427 923 1460 in
944 1438 1161 1472 quocumque
1182 1439 1258 1461 casu
1287 1427 1470 1462 vacationis
1496 1426 1629 1462 Notarii
1661 1423 1843 1460 Substituti

366 1472 561 1509 immediate
592 1475 805 1510 inservientis
837 1476 920 1511 Erno
935 1499 945 1513 ,
974 1484 1006 1508 et
1023 1475 1113 1510 ano
1143 1477 1187 1509 D.
1203 1476 1376 1511 Cardinali
1392 1475 1554 1510 Praefecto
1586 1476 1770 1518 Signaturae
1789 1473 1848 1505 Iu·

365 1521 466 1555 stitiae
482 1545 492 1560 ‚
521 1522 662 1566 eiusque
685 1523 727 1556 R.
745 1523 781 1556 Ρ.
799 1523 845 1556 D.
862 1523 1023 1555 Auditor-i
1041 1522 1234 1566 Collegium
1254 1525 1382 1558 Orator
1403 1532 1599 1565 praesentare
1615 1524 1734 1554 debeat
1751 1520 1846 1554 dicto

364 1569 451 1603 Εῐῐιο
482 1569 528 1602 D.
548 1569 720 1603 Cardinali
739 1570 902 1603 Praefecro
921 1570 1100 1603 Notarium
1120 1571 1277 1604 idoneum
1309 1570 1508 1603 Eminentia:
1538 1569 1612 1601 Suae
1634 1566 1844 1608 benevisum‚

360 1624 396 1653 et
429 1616 460 1650 in
482 1629 592 1652 casum
612 1617 853 1657 recusationis,
885 1617 1067 1651 Notarium
1096 1618 1236 1651 alterum
1268 1615 1366 1649 exiis
1386 1625 1519 1654 tamen,
1547 1616 1604 1660 qui
1639 1628 1701 1650 suo
1716 1616 1845 1651 Officio

365 1664 526 1702 Archivii
553 1667 593 1700 de
613 1675 769 1711 tempore
785 1665 968 1700 vacationis
982 1666 1174 1703 hujusmodi
1203 1663 1415 1700 inserviunt,
1449 1673 1481 1698 et
1512 1676 1576 1698 non
1594 1664 1726 1699 aliunde
1743 1665 1844 1701 desu-

363 1713 524 1749 mendum
540 1738 551 1754 ‚
579 1724 611 1750 et
627 1727 690 1749 non
706 1715 784 1750 alias
798 1738 809 1754 ‚
835 1724 871 1749 ut
887 1713 991 1748 fusius
1019 1713 1051 1747 in
1064 1713 1258 1756 supradicto
1275 1712 1517 1757 Chirographo
1540 1713 1744 1757 exprimitur
1759 1738 1769 1753 ‚
1805 1723 1842 1750 et

363 1762 464 1802 juxta
483 1764 514 1797 in
529 1763 687 1800 omnibus
704 1788 714 1803 ,
741 1772 773 1798 et
789 1774 851 1808 per
867 1763 981 1797 omnia
1006 1761 1095 1796 illius
1113 1762 1253 1797 formam
1275 1784 1284 1802 ‚
1311 1761 1431 1797 seriem
1450 1786 1460 1801 ,
1492 1771 1525 1797 et
1549 1773 1699 1798 tenorem
1717 1786 1726 1796 .
1757 1762 1837 1798 Non

364 1812 496 1849 obstan.
510 1812 826 1848 Constitutionibus
843 1810 1050 1858 Apostolicis
1065 1836 1074 1851 ,
1089 1811 1233 1857 Legibus
1248 1835 1257 1851 ‚
1286 1812 1424 1846 Statutis
1440 1835 1451 1850 ,
1482 1823 1513 1846 et
1539 1810 1610 1845 aliis
1627 1813 1749 1856 quibus
1765 1823 1844 1846 om-

361 1861 465 1896 nibus
495 1862 584 1896 idem
603 1861 836 1897 Sanctissimus
866 1862 914 1896 D.
929 1861 974 1895 N.
991 1861 1078 1906 Papa
1095 1860 1125 1894 in
1144 1872 1206 1895 suo
1226 1861 1418 1904 praeinserto
1448 1860 1687 1906 Chirographo
1709 1861 1842 1906 amplis·

366 1910 476 1950 sime,
506 1920 538 1945 et
556 1922 714 1956 expresse
740 1910 937 1957 derogavit.
962 1910 999 1944 In
1015 1921 1157 1955 quorum
1185 1910 1285 1946 fidem
1301 1934 1312 1944 .
1341 1910 1470 1945 Datum
1498 1910 1617 1946 Romae
1647 1922 1688 1948 ex
1704 1908 1852 1960 Palatio·

363 1966 487 1995 uostrae
516 1959 719 1997 Residentiae
733 1962 794 1998 hac
811 1960 865 1997 die
876 1972 912 2006 9.
928 1959 1006 1995 Iulii
1027 1970 1130 2005 1779.

955 2013 994 2046 Β.
1010 2010 1105 2057 card.
1124 2009 1251 2047 Giraud
1262 2009 1497 2048 Pro-‚Auditor
1511 2031 1523 2049 Q

1693 2542 1741 2581 N.
1756 2541 1833 2580 LII·
