1952 3167
384 290 471 333 260
663 291 736 332 DE
759 291 896 339 JURE
934 288 1271 334 SIGNATURAE
1296 288 1561 339 JUSTITIAE

387 351 466 392 hoc
484 360 541 391 est
555 381 567 399 ,
586 351 701 404 quod
720 351 954 394 admittatur
981 351 1103 393 unica
1121 350 1329 406 appellatio
1351 350 1401 389 ab
1421 348 1618 391 excesslva
1640 350 1843 394 taxatione

386 424 649 466 expensarum
671 425 683 459 ;
721 424 841 468 prout
859 411 973 453 docet
991 412 1274 452 Mareloesanus
1291 411 1337 449 cle
1359 406 1695 450 commissionibus
1723 410 1743 465 (
1752 410 1796 465 ι)
1831 443 1845 461 ‚

385 481 426 510 et
444 482 532 526 post
551 484 598 509 eu
607 485 644 510 m
661 470 908 527 Ridolpliinus
936 469 974 509 in
986 468 1107 525 praxi
1121 468 1192 523 (2)
1207 497 1216 505 .

502 527 664 570 Accidit
696 530 814 570 ctiam
832 521 1085 580 aliquando,
1120 540 1165 566 ut
1182 557 1194 574 ,
1233 526 1365 581 elapso
1395 537 1506 563 anno
1526 524 1799 579 appellationis
1823 559 1837 578 ,

377 600 461 629 acta
485 587 626 643 prioris
656 587 863 631 instantiae
885 601 967 626 non
985 586 1062 626 sint
1082 585 1214 625 adhuc
1237 595 1503 639 transportata
1526 596 1659 623 coram
1692 584 1849 636 Judice,

381 645 660 702 appellationis
675 661 687 694 ε,
705 659 742 687 et
764 654 861 686 tunc
881 644 1113 701 Appellatus
1132 645 1172 684 in
1194 644 1406 700 Signatura
1428 641 1765 684 Commissionem
1784 645 1836 685 si-

381 705 591 760 gnandam
619 704 812 760 proponit
837 717 911 758 pro
928 704 1110 745 celeriore
1142 702 1304 744 Causae
1322 699 1574 756 expeditione
1592 731 1604 749 ‚
1642 713 1679 742 et
1700 701 1759 743 illa
1779 717 1834 744 re-

378 763 549 804 scribere
584 763 713 804 Iudici
748 763 844 804 solet
871 778 945 820 pro
974 761 1240 819 assignatione
1277 760 1434 803 termini
1464 758 1587 801 unius
1606 760 1749 802 mensis
1780 762 1833 803 ad

377 832 463 862 acta
485 823 844 879 transportandum
863 854 875 872 ,
892 838 976 878 quo
994 821 1163 864 termino
1182 821 1313 879 elapso
1332 852 1344 869 ‚
1363 832 1399 861 et
1414 819 1508 861 actis
1522 833 1604 859 non
1624 832 1832 876 transpor-

373 881 465 921 tatis
484 896 599 920 suam
636 882 862 923 moderetur
896 881 1206 927 inhibitionem3
1238 879 1423 932 etJudex
1446 893 1466 918 a
1485 891 1570 933 quo
1587 906 1600 925 ,
1633 879 1831 933 producta

379 950 517 977 coram
548 938 632 992 ipso
665 938 741 977 fide
775 939 903 979 dictae
939 936 1228 978 moderationis
1247 969 1260 986 ‚
1291 936 1472 993 procedit
1503 935 1556 975 ad
1591 938 1831 989 exequutio·

373 995 525 1035 tionem
541 1008 637 1035 suae
654 996 874 1036 sententiae
891 1011 903 1044 ς
938 996 969 1036 si
987 1009 1080 1038 vero
1097 1007 1184 1050 post
1199 996 1354 1051 lapsum
1370 993 1586 1035 terminum
1602 995 1731 1040 Judex
1752 1009 1833 1036 mo·

373 1052 535 1093 deratus
568 1050 689 1095 fuerit
709 1051 995 1096 inhibitionem
1012 1066 1074 1102 ‚et
1092 1053 1307 1110 Appellans
1339 1067 1422 1094 non
1441 1052 1628 1094 habuerit
1647 1053 1832 1096 notitiam

372 1110 432 1152 vel
452 1112 505 1152 ob
524 1111 701 1166 aliquam
731 1127 891 1155 causam
912 1113 1124 1169 legitimam
1156 1111 1368 1169 neglexerit
1402 1124 1486 1153 acta
1517 1123 1786 1167 transportare
1815 1144 1830 1164 ,

371 1168 484 1210 facile
510 1171 711 1213 obtinebit
739 1172 1089 1228 reintegrationem
1108 1171 1361 1212 inhibitionis
1381 1184 1402 1210 a
1421 1170 1634 1225 Signatura
1649 1200 1662 1218 ,
1693 1170 1744 1212 ita
1767 1184 1830 1212 re-

373 1228 591 1270 scribendo
610 1259 624 1278 ‚
658 1231 755 1271 Rota
769 1262 781 1279 ,
812 1232 874 1271 vel
887 1231 978 1272 talis
988 1232 1120 1277 Iudex
1137 1262 1149 1279 ‚
1167 1229 1446 1286 transportatis
1463 1228 1564 1277 netis
1582 1259 1593 1276 ,
1623 1241 1660 1268 et
1677 1228 1828 1280 refectis

367 1287 548 1341 expensis
590 1289 868 1330 moderationis
902 1304 985 1331 cum
1008 1287 1187 1329 omnibus
1220 1288 1305 1328 inde
1328 1285 1530 1342 sequuds,
1561 1285 1826 1329 inhibitionem

369 1345 583 1403 reintegret
598 1379 611 1397 ,
646 1359 682 1389 et
698 1349 879 1404 procedat
903 1349 953 1389 acl
960 1346 1137 1399 formam
1176 1343 1492 1394 Commissionis3
1520 1357 1558 1385 et
1577 1344 1606 1384 si
1631 1358 1717 1386 acta
1742 1361 1826 1388 non

365 1403 520 1459 possint
535 1407 666 1446 statim
685 1407 948 1460 transportari
967 1437 979 1452 ‚
1007 1405 1182 1446 rescribit
1200 1437 1212 1453 ‚
1241 1403 1389 1456 refectis
1401 1402 1586 1458 expensis
1604 1433 1615 1450 ‚
1648 1404 1824 1461 assignet

364 1476 510 1502 novum
531 1464 706 1504 ultimum
731 1463 939 1503 terminum
963 1463 1264 1517 peremptorium
1278 1463 1330 1501 ad
1343 1461 1680 1517 transportandum
1700 1477 1788 1503 ncta
1806 1494 1816 1505 .

364 1520 417 1560 Et
431 1522 528 1563 haec
559 1522 654 1563 satis
678 1523 758 1563 sint
776 1522 915 1576 quoad
933 1521 1248 1563 Commissiones
1269 1519 1580 1576 appellationum
1599 1519 1637 1558 in
1660 1518 1824 1571 judiciis

365 1580 608 1631 ordinariis;
638 1582 685 1622 de
719 1580 869 1635 quibus
915 1579 1095 1622 latissime
1135 1592 1260 1636 agunt
1295 1578 1548 1634 Riclolplzinus
1581 1578 1685 1634 (3),
1715 1583 1816 1623 etde

358 1638 464 1680 Luca
485 1639 558 1695 (4)
578 1669 587 1679 .
1258 1692 1269 1698 ἱ

487 1700 608 1753 Quae
627 1715 723 1744 vero
753 1700 966 1742 summaria
1004 1700 1161 1753 Judicia
1194 1699 1389 1742 dicuntur
1418 1728 1431 1746 ‚
1464 1713 1561 1743 sunt
1594 1701 1820 1756 praesertim

362 1758 603 1812 possessoria
622 1790 635 1807 ,
655 1773 693 1801 et
720 1775 846 1815 quum
869 1775 888 1800 a
911 1761 1099 1801 Romano
1115 1760 1210 1812 Jure
1244 1759 1335 1800 satis
1360 1758 1600 1814 privilegiata
1618 1760 1816 1811 existant,

366 1827 412 1855 ut
430 1816 630 1865 celeriter,
661 1831 698 1859 et
716 1820 866 1873 absque
906 1819 1023 1859 etiam
1055 1818 1181 1873 figura
1202 1815 1341 1872 judicii
1362 1816 1422 1856 illa
1439 1816 1617 1873 expediri
1638 1831 1821 1873 oporteat

364 1872 629 1918 diversimode
667 1876 817 1919 idcirco
852 1876 893 1917 in
915 1875 1151 1932 hujusmodi
1182 1873 1343 1932 judiciis
1359 1873 1577 1932 Signatura
1613 1876 1818 1921 rescribit.

358 1930 409 1972 Et
426 1933 603 1989 singulas
620 1936 816 1978 clausulas
847 1935 1044 1992 gradatim
1077 1934 1322 1989 exponendo
1344 1964 1355 1982 ,
1404 1949 1495 1976 ante
1517 1935 1654 1978 omnia
1683 1950 1814 1976 recen-

358 1991 531 2032 sendum
555 1993 775 2044 duximus,
804 1994 883 2051 jam
903 1995 1003 2036 dicta
1036 1993 1187 2048 judicia
1217 1994 1289 2036 tria
1310 2008 1388 2036 esse
1417 2025 1429 2043 ‚
1461 1993 1635 2050 primum
1669 2006 1810 2049 nempe

362 2048 646 2106 adipiscendae
667 2055 923 2110 possessionis
941 2084 953 2102 ‚
985 2054 1026 2094 in
1044 2069 1128 2108 quo
1148 2053 1382 2094 conceditur
1400 2053 1593 2094 sententia
1610 2081 1623 2098 ‚
1642 2063 1680 2090 et
1699 2065 1813 2092 man-

360 2106 504 2149 datum
539 2111 586 2151 de
609 2112 859 2154 immittendo
887 2143 901 2160 ,
934 2112 1102 2150 alterurn
1139 2110 1400 2156 retinendae,
1432 2121 1469 2148 et
1501 2110 1620 2149 datur
1648 2109 1813 2152 manda-

357 2174 447 2203 tum
469 2167 516 2207 de
542 2169 849 2210 manutenendo
869 2198 883 2215 ,
914 2167 1074 2207 tertium
1107 2165 1202 2204 vero
1222 2166 1516 2221 recuperandae
1536 2195 1549 2214 ,
1581 2179 1618 2208 et
1634 2181 1815 2224 pronun-

359 2220 489 2264 ciatur
519 2225 715 2266 sententia
750 2224 1002 2267 relaxationis
1044 2222 1229 2265 mandati
1265 2223 1315 2263 de
1344 2223 1626 2281 reintegrando
1648 2255 1657 2264 .
1690 2227 1810 2281 Quae

360 2280 526 2332 quidem
551 2281 706 2336 judicia
733 2283 972 2340 possessoria
998 2284 1075 2324 sub
1093 2282 1255 2323 nomine
1274 2281 1579 2326 interdictorum
1611 2285 1811 2341 explican-

1740 2359 1810 2387 tur

355 2422 509 2437 m
826 2426 1136 2437 ——
1295 2427 1335 2438 —

405 2479 460 2518 (1)
484 2485 565 2513 Part.
577 2491 599 2513 1.
620 2492 697 2526 pag.
716 2493 810 2526 12²3·
1108 2484 1163 2524 (3)
1186 2485 1412 2526 Impraxips.
1433 2485 1760 2526 c.13.n.93.et643.

406 2522 459 2563 (ι)
486 2528 564 2557 Fut·
587 2535 615 2557 1.
639 2538 707 2571 cap.
725 2538 781 2572 ‚⁷30
793 2539 828 2560 n.
846 2530 923 2561 622..
1108 2529 1158 2568 (4)
1180 2532 1226 2561 De
1242 2529 1374 2568 Iudiciis
1389 2539 1474 2562 itum.
1490 2537 1545 2570 23.
1573 2538 1604 2563 et
1619 2529 1673 2562 28.
