2075 3167
515 297 571 342 26
596 303 606 308 ’
808 295 883 336 DE
908 293 1040 342 JURE
1063 291 1413 334 SIGNATURAE
1437 291 1689 341 JUSTITIAE

519 353 713 414 quaginta
740 369 813 413 pro
831 353 1036 410 quolibet,
1067 368 1105 396 et
1123 368 1181 395 res
1194 368 1331 394 omnes
1348 384 1360 402 ‚
1392 366 1472 394 tam
1488 367 1627 394 eorum
1644 383 1656 402 ,
1689 350 1813 406 quam
1830 349 2005 392 Familiae

521 416 663 469 usibus
699 414 907 457 destinatae
929 443 941 461 ,
970 413 1172 471 praedictis
1200 412 1393 454 oneribus
1413 412 1557 453 deinde
1576 411 1842 467 subjiciantur
1861 441 1870 451 .

636 475 686 516 Et
707 474 803 530 quia
833 475 984 529 absque
1018 473 1098 515 ullo
1131 472 1329 529 stipendio
1367 473 1460 512 DD.
1498 473 1696 512 Votantes
1725 469 1876 511 labores
1901 465 2005 524 pene

520 534 771 576 incredibiles
787 534 921 576 subire
939 533 1187 588 cogebantur
1206 559 1217 577 ,
1250 530 1418 587 dignum
1435 554 1453 578 ,Γ
1479 529 1578 585 quin
1599 527 1729 586 potius
1748 527 1925 569 debiturn
1946 540 2009 567 re-

519 593 682 650 putavit
714 593 902 634 laudatus
931 591 1114 633 Pontifex
1156 588 1396 632 Innocentius
1424 590 1518 630 XII.
1551 603 1654 630 anno
1694 586 1820 642 1693.
1856 584 2009 643 praevia

517 652 737 694 abolitione
776 650 1034 692 Praefecturae
1051 647 1390 705 Congregationis
1409 648 1632 690 confinium
1650 678 1662 697 ,
1680 644 1810 689 eidem
1827 643 2009 700 Collegio

519 710 716 766 assignare
746 722 858 751 scuta
889 707 1017 757 mille,
1044 717 1082 748 et
1105 707 1330 749 biscenturn
1355 707 1606 762 quotannis,
1638 703 1913 748 menstruatim
1944 702 2010 743 in-

519 779 577 809 ter
608 769 713 825 ipsos
729 782 846 824 aeque
866 765 1086 810 dividenda
1105 795 1118 814 ‚
1148 778 1270 823 prout
1300 764 1427 819 liquet
1445 766 1465 806 ἐ
1483 768 1674 809 mandato
1708 762 1921 806 Pontificio
1939 776 2011 803 ex-

518 826 651 869 hibito
684 828 726 867 in
745 828 861 883 plena
889 825 1062 867 Camera
1086 840 1154 881 per
1171 837 1258 866 acta
1285 824 1492 867 Antamori
1509 840 1536 884 a
1551 825 1716 868 Secretis
1734 822 1912 880 ejusdem
1930 820 2011 862 Ca·
2053 832 2056 835 ’

521 899 644 927 merae
660 887 733 942 (1)
755 915 764 925 .
801 887 898 926 Non
918 884 1066 926 minori
1082 883 1229 925 deinde
1258 882 1673 926 liberalitate'eosdem
1695 884 1790 924 DD.
1812 880 2012 922 Votantes

526 957 802 999 prosequutus
819 944 899 986 fuit
917 943 1144 986 Benedictus
1161 943 1270 984 XIII.
1287 973 1300 991 ,
1313 942 1385 997 qui
1411 942 1563 998 praevio
1578 941 1808 1000 Apostolico
1822 939 2015 981 mandato

518 1000 847 1043 Eminentissimo
866 1002 1050 1043 Domino
1068 1001 1282 1042 Cardinali
1301 1002 1341 1040 S.
1356 1001 1560 1041 Clementis
1578 1007 1820 1054 nuncupato
1833 1026 1847 1045 ,
1870 995 2014 1036 5.R.E.

520 1059 761 1102 Camerario
791 1062 859 1101 sub
885 1060 946 1099 die
967 1071 1037 1113 24.
1055 1057 1279 1115 septembris
1318 1066 1447 1109 1725.
1482 1057 1631 1097 directo
1649 1087 1662 1104 ‚
1695 1053 2019 1098 animadvertens

519 1120 773 1173 summopere
808 1117 993 1159 assiduos
1010 1143 1023 1162 ,
1056 1126 1278 1168 gravesque
1305 1113 1458 1152 labore-s
1476 1112 1654 1167 ejusdem
1674 1110 1842 1168 Collegii
1859 1111 1902 1152 in
1919 1111 2019 1153 aesti-

521 1177 583 1220 vis
612 1175 835 1234 praesertim
865 1172 1268 1229 congregationibus
1286 1198 1299 1217 ,
1332 1168 1597 1210 honorarium
1628 1170 1870 1226 praedictum
1887 1171 2016 1212 adau-

521 1236 581 1277 xit
603 1235 657 1275 ad
677 1247 788 1275 scuta
817 1245 959 1273 annua
991 1231 1066 1272 tria
1096 1229 1214 1270 millia
1232 1259 1245 1276 ,
1279 1237 1318 1269 et
1338 1227 1563 1276 octicenta,
1595 1241 1642 1270 ut
1668 1229 1874 1279 alacriter,
1903 1241 1941 1270 et
1967 1242 2016 1270 ex

524 1292 663 1334 animo
692 1306 856 1349 operam
875 1320 886 1336 ‚
921 1304 964 1332 ac
984 1289 1234 1330 sedulitatem
1250 1300 1410 1327 omnem
1427 1286 1470 1326 in
1496 1300 1636 1328 eorum
1661 1301 1827 1330 munere
1855 1287 2021 1330 adhibe-

524 1366 564 1394 re
585 1366 671 1393 non
690 1351 894 1399 sinerentt,
923 1363 1020 1403 quae
1054 1346 1222 1403 quidem
1251 1343 1544 1387 scutabismille
1565 1375 1578 1393 ,
1613 1360 1651 1388 et
1663 1359 1847 1389 sexcenta
1867 1346 2019 1402 adjecta

521 1411 649 1453 scutis
679 1409 780 1451 mille
798 1441 812 1460 ,
831 1421 868 1451 et
885 1406 1072 1465 biscentis
1091 1408 1142 1448 ab
1157 1403 1378 1447 Innocentio
1396 1403 1483 1444 XII.
1507 1404 1716 1462 assignatis
1735 1435 1745 1453 ,
1766 1407 1786 1447 ὲ
1806 1404 2018 1455 reditibus,

526 1484 573 1511 ac
604 1469 874 1527 proventibus
897 1467 1174 1513 Dohanarum
1194 1463 1318 1507 Urbis
1350 1462 1489 1504 iisdem
1517 1464 1711 1506 solvenda
1739 1479 1818 1507 esse
1846 1464 2020 1514 statuit,

524 1543 570 1570 ea
589 1542 723 1571 tamen
756 1528 911 1584 adjecta
938 1526 1017 1583 lege
1036 1556 1050 1575 ,
1082 1537 1127 1566 ut
1145 1538 1286 1566 annua
1302 1534 1413 1564 scuta
1442 1524 1662 1576 quincenta
1697 1525 1868 1566 Decano
1894 1523 2020 1581 ipsius

526 1587 697 1645 Collegii
717 1618 731 1636 ‚
769 1601 805 1630 et
822 1601 962 1628 annua
989 1597 1163 1627 tercenta
1183 1582 1345 1626 cuilibet
1368 1594 1604 1624 caeterorum
1622 1583 1892 1634 Votantium,
1922 1597 2021 1639 prae·

523 1645 593 1689 vio
607 1647 763 1699 ordine
783 1646 987 1703 ipsiusmet
1004 1643 1165 1685 Decani
1181 1672 1196 1693 ,
1223 1640 1341 1684 initio
1358 1640 1571 1698 cujuslibet
1601 1642 1745 1685 mensis
1766 1643 2020 1691 debeantur;

523 1718 562 1747 et
588 1705 620 1747 si
640 1705 866 1749 vacationis
893 1717 1011 1746 casus
1037 1702 1253 1750 acciderit,
1286 1699 1373 1756 jure
1404 1701 1656 1744 accrescendi
1689 1716 1762 1759 pro
1793 1715 1879 1744 rata
1908 1701 2024 1743 fieret

522 1763 671 1813 locus,
704 1763 939 1819 derogando
977 1761 1168 1804 omnibus
1201 1759 1587 1803 Constitutionibus
1615 1761 1954 1809 adversantibus,
1984 1770 2024 1801 et

525 1823 748 1879 praesertim
766 1822 826 1863 Pii
852 1823 926 1864 IV.
951 1822 997 1861 de
1024 1819 1275 1879 registr-andis
1292 1848 1302 1858 .
1324 1818 1454 1872 Quod
1483 1820 1649 1871 quidem
1680 1819 1886 1860 Benedicti
1905 1818 2022 1859 XIII.

527 1881 866 1937 Chirographum
897 1893 1024 1921 manu
1043 1878 1205 1935 propria
1237 1874 1508 1932 subscriptum
1533 1875 1723 1931 peculiari
1749 1876 2026 1919 Constitutio-

526 1954 577 1982 ne
598 1971 614 1989 ,
646 1954 743 1995 quae
762 1938 931 1995 incipit,
958 1935 1186 1993 Singularis
1201 1934 1425 1975 dilectorum
1454 1933 1623 1987 filiorum
1654 1933 1815 1992 Coloegii
1832 1962 1846 1981 ‚
1881 1934 2026 1976 confir-

522 1997 647 2042 mavit
687 1998 866 2040 Clemens
902 1995 995 2038 XII.
1018 2023 1032 2043 ,
1072 2007 1119 2036 ut
1157 2004 1264 2051 patet
1294 1990 1316 2032 ὲ
1351 1990 1487 2033 codice
1523 2005 1690 2033 suarum
1721 1992 2024 2038 Constitutitio-

527 2071 628 2100 num
652 2087 662 2097 .
689 2057 766 2114 (2)

644 2115 893 2158 Eorumdem
922 2111 1167 2155 Votantium
1195 2109 1350 2156 fidem,
1387 2107 1632 2151 industriam
1661 2111 1943 2167 prudentiam,
1977 2127 2024 2157 ac

521 2173 800 2218 dexteritatem
832 2171 969 2215 multis
987 2185 1122 2213 rerum
1147 2166 1434 2226 experimentis
1466 2181 1684 2224 spectatam
1703 2170 1856 2214 habens
1875 2173 2023 2214 lauda-

523 2248 590 2277 tus
604 2233 790 2276 Pontifex
821 2230 1054 2274 Benedictus
1086 2229 1193 2271 XIII.
1214 2258 1229 2277 ,
1257 2240 1308 2270 ut
1324 2240 1372 2267 eo
1391 2225 1563 2270 alacrius
1595 2229 1747 2286 majora
1776 2231 2024 2288 Apostolicae

521 2293 614 2336 Sedi
646 2294 827 2347 obsequa
865 2301 1133 2349 praestarent,
1165 2297 1205 2328 et
1243 2287 1286 2328 in
1326 2300 1544 2328 munerum
1576 2287 1651 2330 sibi
1683 2289 2028 2333 demandatorum

522 2351 799 2408 exequutione
851 2364 1012 2393 summo
1051 2348 1188 2392 studio
1223 2357 1550 2404 perseverarent,
1581 2347 1888 2392 Constitutione
1922 2349 2026 2393 inter

1635 2479 2018 2493 ———

582 2537 643 2579 (1)
669 2539 950 2582 InAppend.pag.
968 2547 1021 2580 33.
1207 2536 1264 2577 (2)
1289 2534 1372 2568 Tom.
1399 2543 1427 2565 1.
1452 2544 1535 2578 pag.
1557 2545 1635 2577 333.
