1952 3167
339 338 426 382 218
613 336 688 378 DE
717 336 854 385 JURE
886 333 1230 377 SIGNATURAE
1260 332 1519 382 JUSTITIAE

344 399 429 441 dem
446 395 633 440 sententia
665 395 769 451 infra
791 395 960 453 legitima
991 405 1162 451 tempora
1194 394 1423 450 appellavit3
1457 394 1644 452 dignetur
1662 393 1788 454 igitur

346 460 390 501 S.
415 460 463 505 V.
494 458 665 502 Causam
687 488 700 504 ‚
734 467 773 498 et
793 455 938 496 Causas
970 466 1042 496 etc.

674 514 920 560 Commissio
950 509 1220 568 derogationis
1236 508 1439 552 Feriarum
1457 541 1468 552 .

970 573 1148 613 Romana
1166 602 1174 611 .

866 629 1091 673 Beatissime
1125 631 1241 672 Pater
1258 658 1268 669 .

465 699 655 740 Pendente
699 692 765 734 lite
794 692 897 734 inter
924 689 980 733 N.
1003 692 1058 732 N.
1080 691 1124 732 S.
1149 691 1196 733 V.
1216 688 1423 731 Oratorem
1445 717 1458 737 ,
1490 696 1527 730 et
1549 687 1604 729 N.
1627 687 1684 730 N.
1705 686 1796 730 Atl-

350 759 564 799 versarium
603 769 729 796 coram
764 754 871 795 ΚΡ.
896 749 1054 801 Cincio,
1089 765 1207 794 causa
1236 779 1248 797 ‚
1279 763 1315 791 et
1337 746 1543 792 occasione
1568 758 1640 789 etc.
1659 777 1671 795 ‚
1703 750 1794 790 dum

347 815 546 874 negotium
577 824 662 859 erat
681 813 721 856 in
738 812 982 870 expeditione
1013 822 1309 868 supervenerunt
1328 808 1458 864 feriae
1480 822 1605 864 nuper
1626 806 1795 849 indictae
1831 805 1837 812 ’

346 878 391 918 cle
409 878 597 918 mandato
628 874 659 914 S
663 905 671 914 .
695 874 743 918 V.
763 887 799 915 et
814 872 871 914 sic
890 873 1027 914 Orator
1042 886 1117 913 non
1128 869 1260 927 potuit
1270 870 1477 925 procedere
1507 869 1559 908 ad
1572 866 1756 909 ulteriora
1783 881 1798 917 ;

347 949 482 976 verum
515 936 604 989 quia
622 933 756 987 agitur
785 932 830 972 cle
850 931 979 971 Causa
1002 927 1220 982 favorabili
1235 958 1248 974 ‚
1268 928 1355 985 jam
1389 925 1576 983 adfinem
1608 927 1761 968 redacta
1785 952 1799 972 ,

352 992 608 1046 Oratorisque
640 990 754 1030 valde
783 989 936 1030 interest
963 989 1015 1028 aa
1042 987 1125 1041 ejus
1152 985 1430 1042 expeditionem
1468 983 1645 1025 devenire
1672 999 1686 1032 ς
1715 983 1802 1026 ideo

350 1048 548 1091 humiliter
564 1047 757 1105 supplicat
775 1045 986 1088 Sanctitati
1014 1046 1065 1088 V.
1097 1055 1286 1101 quatenus
1318 1044 1502 1103 dignetur
1529 1042 1768 1086 committere
1788 1069 1804 1092 ,

351 1118 390 1150 et
401 1109 588 1150 mandare
619 1106 739 1148 eidem
758 1107 805 1149 R.
826 1106 870 1146 P.
893 1104 1024 1147 Cincio
1045 1133 1058 1152 ,
1091 1115 1135 1146 ut
1155 1104 1207 1145 acl
1223 1103 1373 1146 Causae
1389 1135 1402 1152 ‚
1433 1113 1472 1145 et
1489 1102 1705 1144 Causarum
1725 1104 1799 1144 bu-

342 1165 525 1223 jusmodi
551 1166 834 1224 expeditionem
857 1165 1043 1219 procedat
1073 1195 1087 1213 ‚
1109 1162 1223 1217 feriis
1247 1160 1436 1219 praefatis
1465 1177 1545 1203 non
1563 1161 1806 1204 obstantibus

342 1226 467 1282 juxta
491 1225 661 1277 formam
676 1257 687 1274 ‚
707 1237 743 1266 et
749 1223 964 1277 facultates
988 1221 1157 1265 aliarum
1177 1220 1482 1263 commissionum
1497 1254 1507 1269 ,
1520 1235 1608 1263 curn
1625 1230 1807 1276 potesta-

349 1295 387 1326 te
406 1285 556 1326 citandi
571 1316 582 1331 ‚
610 1295 648 1325 et
664 1282 858 1325 inhibendi
875 1294 948 1325 etc.
964 1280 1188 1341 praemissis
1207 1311 1220 1329 ,
1248 1289 1287 1321 et
1303 1279 1392 1320 aliis
1408 1279 1710 1336 quibuscumque
1727 1291 1806 1320 non

353 1343 597 1387 obstantibus
615 1374 628 1392 ‚
657 1353 801 1385 statum
829 1351 902 1383 etc.
1752 1383 1756 1388 ¹

428 1430 432 1434 -
474 1401 533 1443 Ur
552 1405 602 1444 ab
634 1402 804 1444 assiduis
822 1400 1027 1444 laboribus
1045 1431 1058 1449 ,
1081 1413 1186 1453 quos
1205 1395 1324 1439 laude
1350 1411 1506 1439 summa
1529 1395 1734 1439 sustinent
1764 1394 1809 1438 in

356 1462 487 1505 causis
504 1460 746 1501 definiendis
764 1490 776 1508 ,
808 1473 876 1515 per
895 1459 1061 1513 aliquod
1077 1455 1264 1512 temporis
1292 1457 1466 1512 spatium
1486 1456 1707 1511 quotannis
1738 1471 1814 1499 va-

357 1533 493 1564 carent
509 1533 589 1562 tam
609 1521 733 1560 Rotae
765 1516 985 1559 Auditores
1003 1548 1016 1567 ,
1046 1529 1168 1572 quarn
1186 1516 1327 1557 caeteri
1350 1514 1624 1557 Commissarii
1640 1515 1815 1566 judices,

357 1580 430 1636 qui
448 1593 592 1635 nempe
604 1578 740 1634 vigore
758 1576 1109 1619 commissionum
1123 1574 1359 1631 Signaturae
1375 1574 1818 1622 jurisdictionemexer-

356 1652 473 1688 cent,
508 1638 752 1693 illorumque
773 1635 1041 1678 incolumitati
1062 1633 1291 1682 consultum
1324 1647 1453 1681 esset,
1487 1633 1642 1675 Summi
1679 1633 1819 1676 Ponti-

357 1697 449 1739 fices
475 1710 713 1753 magnopere
731 1709 957 1746 curarunt:,
990 1709 1071 1752 qua
1091 1694 1138 1735 de
1163 1707 1202 1734 re
1219 1692 1340 1735 feriae
1362 1722 1375 1741 ‚
1400 1693 1480 1736 sive
1499 1693 1668 1735 aestivae
1695 1708 1819 1736 vaca-

360 1755 491 1799 tiones
509 1756 553 1798 in
570 1755 702 1797 causis
721 1755 931 1797 Rotalibus
954 1784 967 1803 ‚
1001 1769 1041 1798 et
1059 1751 1356 1795 Commissariis
1385 1751 1587 1793 institutae
1617 1751 1789 1796 fuerunt
1803 1785 1820 1804 ,

359 1830 465 1871 quae
485 1815 690 1870 incipiunt
707 1829 728 1855 a
747 1814 808 1855 die
832 1829 898 1856 10.
917 1813 1010 1861 Julii
1028 1844 1043 1863 ‚
1074 1825 1203 1867 usque
1235 1810 1287 1851 ad
1307 1809 1508 1852 Kalendas
1541 1809 1758 1862 Octobris,
1787 1812 1820 1855 si

362 1875 446 1917 dies
469 1875 530 1916 illa
563 1872 695 1916 rotalis
715 1872 866 1922 fuerit,
899 1871 1041 1914 Lunae
1058 1882 1249 1926 ‚nempe
1284 1868 1513 1918 Mercurii,
1539 1870 1601 1912 vel
1626 1870 1822 1921 Veneris,

358 1948 472 1977 secus
492 1947 587 1978 vero
630 1946 762 1986 usque
795 1932 848 1974 ad
875 1932 1050 1990 primum
1086 1929 1193 1971 diem
1229 1927 1452 1985 juridicum
1487 1929 1645 1979 Rotae,
1671 1930 1743 1984 qui
1777 1930 1842 1971 in*

358 1993 563 2050 principio
597 1991 690 2034 dicti
721 1992 868 2035 mensis
902 1991 1085 2040 incidat·‚
1110 1987 1340 2044 eisdemque
1366 1987 1478 2031 feriis
1508 1986 1823 2044 perdurantibus

357 2052 550 2106 Judicum
568 2050 864 2110 praedictorum
883 2066 1033 2094 munus
1050 2047 1300 2105 conquiescit
1314 2079 1328 2098 ,
1354 2061 1392 2090 et
1407 2046 1559 2090 etiamsi
1577 2043 1701 2090 velint
1718 2075 1731 2094 ,
1756 2060 1823 2087 ne·

360 2124 520 2164 queunt
540 2112 582 2152 in
604 2109 754 2154 Causis
775 2112 828 2153 ad
845 2111 1030 2152 ulteriora
1049 2107 1290 2163 procedere;
1323 2107 1428 2146 itaut
1442 2103 1610 2146 omnino
1629 2103 1683 2144 ad
1700 2103 1819 2146 Cau-

360 2183 423 2210 sae
449 2170 808 2225 prosequutionem
823 2182 928 2223 opus
946 2166 995 2206 sit
1012 2161 1306 2205 commissione
1324 2161 1578 2218 derogatoria
1598 2161 1822 2214 Feriarum,

363 2241 444 2282 qua
466 2228 516 2267 ab
537 2241 612 2276 eo,
643 2224 763 2276 cuius
781 2224 973 2273 interest,
998 2221 1146 2279 petitur
1163 2219 1356 2262 committi
1374 2220 1512 2275 Judici
1531 2251 1545 2271 ‚
1575 2235 1710 2263 coram
1737 2237 1822 2278 quo

363 2284 505 2326 Causa
532 2296 622 2326 ante
640 2284 833 2326 feriarum
850 2281 1112 2325 indictionem
1129 2280 1329 2337 pendebat
1343 2310 1356 2329 ,
1376 2292 1429 2323 ut
1444 2279 1499 2322 eis
1518 2292 1604 2322 non
1626 2280 1826 2324 obstanti-

365 2343 442 2386 bus
459 2371 472 2391 ,
507 2344 560 2384 ad
578 2342 742 2384 Causae
759 2373 774 2393 ,
809 2358 881 2385 seu
899 2342 1133 2384 Causarum
1151 2338 1450 2396 expeditionem
1465 2340 1655 2397 procedat
1673 2368 1683 2378 .

485 2402 530 2443 In
548 2400 746 2458 principio
774 2399 965 2444 feriarum
984 2428 997 2447 ,
1029 2412 1159 2455 quum
1191 2398 1332 2455 nempe
1363 2399 1481 2457 pauci
1515 2399 1565 2440 ab
1605 2397 1822 2442 indictione

366 2460 449 2502 dies
467 2460 562 2518 lapsi
580 2459 689 2508 sint,
707 2460 875 2504 advertit
907 2460 1192 2505 Marcbesanus
1209 2485 1222 2505 ,
1254 2457 1360 2500 hanc
1379 2456 1722 2501 Commissionem
1737 2471 1821 2498 non

362 2519 449 2561 dari
478 2535 526 2564 ex
544 2536 590 2563 eo
611 2519 860 2578 potissimum
879 2552 892 2572 ,
916 2519 1029 2575 quod
1043 2518 1074 2560 si
1094 2517 1147 2560 ita
1168 2517 1215 2559 de
1234 2515 1339 2559 facili
1354 2548 1369 2569 ,
1401 2517 1534 2562 statim
1553 2532 1598 2562 ac
1616 2517 1738 2562 feriae
1757 2515 1826 2615 idn-

1790 2589 1823 2616 ι.
