1993 3195
147 399 212 443 hic
242 398 366 439 verba
404 395 592 438 faciemus
636 393 683 434 de
722 395 1014 438 consuetudine
1053 396 1115 437 illa
1141 426 1154 446 ,
1185 409 1266 452 qua
1293 397 1492 445 Votantes
1510 434 1523 454 ‚
1557 358 1618 448 9e⁷t

149 460 344 500 Poncntes
384 468 559 499 utuntur
596 454 736 508 quoad
774 456 959 496 ordinem
1007 454 1225 511 recipiendi
1261 468 1348 500 tum
1381 459 1618 506 Causarum

146 517 370 565 Pmmnos,
402 528 489 558 tum
524 511 756 556 Advocatos
792 545 805 564 ,
846 515 945 556 dum
984 528 1050 557 eos
1084 513 1242 559 adeunt
1271 516 1332 560 isti
1362 518 1612 564 informandi

147 573 268 617 causa
286 605 300 618 .

254 636 300 675 E’
315 635 521 677 Fattinello
538 634 610 691 (1)
627 648 800 690 namque
818 634 1057 685 edocemur,
1069 648 1157 676 eam
1169 634 1383 680 invaluisse
1399 653 1613 685 consuetu-

151 694 287 736 dinem
304 694 487 752 ponendi
505 694 587 735 illos
605 709 626 735 a
643 693 811 736 sinistris
829 725 841 743 ,
863 699 962 736 dum
976 695 1017 735 in
1032 695 1266 737 eorumdem
1287 697 1455 740 aedibus
1471 701 1614 743 merita

151 752 385 797 Causarum
424 766 638 811 exponunt
669 784 681 803 ‚
716 766 754 795 et
788 753 995 796 decretum
1027 784 1040 803 ,
1070 753 1111 794 id
1145 754 1275 810 ipsum
1309 758 1614 813 praescribens,

149 813 463 857 Eminentissimi
500 812 737 855 Cardinalis
772 813 890 854 Cliisii
923 813 1115 856 extarein
1151 811 1329 866 ejusdem
1365 816 1609 874 Signaturae

147 871 332 927 Justitiae
368 876 534 931 Regesto
561 872 667 929 (2);
700 887 771 915 nec
806 872 1041 916 Advocatos
1073 872 1382 917 Consistoriales
1402 908 1414 926 ‚
1447 877 1518 932 qui
1549 893 1612 920 te-

150 947 244 975 vera
276 947 448 976 caeteros
478 934 633 974 honore
655 961 667 980 ‚
698 947 743 973 ac
779 932 970 990 dignitate
1012 932 1281 990 praecellunt,
1317 934 1426 977 aliter
1455 937 1613 994 excipi,

132 990 257 1034 :itaut
285 993 327 1033 in
362 992 626 1034 informando
661 992 769 1033 nulla
810 991 946 1049 potius
968 992 1148 1050 gaudent
1177 995 1452 1051 praerogativa
1494 1011 1614 1053 supra

149 1065 326 1094 caeteros
358 1051 600 1094 Causidicos
627 1051 746 1092 etiam
781 1051 942 1093 infimae
971 1051 1134 1100 classis;
1177 1067 1271 1093 nam
1298 1069 1373 1094 usu
1409 1067 1613 1109 receptum

147 1125 232 1156 est,
262 1125 308 1152 ut
327 1111 399 1163 qui
415 1111 526 1165 prius
545 1111 660 1152 aedes
679 1111 948 1160 vorantium,
975 1123 1014 1152 et
1045 1111 1287 1153 ponentium
1321 1112 1611 1155 informaturus

145 1166 426 1222 ingrediatur,
462 1168 572 1222 prior
611 1168 822 1214 informet,
851 1169 1046 1222 posterior
1079 1182 1255 1221 expectet
1290 1198 1302 1209 .
1351 1172 1400 1211 Et
1423 1172 1610 1215 idemmet

147 1225 338 1267 laudatus
356 1226 516 1266 Auctor
536 1222 671 1266 asserit
688 1252 701 1270 ‚
736 1225 777 1264 in
799 1226 873 1266 hac
893 1238 1051 1267 tanturn
1070 1224 1227 1264 actione
1245 1226 1478 1269 Advocatos
1494 1229 1611 1270 Con-

146 1284 356 1327 sistoriales
381 1285 431 1326 ita
452 1284 608 1340 excipi,
639 1295 749 1324 extra
785 1295 914 1325 tamen
948 1284 1051 1324 illam
1085 1284 1218 1324 debere
1247 1287 1294 1326 ob
1328 1301 1458 1327 eorum
1489 1303 1610 1344 prae-

145 1344 326 1387 stantiam
361 1344 400 1384 in
427 1344 578 1384 lionoris
601 1343 851 1400 prerogativa
887 1344 1046 1384 caeteris
1083 1341 1305 1384 curialibus
1335 1345 1483 1387 anteire
1504 1377 1512 1385 .
1548 1349 1610 1391 Ex

147 1404 305 1445 decreto
340 1402 428 1444 Effii
459 1402 646 1443 Praefecti
680 1402 796 1443 refert
813 1402 1048 1444 Franciscus
1085 1401 1245 1443 Glzerius
1279 1404 1325 1443 cle
1344 1405 1463 1446 Sotiis
1479 1406 1518 1446 in
1539 1407 1610 1448 Itz-

145 1462 227 1505 dice
248 1460 512 1504 Trilmnalium
549 1461 663 1503 Urbis
684 1491 697 1508 ,
738 1462 853 1516 quod
884 1462 925 1502 in
959 1461 1315 1503 informationibus
1348 1463 1538 1514 debitus,
1571 1479 1610 1509 et

144 1536 362 1567 consuetus
380 1521 482 1563 ordo
501 1537 550 1562 ne
572 1523 842 1570 subvertatur,
860 1521 968 1578 prius
983 1535 1029 1561 ex
1047 1518 1284 1561 Curialibus
1306 1521 1514 1574 informet,
1530 1524 1602 1579 qui

146 1581 257 1639 prior
284 1582 446 1624 accessit
461 1614 473 1631 ‚
493 1597 564 1623 nec
581 1579 723 1636 aliquis
737 1580 1000 1636 praeferatur,
1018 1579 1094 1620 nisi
1113 1579 1444 1631 Advocatus,vel
1466 1585 1611 1626 Procu-

147 1655 289 1688 rator,
329 1655 400 1684 aut
416 1641 662 1684 Substitutus
697 1639 1166 1690 Fiscalis,informantes
1203 1653 1336 1682 tamen
1370 1657 1443 1698 pro
1464 1643 1573 1685 Fisco
1594 1673 1604 1683 .

265 1702 316 1742 Et
344 1702 496 1743 cedunt
520 1701 640 1743 etiam
671 1700 806 1741 locum
834 1701 1030 1742 Votantes
1058 1700 1098 1741 in
1130 1701 1299 1756 propriis
1328 1701 1499 1743 aedibus
1528 1702 1610 1744 lau-

147 1759 250 1802 datis
281 1759 642 1804 Consistorialibus
664 1759 884 1802 Advocatis
910 1758 1228 1801 informantibus
1252 1790 1266 1808 ‚
1298 1772 1379 1800 tam
1410 1760 1608 1809 sedendo,

147 1832 272 1873 quam
301 1821 560 1866 comitando,
591 1833 722 1872 quum
753 1833 893 1875 nempe
925 1835 997 1875 pro
1015 1819 1190 1861 Camera
1210 1831 1272 1865 ‚et
1301 1819 1412 1859 Fisco
1430 1819 1613 1861 Causam

149 1876 320 1926 dicunt;
345 1877 400 1917 ita
432 1876 541 1916 enirn
566 1889 589 1914 a
621 1876 854 1915 recolendae
884 1877 1098 1915 memoriae
1126 1876 1365 1916 Innocentio
1390 1891 1469 1919 ΧΠ.
1502 1893 1615 1935 prae.

148 1936 342 1989 scriptum
385 1934 465 1975 fuit
501 1932 703 1975 observari
743 1935 793 1974 ab
830 1933 1021 1975 omnibus
1048 1932 1343 1975 Tribunalibus
1374 1935 1496 1977 Urbis
1526 1953 1538 1986 ;
1573 1938 1616 1979 id

147 1992 256 2034 enim
286 1991 457 2032 omnino
477 1990 624 2031 rationi
661 2004 892 2045 congruum
921 2006 1008 2040 est,
1045 2006 1177 2047 quum
1197 1993 1242 2033 iis
1261 1992 1302 2031 in
1323 1992 1472 2034 Causis
1496 2008 1614 2051 nego-

147 2052 250 2095 tium
268 2049 462 2107 Principis
478 2062 642 2107 gerant;
677 2048 826 2092 idcirco
844 2052 1086 2093 Advocatus
1103 2051 1161 2091 ille
1180 2049 1482 2093 Consistorialis
1500 2084 1513 2102 ,
1540 2054 1612 2109 qui

148 2110 250 2153 Fisci
289 2112 487 2152 Patronus
515 2108 620 2158 erit,
648 2107 678 2149 si
706 2108 753 2148 de
787 2109 872 2149 aliis
902 2112 1031 2151 causis
1050 2140 1062 2158 ,
1093 2110 1154 2153 vel
1188 2109 1613 2167 negotiis‚Cameram

148 2170 423 2228 Apostolicam
458 2168 620 2210 minime
655 2167 937 2223 tangentibus,
955 2169 1129 2225 agat‚vi
1168 2169 1348 2224 ejusdem
1383 2170 1612 2213 pontificiae

149 2229 470 2275 Constitutionis
503 2227 766 2286 excipiendus
798 2241 883 2277 est,
911 2243 956 2269 ac
991 2227 1133 2268 caeteri
1161 2228 1391 2271 Advocati.
1438 2232 1613 2273 Demum

152 2287 271 2331 iidem
289 2291 510 2337 vorantes,
546 2289 714 2329 adnotat
745 2287 934 2329 laudatus
968 2287 1157 2336 Glzerius‚
1191 2287 1230 2326 in
1272 2286 1335 2328 die
1356 2286 1614 2331 informatio-

154 2346 216 2388 nis
245 2349 445 2391 neminem
477 2361 584 2389 extra
621 2347 854 2388 cubiculum
872 2347 1116 2389 Audientiae
1139 2346 1318 2389 comitari
1346 2347 1520 2397 debent,
1556 2349 1614 2390 ni-

154 2405 184 2447 si
203 2405 321 2449 fuerit
339 2408 563 2456 Praelatus‚
588 2407 651 2450 vel
666 2407 833 2463 insignis
860 2421 1031 2462 persona
1049 2438 1059 2447 .

161 2538 317 2551 ——
324 2528 1615 2553 --μ---ῴῇῂ-

211 2601 264 2642 (1)
289 2599 363 2643 cap.
378 2601 409 2630 6.
428 2608 514 2631 num.
527 2606 579 2630 20.
596 2608 650 2630 21.
673 2606 727 2638 23.
780 2583 783 2586 ⁴
823 2597 878 2639 (2)
901 2599 976 2638 Pag.
994 2605 1049 2637 75.
1067 2607 1086 2630 a
1101 2604 1185 2640 tergo
1203 2617 1212 2627 .
