1993 3195
610 353 641 387 A
679 353 705 386 P
741 355 767 387 P
805 354 830 388 E
867 355 903 388 N
946 353 979 389 D
1017 355 1032 390 1
1072 354 1102 389 X
1527 354 1596 390 161

120 412 189 436 esse
219 400 461 434 immutandum
483 423 494 439 ,
523 401 578 434 sed
595 402 634 434 ab
649 400 780 436 obitum
808 414 917 445 usque
931 403 1042 438 omnia
1056 411 1144 439 sarta
1175 410 1261 438 tecta
1279 400 1439 439 servanda
1456 426 1466 441 ,
1498 402 1601 437 editis

119 447 347 487 resolutione,
376 457 410 482 et
438 448 603 482 sententia
632 460 695 482 non
722 449 932 483 obstantibus
959 473 969 483 .
1001 453 1046 485 At
1072 461 1148 496 post
1176 452 1370 486 Cardinalis
1402 449 1603 486 Cavalchini

118 497 247 533 obitum
262 521 271 536 ‚
304 497 387 532 Ven.
401 496 530 532 Fratres
550 496 653 531 nostri
668 497 833 538 johannes
862 498 1058 534 Franciscus
1086 500 1196 544 Episc.
1212 499 1406 534 Portuensis
1427 500 1529 534 Card.
1547 500 1604 533 Al-

119 545 222 580 banus
248 546 431 587 Deczmus,
457 555 528 581 tum
550 545 718 580 Henricus
749 545 952 582 Benedictus
982 547 1166 593 Episcopus
1195 547 1403 583 Tusculanus
1440 548 1603 582 cardina·-

119 593 159 630 lis
189 596 403 631 Eboracensis
432 595 513 629 Sub·
515 594 674 629 Decanus
703 619 712 635 ‚
742 595 863 640 quibus
891 595 924 629 id
951 595 1005 634 ius
1032 604 1131 636 erat,
1160 597 1351 632 Ostiensem
1369 621 1381 638 ,
1409 607 1441 631 et
1460 597 1604 631 Veliter-

119 656 192 679 nam
221 644 382 679 Ecclesias
399 668 408 683 ,
424 631 653 688 antiquissima
666 643 923 684 iurisdictione,
942 656 979 679 ac
993 645 1045 680 sui
1061 645 1264 681 ornamentis
1283 646 1440 690 spoliatas
1459 669 1470 685 ,
1489 659 1525 681 ac
1543 658 1605 680 ve-

120 693 181 728 luti
211 693 410 728 deformatas
440 701 583 738 optare,
610 702 711 738 atque
737 692 894 738 accipere
915 693 1121 729 noluerunt.
1151 696 1204 729 Ad
1232 695 1316 740 ipsas
1351 705 1459 730 tamen
1487 695 1603 730 studio

117 743 262 787 quodam
281 741 418 776 curandi
449 741 581 781 majoris
606 741 683 776 boni
715 751 887 786 permotus
928 743 1078 777 ascendit
1106 741 1316 779 Venerabilis
1347 745 1462 779 Frater
1488 754 1603 779 noster

118 792 284 826 Fabritius
311 790 500 826 Cardinalis
518 789 741 826 Serbellonius
762 799 843 825 tunc
862 790 1049 838 Episcopus
1077 792 1275 827 Albanensis
1298 815 1308 831 a
1333 795 1372 828 ad
1403 806 1501 839 quem
1520 794 1606 828 Prae-

118 839 302 875 decessoris
321 839 424 874 nostri
459 841 554 879 jussu
571 852 588 873 a
616 848 801 874 memorato
824 839 996 875 Pontificis
1029 842 1196 875 Auditore
1212 842 1338 885 pariter
1356 845 1440 876 data:
1454 851 1531 878 sunt
1550 841 1603 876 Li-

119 897 197 924 terae
211 914 222 929 ,
249 887 373 934 quibus
394 888 424 923 ei
439 898 585 934 potestas
600 888 686 923 facta
704 898 752 923 est
769 913 779 929 ,
809 888 946 924 liberam
973 889 1152 925 exercendi
1180 889 1452 929 jurisdictionem
1483 891 1514 922 in
1533 890 1573 923 iis
1588 912 1600 929 ,

117 948 192 984 quae
218 937 385 982 pertinent
412 939 451 972 ad
468 949 631 973 annon-am
647 937 897 973 frumentariam
915 962 926 978 ,
953 947 986 972 et
1011 937 1168 973 oleariam
1201 937 1466 973 Communitatis
1502 937 1601 972 Veli-

118 996 243 1022 trarum
263 1011 273 1027 ,
301 999 427 1022 necnon
457 988 585 1022 Furnos
613 989 764 1021 Annona:
778 987 929 1022 addictos
949 1012 958 1027 ‚
987 996 1018 1022 et
1040 986 1216 1032 pecuniam
1233 1011 1242 1026 ,
1280 988 1350 1022 sive
1366 997 1474 1021 arcam
1497 987 1603 1030 ipsius

116 1037 266 1072 Annonae
281 1059 290 1070 .
316 1038 428 1081 Atque
444 1038 512 1072 haec
539 1037 689 1072 mandata
707 1060 716 1076 ,
737 1037 997 1082 praescriptaque
1015 1045 1117 1076 sunt,
1133 1035 1285 1083 quamvis
1301 1061 1310 1077 ,
1326 1048 1366 1071 ex
1379 1035 1538 1070 sententia
1555 1035 1606 1069 di-

116 1094 179 1120 ctae
207 1086 490 1131 congregationis
513 1085 720 1132 particularis
735 1110 745 1124 ,
763 1087 914 1122 Annonae
932 1085 1112 1121 Veliternae
1131 1096 1209 1121 cura
1235 1088 1274 1120 ad
1292 1085 1604 1130 congregationem

115 1135 201 1170 Boni
223 1134 411 1180 Regiminis
428 1136 596 1180 pertinere
623 1135 821 1170 videretur.
848 1136 927 1170 Non
953 1136 1077 1180 placuit
1103 1144 1213 1170 tamen
1235 1134 1296 1180 ipsi
1314 1133 1600 1179 Congregationi,

115 1195 190 1229 quae
206 1185 363 1218 tributam
379 1186 471 1220 dicto
485 1183 659 1219 Cardinali
692 1184 901 1219 Serbellonio
928 1183 1066 1219 liberam
1097 1193 1305 1219 memoratos
1333 1184 1527 1217 Proventus
1546 1181 1604 1215 ad-

115 1232 324 1267 ministrandi
352 1233 545 1270 facultatem
573 1235 777 1280 quandoque
809 1235 947 1268 turbare
962 1242 1127 1268 tentavit
1148 1233 1349 1278 Nositaque
1368 1231 1526 1266 omnibus
1552 1229 1606 1265 hi-

113 1293 168 1318 sce
200 1280 317 1316 sedulo
334 1284 527 1328 perpensis,
556 1292 589 1318 et
615 1283 794 1330 diligenter
826 1284 1048 1322 examinatis,
1077 1283 1348 1320 considerantes,
1377 1280 1459 1316 nulli
1494 1279 1603 1323 reipsa

114 1329 398 1372 convenientius,
426 1345 525 1378 quam
550 1333 718 1389 Episcopo
734 1332 910 1374 Ostiensi,
938 1342 974 1367 et
987 1331 1166 1367 Veliterno
1197 1332 1394 1376 plerumque
1409 1328 1501 1364 Sacri
1522 1326 1603 1362 Col-

113 1378 193 1425 legii
226 1380 365 1414 Decano
393 1391 453 1426 pro
482 1391 637 1426 tempore
665 1382 846 1421 existenti,
877 1381 1026 1428 regimen
1053 1382 1239 1426 temporale
1260 1404 1270 1420 ,
1298 1389 1330 1415 et
1354 1377 1603 1414 oeconomicam

111 1427 382 1469 iurisdictionem
413 1432 608 1465 earumdem
653 1431 846 1465 Civitaturn
876 1456 886 1471 ,
923 1441 956 1466 et
984 1431 1211 1466 Districtuum
1233 1453 1243 1469 ,
1274 1439 1304 1463 et
1331 1427 1602 1462 Territoriorum

111 1475 351 1515 Ostiensium‚
383 1488 416 1511 et
432 1478 685 1514 Veliternorum
714 1479 884 1513 committi
915 1491 1039 1523 posse;
1071 1490 1134 1513 non
1162 1479 1202 1513 ad
1229 1478 1369 1516 alicuius
1405 1486 1509 1521 super
1536 1476 1604 1509 hoc

112 1524 208 1560 nobis
226 1523 346 1558 oblatae
362 1525 535 1569 petitionis
559 1527 748 1561 instantiam
765 1549 776 1565 ,
802 1528 859 1559 sed
877 1527 976 1561 Motu
995 1527 1135 1571 proprio
1150 1538 1192 1560 ex
1209 1533 1298 1559 certa
1317 1524 1479 1564 scientia,
1505 1536 1543 1558 ac
1558 1523 1602 1558 de

111 1569 318 1616 Apostolicae
347 1572 526 1607 potestatis
541 1573 749 1616 plenitudine
764 1573 947 1619 Privilegia
961 1575 1251 1609 Praedecessorum
1267 1581 1469 1605 nostrorum
1463 1548 1512 1614 :.S
1517 1572 1558 1604 R.
1563 1572 1604 1605 E,

112 1618 286 1655 Cardinali
305 1618 474 1662 Episcopo
499 1630 560 1664 pro
577 1628 728 1664 tempore
741 1622 899 1657 existenti
917 1621 1065 1654 Ostiensi
1084 1644 1096 1660 ,
1124 1630 1158 1654 et
1174 1618 1351 1653 Veliterno
1380 1619 1450 1654 fere
1467 1629 1601 1665 semper

110 1670 275 1708 Decano,
305 1675 398 1702 antea
421 1678 578 1702 concessa
594 1670 836 1712 adprobantes,
865 1670 1099 1704 confirmantes
1117 1692 1128 1707 ,
1157 1677 1189 1702 et
1205 1668 1425 1708 innovantes,
1452 1679 1600 1714 quarum.

111 1727 245 1754 tenores
271 1727 333 1762 pro
359 1716 524 1761 expressis
557 1715 598 1750 de
627 1718 731 1750 verbo
760 1716 800 1750 ad
826 1719 967 1751 verbum
996 1718 1050 1751 hic
1079 1717 1193 1752 haberi
1224 1716 1408 1757 volumus,
1438 1716 1601 1753 nimirum

109 1766 207 1804 Pauli
222 1767 269 1800 11.
283 1789 294 1806 ,
325 1774 358 1800 et
373 1766 433 1800 1V.
447 1790 457 1806 ,
489 1764 658 1810 praecipue
686 1764 797 1800 Sancti
818 1764 869 1799 Pii
887 1765 928 1799 V.
944 1765 1200 1801 concedentium
1220 1765 1411 1802 facultatem
1429 1765 1597 1811 Episcopo

110 1815 296 1855 Ostiensi,
321 1823 354 1849 et
369 1814 544 1850 Veliterno
572 1826 632 1858 pro
648 1823 804 1858 tempore
839 1814 993 1850 existenti
1026 1825 1134 1858 perse
1152 1839 1162 1855 ,
1191 1816 1244 1850 vel
1274 1827 1334 1860 per
1360 1814 1444 1850 alios
1473 1826 1604 1860 cogno-

110 1864 223 1901 scendi
251 1876 388 1903 omnes,
417 1873 450 1899 et
468 1863 614 1908 singulas
641 1875 755 1898 causas
786 1863 976 1900 Incolarum
1007 1863 1169 1899 Civitatis
1198 1865 1379 1900 Veliternae
1399 1889 1408 1904 ,
1437 1873 1504 1899 tam
1537 1863 1600 1898 Ci-

110 1914 194 1950 viles
210 1938 220 1954 ,
237 1926 337 1959 quarn
355 1913 558 1948 Criminales
572 1936 583 1952 ,
612 1911 784 1948 atrocibus
800 1913 948 1957 exceptis
971 1918 1098 1959 (quam
1114 1921 1223 1949 tamen
1238 1914 1473 1960 exceptionem
1489 1911 1601 1947 omni-

110 1976 155 1998 no
180 1963 331 1999 delemus
351 1988 362 2003 ,
395 1971 428 1998 et
440 1963 631 2008 abrogatam
649 1973 720 1997 esse
736 1961 893 1997 volumus
906 1988 918 2018 .’
953 1970 1051 2008 atque
1071 1964 1314 2008 decernimus)
1351 1964 1382 1998 in
1398 1963 1529 2008 prima,
1562 1969 1598 1997 et

109 2014 255 2048 secunda
280 2012 399 2057 inipsa
426 2011 580 2046 Civitate
617 2011 814 2052 Veliterna‚
844 2021 877 2047 et
903 2011 935 2047 in
954 2012 1053 2048 tertia
1082 2013 1239 2048 instantia
1268 2012 1301 2047 in
1330 2013 1447 2048 Urbe:
1474 2022 1602 2047 necnon

109 2060 250 2096 aliorum
276 2062 567 2097 Praedecessorum
597 2069 789 2097 nostrorum
805 2061 966 2108 Gregorii
998 2073 1120 2108 nempe
1133 2061 1249 2097 XIV.
1244 2086 1254 2101 ,
1283 2062 1339 2107 qui
1358 2060 1532 2097 revocavit
1549 2059 1600 2094 di-

110 2112 404 2146 smembrationem
422 2111 542 2145 factam
574 2122 592 2144 a
619 2111 869 2147 Praedecessore
897 2110 1051 2146 Sixtov.
1066 2136 1076 2152 ‚
1115 2120 1148 2146 et
1173 2110 1433 2157 applicationem
1465 2107 1601 2156 regimi-

112 2159 188 2195 nis,
215 2168 248 2194 et
263 2159 508 2200 jurisdictionis
536 2159 727 2203 temporalis
756 2160 912 2196 Camerae
926 2159 1158 2205 Apostolicae:
1193 2160 1379 2196 Innocentii
1396 2160 1487 2199 1X.,
1502 2138 1601 2192 Cle-

113 2207 231 2242 mentis
249 2209 371 2246 vlu„
399 2207 586 2242 innocentii
609 2208 710 2247 XII.,
743 2208 930 2243 Clementis
945 2210 1004 2242 XI.
1020 2233 1031 2247 ,
1062 2218 1096 2243 et
1125 2210 1299 2244 Benedicti
1324 2209 1419 2243 XIV.
1436 2208 1602 2242 dismem-

111 2255 294 2291 brationem
311 2279 321 2294 ,
352 2264 385 2289 et
411 2256 671 2297 applicationem
704 2256 954 2291 Iurisdictionis
982 2257 1200 2292 oeconomicae
1218 2278 1228 2296 ,
1253 2266 1287 2291 et
1303 2255 1491 2301 Regiminis
1509 2264 1598 2290 tem-

114 2304 238 2349 poralis
264 2302 433 2338 Ostiensis
452 2326 463 2342 ,
489 2310 521 2336 et
548 2301 731 2335 Veliternae
761 2303 953 2336 Civitatum
980 2304 1098 2337 factam
1128 2304 1399 2348 Congregat‘ioni
1419 2304 1503 2338 Boni
1533 2303 1601 2337 Re-

115 2352 250 2399 giminis
274 2353 394 2397 vigore
409 2359 667 2386 memoratarum
693 2349 932 2390 resolutionis,
957 2359 990 2384 et
1005 2350 1179 2385 sententiae
1199 2351 1485 2397 Congregationis
1499 2351 1599 2393 partin

115 2401 238 2437 culatis
266 2401 443 2448 designatae
468 2414 485 2434 a
503 2400 558 2434 fel.
577 2410 642 2433 rec·
667 2397 846 2433 Clemente
862 2399 959 2434 xiil„
949 2422 981 2438 .,
1016 2408 1050 2434 et
1073 2409 1197 2436 coactae
1216 2401 1279 2435 sub
1308 2413 1378 2435 san:
1398 2412 1496 2436 mem·
1514 2399 1597 2435 Cle-

116 2460 227 2486 mente
241 2450 333 2484 XIV.
348 2447 650 2485 Praedecessoribus
676 2447 795 2483 nostris
811 2472 821 2488 ‚
852 2447 970 2483 diebus
986 2472 996 2488 ,
1012 2457 1043 2482 et
1058 2461 1142 2483 anno
1155 2449 1298 2505 przefatis
1317 2474 1327 2489 ,
1348 2458 1380 2484 et
1396 2450 1457 2484 alia
1473 2450 1597 2490 omnia,

116 2508 150 2535 et
164 2497 292 2544 singula
310 2521 320 2537 ‚
339 2499 513 2543 potissime
542 2496 723 2542 praemissas
740 2496 1006 2538 resolutionem,
1027 2506 1060 2532 et
1075 2499 1271 2534 sententiam
1288 2498 1489 2534 auctoritate
1510 2501 1600 2546 Apo

115 2548 235 2583 stolica
258 2571 269 2588 ,
295 2556 412 2582 tenore
427 2547 637 2589 praesentium
658 2555 822 2593 perpetuo
852 2557 1076 2588 revocamus,
1102 2560 1293 2587 cassamus,
1321 2550 1519 2588 abolemus,
1546 2561 1600 2584 an-

116 2597 303 2637 nullamus,
332 2606 367 2632 et
394 2595 584 2636 irritamus;
624 2608 661 2632 ac
679 2605 861 2638 revocata,
892 2605 1037 2637 cassata,
1067 2596 1192 2634 abolita
1208 2621 1220 2638 ,
1245 2596 1438 2639 annullata,
1464 2607 1498 2633 et
1525 2597 1600 2633 irri-

1097 2659 1120 2685 κ
1547 2657 1605 2688 ta>
