1952 3167
302 261 386 302 286
580 258 653 299 DF.
679 258 812 305 JURE
842 255 1185 302 SIGNATURAE
1215 260 1465 309 JUSTITIAE

301 335 369 360 sus
399 333 519 373 quem
539 333 643 362 mota
668 319 710 359 lis
727 318 845 361 fuerit
862 353 873 369 ‚
911 320 1009 360 dum
1028 319 1160 372 Judex
1177 321 1256 375 jam
1279 323 1497 362 instructus
1516 321 1756 365 sententiam

303 377 403 419 ferre
420 380 560 429 vellet,
588 378 639 419 ad
661 392 697 419 se
721 379 761 418 in
780 393 851 419 sua
880 377 977 418 mala
1001 379 1242 434 possessione
1272 380 1574 422 confovendum
1595 414 1607 432 ,
1639 397 1659 422 a
1677 382 1754 433 Ju-

304 437 389 478 dice
411 437 604 482 instructo
623 435 804 478 Causam
826 435 986 480 avocari
1021 450 1171 493 peteret
1191 469 1203 486 ,
1232 451 1271 479 et
1303 438 1408 478 alteri
1430 440 1620 482 committi
1658 454 1753 482 cum

304 494 380 538 litis
399 496 689 543 immortalitate
714 528 723 538 ·

428 558 600 616 Insurgit
617 569 746 598 tamen
765 570 812 597 ex
832 555 935 597 dicta
965 553 1140 595 clausula
1161 552 1332 594 dubium
1353 552 1451 595 illud
1467 586 1479 603 ‚
1506 569 1557 596 an
1577 570 1621 597 ea
1642 557 1753 598 suffi-

305 617 382 661 ciat
403 649 415 667 ,
450 632 495 661 ut
520 616 745 662 verificetur
769 613 1018 656 avocationis
1051 625 1227 669 tempore
1249 641 1260 658 ,
1292 612 1352 655 vel
1372 627 1564 668 sequutae
1596 614 1751 655 inhibi-

303 675 429 718 tionis
444 693 457 728 3
473 692 510 721 et
527 675 814 720 Marchesanus
827 673 900 729 (ι)
920 671 997 719 ait,
1016 669 1303 726 verificandam
1320 686 1397 713 esse
1417 682 1590 730 tempore
1610 688 1757 717 avoca-

304 735 429 778 tionis
446 764 458 782 ‚
493 738 589 792 quia
611 747 709 777 tunc
727 734 859 774 locum
878 732 997 773 habet
1014 729 1218 787 subreptio
1241 745 1252 778 ;
1285 745 1365 786 qua
1386 731 1433 772 de
1454 746 1492 772 re
1510 763 1522 781 ,
1552 731 1583 773 si
1603 744 1758 790 tempo-

304 809 344 836 re
370 793 626 838 inhibitionis
646 793 785 835 Causa
805 803 900 833 esset
928 790 1120 832 instructa
1140 818 1152 836 ,
1183 804 1265 830 non
1283 802 1416 831 autem
1453 789 1760 833 commissionis

301 866 477 910 tempore
500 884 513 903 ‚
549 856 663 898 debet
682 853 814 900 Judex
831 849 1111 907 supersedere3
1145 861 1182 889 et
1203 848 1232 890 si
1253 862 1367 892 secus
1397 847 1558 898 fecerit,
1594 862 1759 893 attenta-

298 924 384 954 tum
402 926 611 964 reputatur
629 941 639 952 .

418 970 664 1024 Antiquitus
688 968 718 1008 si
740 969 843 1009 duae
864 966 1179 1007 commissiones
1197 967 1236 1007 in
1255 982 1339 1008 una
1354 998 1365 1016 ,
1394 968 1614 1022 eademque
1633 966 1749 1010 Cau-

303 1043 343 1070 sa
365 1059 377 1076 ,
410 1027 579 1069 directae
599 1026 767 1068 fuissent
785 1023 948 1067 diversis
971 1023 1183 1071 judicibus
1203 1053 1214 1073 ,
1247 1025 1485 1067 et'Causam
1513 1026 1671 1068 avocari
1704 1027 1755 1069 ab

304 1086 554 1140 unoJud‘ice‚
565 1099 602 1128 et
615 1086 666 1127 ad
681 1084 846 1126 alterum
868 1083 1027 1130 remitti,
1038 1096 1249 1138 peteretur,
1262 1084 1502 1126 Commissio
1517 1085 1755 1141 Signaturae

304 1146 542 1203 porrigenda
561 1159 645 1187 erat
660 1176 672 1193 ‚
703 1157 740 1186 et
759 1145 810 1186 ab
838 1143 977 1184 eadem
996 1144 1092 1183 Pars
1109 1157 1317 1185 recurrens
1336 1143 1566 1201 rescriptum
1600 1144 1756 1185 obtine-

304 1205 372 1245 bat
390 1234 402 1251 ,
432 1203 581 1246 Audiat
598 1204 666 1260 qui
677 1199 901 1260 praeveniz'3
936 1214 1108 1243 attamen
1126 1200 1360 1254 huiusmodi
1381 1202 1612 1259 rescriptum
1634 1202 1674 1242 in
1696 1202 1759 1243 de-

301 1264 559 1304 suetudinem
584 1262 680 1304 abiit
699 1291 711 1309 ,
726 1277 855 1317 quum
882 1260 999 1301 hodie
1020 1261 1235 1316 Signatura
1256 1262 1461 1316 degustare
1480 1262 1575 1303 solet
1594 1262 1641 1302 de
1659 1260 1756 1307 vali·

303 1321 352 1362 da
370 1321 714 1377 praeventione,et
734 1320 785 1361 ad
800 1319 908 1359 illum
922 1349 934 1367 ,
953 1317 1024 1373 qui
1042 1319 1249 1374 praevenit
1264 1348 1277 1367 ‚
1294 1319 1477 1360 Causam
1495 1322 1544 1362 ab
1563 1319 1639 1361 alio
1659 1334 1759 1362 avo-

300 1382 452 1429 cando,
473 1382 664 1422 remittere
681 1396 692 1428 :,
711 1379 824 1435 quod
846 1377 994 1433 optima
1020 1377 1182 1431 quidem
1218 1378 1374 1420 ratione
1396 1377 1548 1419 factum
1579 1390 1633 1419 est
1656 1406 1667 1423 ,
1701 1390 1754 1418 ex

299 1452 346 1479 eo
364 1439 458 1495 quia
481 1439 686 1480 occasione
713 1437 823 1479 istius
839 1435 1135 1490 praeventionis
1153 1436 1254 1476 inter
1273 1436 1397 1476 dictos
1418 1436 1579 1487 Judices
1593 1468 1604 1485 ‚
1621 1450 1751 1491 quum

297 1497 580 1553 unusquisque
602 1511 715 1540 suam
738 1492 1020 1535 inhibitionem
1036 1525 1047 1542 ,
1065 1508 1108 1534 ac
1126 1493 1453 1545 Jurisdictionem
1472 1507 1667 1542 tueretur,
1680 1509 1751 1549 po-

299 1567 399 1599 terat
435 1555 625 1596 dissensio
642 1553 738 1596 oriri
760 1567 771 1601 ;
804 1566 840 1593 et
857 1552 1060 1594 interdum
1080 1566 1124 1592 ea
1148 1551 1194 1592 de
1228 1567 1348 1597 causa
1375 1567 1502 1596 novae
1531 1553 1614 1594 lites
1647 1566 1758 1592 crea-

298 1626 437 1656 rentur
455 1645 467 1654 .

415 1673 462 1713 In
485 1674 645 1716 materia
670 1674 966 1713 Alimentorum
994 1672 1025 1712 si
1042 1670 1236 1712 sententia
1259 1670 1335 1710 lata
1368 1671 1488 1712 fuerit
1507 1671 1643 1713 favore
1671 1669 1762 1710 Ali-

300 1730 486 1771 mentarii
506 1761 517 1778 ,
547 1742 584 1771 et
616 1729 703 1779 ille,
736 1729 807 1785 qui
842 1727 1025 1769 alimenta
1049 1739 1244 1783 praestare
1278 1726 1449 1773 debeat,
1484 1728 1649 1784 appellet
1672 1758 1685 1776 2
1716 1743 1761 1770 ac

302 1787 645 1830 Commissionem.
665 1787 841 1845 porrigat
859 1818 870 1835 ‚
891 1787 931 1827 in
952 1800 1032 1842 qua
1055 1784 1237 1826 Causam
1265 1785 1555 1842 Appellationis
1571 1786 1761 1843 simpllci-

301 1857 358 1887 ter
376 1848 565 1890 committi
583 1847 822 1905 petit‚prima
842 1843 971 1887 fronte
993 1842 1215 1886 dicendum
1233 1844 1381 1901 quippe
1402 1858 1510 1893 esset,
1525 1843 1755 1897 hujusmodi

301 1904 603 1949 Comissionem
622 1907 732 1948 haud
749 1920 829 1948 esse
851 1903 1142 1961 denegandam,
1157 1918 1204 1945 ex
1226 1918 1273 1944 eo
1292 1903 1385 1956 quia
1405 1903 1452 1944 de
1477 1903 1564 1959 jure
1583 1904 1623 1944 in
1643 1900 1751 1944 omni

298 1976 391 2008 casu
426 1967 636 2022 appellatio
664 1980 720 2008 est
752 1964 937 2022 permissa
962 1979 974 2012 3
1004 1975 1178 2005 attamen
1218 1962 1368 2004 diversa
1404 1977 1499 2003 sane
1529 1977 1587 2004 res
1612 1973 1667 2002 est
1705 1958 1749 1998 in

298 2023 446 2066 Causis
478 2023 758 2065 alimentorum
781 2051 794 2069 ,
827 2035 931 2076 quae
962 2035 983 2061 a
1007 2021 1093 2077 jure
1113 2020 1246 2063 multis
1265 2020 1474 2076 privilegiis
1504 2020 1676 2061 donatae
1697 2030 1753 2057 re-

298 2083 538 2137 periuntur:,
565 2096 646 2139 qua
668 2081 714 2122 de
735 2096 773 2122 re
791 2080 1014 2124 videndum
1028 2110 1040 2128 ‚
1061 2080 1269 2132 quomodo
1287 2079 1500 2132 Signatura
1534 2075 1720 2117 rescribat
1739 2105 1753 2124 ,

298 2155 429 2194 quum
453 2143 503 2183 ab
522 2142 665 2183 eadem
702 2137 968 2179 diversimode
987 2136 1069 2175 fieri
1088 2136 1225 2175 assolet
1238 2164 1250 2181 ‚
1280 2135 1383 2174 illam
1403 2133 1675 2190 amplectendo
1695 2133 1753 2174 di-

299 2198 554 2240 stinctionem
590 2198 871 2239 alimentorum
901 2193 1057 2238 futuri,
1089 2192 1150 2234 vel
1175 2192 1377 2248 praeteriti
1396 2192 1607 2249 temporis3
1641 2191 1751 2247 equi-

298 2256 387 2297 dem
420 2257 516 2297 dum
539 2256 673 2313 agitur
696 2254 743 2295 de
763 2252 955 2295 alimentis
987 2250 1261 2308 praesentibus
1288 2281 1300 2299 ,
1335 2263 1372 2292 et
1402 2251 1548 2293 futuris
1574 2249 1751 2292 rescribit

298 2329 390 2356 cum
424 2315 625 2362 clausula,
657 2329 730 2355 non
751 2314 950 2353 retardata
966 2309 1225 2366 praestatione
1254 2308 1552 2358 alimentorum3
1582 2323 1618 2351 et
1651 2307 1751 2360 juris

303 2371 555 2429 dispositioni
573 2386 802 2429 congruum
822 2370 863 2411 id
880 2383 934 2411 est
953 2398 966 2415 ‚
1007 2382 1135 2423 quum
1164 2382 1301 2411 venter
1327 2368 1557 2410 dilationem
1581 2382 1664 2408 non
1683 2382 1750 2423 pa-

300 2430 424 2480 titur,
451 2445 488 2474 et
507 2431 665 2473 illorum
697 2428 1007 2487 praestationem
1031 2426 1228 2469 retardare
1255 2458 1268 2477 ,
1303 2440 1399 2469 esset
1424 2427 1595 2482 quidem
1623 2426 1753 2467 homi-

1668 2499 1758 2526 nem

349 2619 401 2660 (1)
424 2620 560 2663 Pag.91.
576 2629 667 2662 n.41.
686 2619 760 2654 edit.
774 2625 839 2651 ant.
