1993 3195
620 276 649 309 A
691 277 716 309 P
760 276 784 308 P
828 277 852 310 E
893 278 924 311 N
973 277 1007 310 D
1048 278 1064 312 1
1105 278 1136 312 X
1581 284 1622 325 63

231 322 427 355 Mandantes
453 322 608 356 omnibus
624 345 633 361 ‚
661 332 693 356 et
707 322 848 367 singulis
881 323 1051 358 Iudicibus
1067 325 1339 369 quibuscumque
1355 346 1365 362 ,
1394 336 1429 358 ac
1445 328 1541 362 etiam
1559 330 1630 364 Ro-

134 378 173 403 tae
189 368 412 404 Auditoribtis
434 370 598 415 praedictis
613 395 624 411 ‚
652 372 713 405 sub
732 370 973 415 indignationis
994 381 1114 406 nostra:
1143 384 1238 415 poena
1253 397 1262 412 ‚
1294 381 1331 406 ut
1361 383 1421 417 pro
1439 377 1627 416 praemisso.

132 428 205 451 rum
235 417 422 453 inviolabili
440 419 675 454 observatione
691 444 701 460 ‚
737 419 769 455 in
786 419 892 455 causis
910 430 1021 454 coram
1056 420 1101 453 eis
1116 422 1156 454 ad
1187 431 1328 464 praesens
1362 422 1585 465 pendentibus
1615 450 1625 466 ‚

131 475 162 500 et
182 477 255 511 quae
275 466 485 511 inposterum
516 479 576 514 pro
599 478 752 513 tempore
770 470 962 513 pendebunt
975 492 985 508 ‚
1013 467 1103 504 nulla
1118 466 1216 503 aliter
1229 492 1239 507 ,
1268 481 1367 514 quam
1386 480 1419 503 ut
1438 471 1626 515 praefercur‚

130 515 284 550 confecta
316 516 472 563 Registra
487 541 497 558 ,
525 528 557 552 et
575 519 748 553 Extractus
789 519 989 558 admittant,
1030 527 1061 552 et
1081 517 1267 561 recipiant3
1300 517 1369 552 imo
1386 517 1439 553 illa
1457 528 1628 566 tamquam

128 563 160 598 in
177 565 328 600 fraudem
343 590 353 606 ,
380 578 417 601 ac
433 568 590 602 damnum
618 567 760 613 partium
779 566 981 613 litigantium
995 567 1154 602 confecta
1184 566 1336 602 rejiciant
1353 591 1363 607 ,
1390 580 1537 614 suosque
1555 572 1628 606 No-

128 613 232 648 tarios
247 638 257 654 ,
291 624 327 649 ut
344 615 517 651 Extractus
536 640 546 655 ‚
576 628 610 651 et
625 617 780 662 Registra
808 617 1002 657 hujusmodi
1022 617 1117 657 juxta
1147 618 1316 661 praemissa
1348 617 1550 658 conficiant,
1572 631 1628 654 co-

129 673 234 708 gant,
262 671 295 697 et
310 663 513 709 compellant
528 690 538 706 ‚
567 675 666 710 atque
681 675 716 700 ut
733 666 776 700 ita
793 669 970 701 observent
988 666 1170 711 diligenter
1188 677 1304 701 curam
1333 665 1513 701 adhibeant
1528 680 1538 708 3
1566 681 1626 704 nec

127 723 193 746 non
209 712 296 746 ultra
312 712 551 758 obligationem
581 715 803 750 confectionis
836 715 987 760 Registri
1007 739 1016 754 ‚
1046 715 1150 751 modo
1175 714 1369 760 praescripto
1386 727 1448 760 per
1462 717 1625 752 Notarios

128 759 273 795 faciendi
295 784 304 799 ,
343 761 486 798 ulterius
504 764 691 800 inhibemus
707 765 754 798 eis
770 766 830 798 sub
850 764 1093 809 quinquaginta
1112 774 1287 799 scutorum
1304 789 1313 804 ‚
1347 776 1407 808 pro
1425 765 1534 812 aliqua
1552 777 1629 811 por⁴

127 809 220 842 tione
238 808 450 855 litigantibus
470 814 609 848 arbitrio
632 814 858 848 Executorurn
895 815 991 851 hujus
1009 821 1129 848 nostrae
1163 813 1429 848 Constitutionis
1459 816 1629 860 applican-

126 857 248 893 dorum
268 882 278 898 ‚
308 870 346 893 ac
365 861 563 905 privationis
579 887 589 902 ‚
619 871 653 896 et
666 861 852 897 amissionis
878 861 1077 897 Notariatus
1098 874 1158 907 per
1177 874 1431 908 quemcumque
1451 875 1629 899 contrave-

124 905 271 941 nientem
301 919 341 941 eo
357 909 429 954 ipso
447 909 656 947 incur-fetidis
684 910 790 954 poenis
807 934 816 951 ,
848 923 886 945 ne
902 911 942 945 de
961 920 1083 945 caetero
1102 911 1133 946 in
1152 912 1259 946 causis
1275 935 1284 945 .
1315 912 1347 945 in
1365 910 1487 957 quibus
1521 914 1627 948 Nota·-

124 955 165 990 rii
182 956 335 1002 deputati
349 958 499 1001 fuerint;
529 970 561 995 et
579 960 771 1005 scripserint
806 960 961 1005 Registra
976 984 985 999 ‚
1013 968 1046 994 et
1060 960 1238 995 Extractus
1264 959 1362 994 aliter
1379 971 1480 1005 quam
1500 971 1536 996 ut
1548 973 1628 1007 prae-

94 1009 97 1013 “
123 1003 260 1044 fertur,
290 1007 447 1044 omnibus
479 1008 619 1045 semotis
644 1008 818 1044 fraudibus
849 1010 1040 1048 conficere,
1059 1020 1116 1045 aut
1130 1008 1335 1044 solutionem
1365 1020 1424 1053 pro
1454 1010 1492 1044 iis
1509 1021 1628 1055 petere

123 1054 177 1088 vel
193 1053 343 1098 recipere
358 1059 525 1099 audeant,
545 1071 603 1093 seu
620 1067 844 1100 praesumant,
858 1067 961 1104 prout
974 1057 1073 1092 etiam
1089 1059 1224 1103 ipsimet
1241 1058 1359 1091 scribae
1376 1059 1598 1094 Extractuum
1615 1083 1626 1100 ‚

123 1111 155 1136 et
179 1103 414 1148 Registrorum
430 1131 440 1147 ,
469 1108 526 1153 qui
544 1107 574 1141 in
592 1106 655 1141 illis
677 1107 860 1141 scribendis
891 1106 1058 1151 praemissa
1074 1109 1186 1141 omnia
1205 1118 1268 1141 non
1286 1108 1521 1150 servaverint,
1555 1120 1628 1154 pos-

122 1150 185 1186 sint
204 1154 244 1187 ab
259 1153 386 1190 eisdem
406 1155 651 1192 Executoribus
665 1167 781 1189 eorum
801 1156 943 1189 arbitrio
958 1155 1065 1201 poenis
1089 1156 1203 1200 puniri
1225 1179 1235 1190 .

517 1283 706 1345 Specialia
732 1293 804 1343 pro
829 1282 1016 1327 Notariis
1033 1283 1208 1327 Archivi
1232 1314 1247 1327 .

234 1397 324 1433 Uum
354 1400 384 1433 in
406 1400 609 1435 Visitatione
638 1399 755 1434 Officii
791 1399 932 1433 Archivi
964 1409 1176 1442 compertum
1203 1399 1303 1433 fuetit
1331 1422 1342 1437 ,
1382 1399 1413 1432 in
1438 1399 1626 1434 maximum

254 1448 437 1488 damnum,
465 1458 496 1482 et
515 1448 748 1493 praejudicium
775 1446 981 1493 litigantium
998 1471 1006 1485 ‚
1033 1448 1221 1491 neglectam
1251 1448 1352 1482 fuisse
1376 1447 1627 1484 confectionem

119 1493 356 1540 Registrorum
385 1498 417 1532 in
434 1497 688 1542 quampluribus
714 1495 820 1531 causis
839 1520 849 1535 ‚
886 1494 1016 1529 etiamsi
1038 1504 1156 1531 exacta
1174 1495 1275 1531 fuerit
1292 1496 1322 1529 in
1338 1505 1413 1531 actu
1433 1497 1628 1542 expeditio-

117 1543 169 1577 nis
187 1549 378 1580 earumdem
396 1556 567 1595 causarum
584 1545 697 1582 debita
711 1556 839 1579 merces
865 1555 925 1589 pro
940 1544 1073 1579 illorum
1106 1545 1322 1579 confectione
1338 1570 1347 1584 ‚
1378 1546 1418 1579 ad
1444 1547 1625 1590 proprium

119 1597 338 1630 commodum
351 1596 573 1630 Notariorum
591 1594 781 1640 applicata;
800 1595 876 1628 hinc
894 1604 954 1638 pro
973 1594 1159 1638 reparando
1176 1593 1370 1630 hujusmodi
1387 1594 1590 1634 praeiudicio
1615 1618 1626 1634 ,

117 1642 173 1678 cui
189 1643 254 1678 fuit
269 1645 334 1683 jam
353 1645 524 1690 provisum
550 1643 661 1690 quoad
686 1642 807 1676 omissa
837 1643 977 1676 durante
998 1651 1155 1686 tempore
1176 1641 1347 1686 praesentis
1364 1642 1513 1676 >Notarii
1543 1655 1624 1678 cum

117 1692 335 1729 confectione
365 1693 605 1739 Registrorum
638 1691 868 1727 deficientium
889 1713 899 1728 2
928 1702 969 1725 ex
997 1690 1170 1735 vigilantia
1195 1691 1277 1725 dicti
1313 1689 1502 1725 Cardinalis
1534 1691 1625 1726 Visi-

117 1741 261 1781 tatoris,
293 1742 380 1777 nein
397 1743 550 1777 futurum
578 1742 665 1776 idem
696 1741 892 1785 contingere
918 1750 1096 1779 occurrat,
1128 1740 1320 1776 inhaerendo
1349 1741 1416 1779 jam
1446 1739 1624 1784 dispositis

117 1789 207 1825 circa
222 1790 381 1827 Tribunal
404 1791 499 1825 Rotae
518 1815 529 1830 ,
561 1788 683 1834 pariter
694 1788 910 1833 praecipimus
923 1812 934 1827 ‚
967 1800 1068 1834 atque
1099 1792 1292 1823 mandamus
1311 1801 1321 1828 ς
1361 1797 1397 1822 ut
1416 1788 1446 1822 in
1462 1798 1539 1823 actu
1560 1801 1626 1824 ex-

119 1839 331 1882 peditionum
373 1850 548 1875 causarum
577 1863 588 1878 ‚
628 1847 790 1883 quatenus
818 1837 1015 1882 Registrum
1052 1848 1116 1870 non
1146 1836 1188 1871 sit
1204 1837 1353 1882 undique
1382 1838 1595 1882 completum
1615 1861 1626 1877 .

116 1887 194 1922 Pars
210 1901 285 1933 quae
298 1891 338 1925 ad
354 1889 606 1934 expeditionem
635 1887 792 1921 devenire
810 1884 955 1920 intendit
971 1909 981 1924 ,
1009 1887 1130 1920 debeat
1145 1884 1244 1920 simili
1273 1887 1377 1920 modo
1401 1886 1572 1930 deponere
1591 1888 1626 1921 in

117 1940 275 1973 manibus
305 1939 456 1980 ejusdem
474 1936 614 1973 Notarii
640 1934 793 1971 cedulam
828 1933 953 1969 Montis
977 1933 1110 1970 Pietatis
1128 1959 1140 1973 ‚
1158 1933 1219 1969 *vel
1239 1934 1342 1968 Banci
1372 1935 1405 1967 S.
1421 1934 1566 1978 Spiritus
1583 1936 1621 1969 li-

117 1984 232 2021 beram
253 2013 262 2027 ,
295 1998 327 2023 et
347 1997 534 2024 cantantem
564 1988 604 2026 ad
621 1985 788 2020 creditum
809 1983 897 2018 illius
912 2007 922 2023 ‚
949 1984 1006 2028 qui
1028 1982 1235 2028 expeditioni
1263 1983 1435 2018 incumbit
1451 2008 1461 2023 ,
1477 1995 1623 2028 pr-opor-

116 2032 242 2070 tionate
271 2039 310 2071 nd
329 2037 547 2083 quantitatem
572 2034 747 2080 Registri3
781 2041 991 2078 etquatenus
1011 2033 1229 2068 extenuitate
1249 2042 1392 2067 summae
1428 2032 1510 2067 infra
1526 2041 1621 2068 scuta

118 2083 235 2120 decem
254 2085 375 2120 cedula
403 2086 537 2129 pr‘aefata
566 2084 682 2118 haberi
699 2095 762 2117 non
778 2082 885 2126 possit
900 2105 911 2121 ,
939 2091 1018 2116 tunc
1034 2081 1226 2125 depositum
1249 2082 1303 2116 fiat
1322 2081 1355 2115 in
1376 2081 1489 2116 Banco
1505 2083 1627 2127 Depo·

117 2131 219 2168 sitarii
236 2142 356 2170 nostrae
371 2135 526 2168 Camerae
543 2157 554 2172 ,
582 2141 617 2166 et
629 2131 749 2167 cedula
773 2132 813 2163 ab
829 2141 870 2163 eo
889 2139 1057 2173 reportata
1089 2129 1289 2164 exhibeatur
1306 2139 1342 2164 ut
1356 2141 1455 2174 supra
1485 2155 1499 2172 ,
1535 2140 1570 2164 et
1585 2131 1626 2165 de

117 2180 206 2217 dicto
226 2183 382 2227 deposito
411 2184 466 2218 fiat
491 2191 569 2216 nota
584 2181 616 2215 in
634 2182 719 2214 libro
747 2178 975 2213 Recentorum
991 2201 1001 2217 ‚
1028 2178 1069 2211 ad
1092 2181 1156 2212 hoc
1179 2188 1215 2212 ut
1232 2178 1405 2223 completo
1431 2179 1592 2226 Registro
1615 2203 1625 2219 ,

118 2227 242 2275 illoque
259 2232 436 2277 recognito
455 2255 466 2270 ‚
495 2229 550 2264 illa
568 2230 644 2263 Pars
666 2239 740 2273 quae
757 2228 936 2262 restituere
954 2251 965 2267 ,
995 2226 1049 2261 vel
1070 2227 1261 2270 respective
1296 2227 1457 2271 supplere
1484 2230 1585 2263 debet
1613 2250 1623 2267 ,

117 2282 296 2322 suppleat,
326 2282 381 2315 vel
400 2278 573 2315 restituat:
600 2288 673 2323 quae
688 2275 809 2311 cedula
825 2275 973 2309 exhibita
999 2276 1169 2310 subscribi
1198 2278 1320 2311 debeat
1335 2288 1352 2310 a
1369 2276 1592 2311 Procuratore
1613 2298 1625 2314 ,

118 2326 149 2362 in
166 2329 263 2367 cuius
278 2330 397 2366 faciem
412 2340 459 2365 est
477 2328 563 2363 facta
578 2352 588 2366 ,
619 2326 795 2370 recognito
817 2323 977 2369 Registro
1006 2324 1186 2358 terminato
1202 2333 1236 2359 et
1250 2336 1317 2359 non
1331 2333 1427 2359 antea
1439 2348 1450 2361 ‚
1476 2326 1537 2359 sub
1553 2336 1626 2370 poe-

119 2387 159 2410 na
174 2377 351 2413 solutionis
369 2382 409 2414 de
425 2377 566 2423 proprio
581 2375 743 2410 mercedis
759 2371 926 2418 praedicta:
958 2383 1020 2416 pro
1039 2372 1197 2418 Registro
1224 2385 1235 2413 ς
1273 2386 1374 2420 quam
1401 2372 1540 2418 quidem
1571 2385 1624 2408 re-

119 2426 348 2471 gistrationem
375 2427 512 2463 omnino
530 2425 645 2469 perfici
663 2448 674 2462 ,
706 2435 742 2457 ac
763 2420 936 2456 terminari
969 2420 1128 2456 volumus
1160 2421 1244 2455 infra
1262 2423 1347 2457 duos
1379 2433 1507 2458 menses
1535 2421 1624 2458 adie

119 2475 364 2519 expeditionis;
394 2476 472 2510 etin
489 2476 610 2511 ultima
626 2472 804 2511 ‚audientia
837 2479 912 2516 post
927 2479 996 2505 tres
1011 2483 1162 2511 meuses;
1198 2471 1320 2513 quibus
1336 2472 1488 2507 terminis
1503 2470 1623 2516 elapsis

117 2524 229 2569 possit·
251 2525 414 2562 Notarius
442 2525 520 2571 cogi
539 2527 579 2560 ad
605 2521 858 2568 adimplendum
875 2544 885 2562 ,
915 2530 1018 2567 prout
1037 2521 1239 2567 dispositum
1257 2520 1323 2556 fuit
1344 2522 1434 2558 circa
1458 2522 1624 2604 Notagos

1591 2579 1627 2601 οη
