1993 3195
585 293 1092 327 A‘PPENI)IX
1545 293 1585 328 81

717 389 778 435 N.
816 391 980 435 XXIX.

99 494 289 540 Decreta
310 486 676 551 Congregationis
694 485 956 533 Particularis
978 502 1059 554 pro
1076 482 1412 532 Reformatione
1434 481 1598 532 Tribu-

137 562 299 611 nalium
325 558 460 607 Urbis
494 577 516 606 a
534 557 773 607 Benedicto
801 562 921 608 XIV.
948 557 1190 628 specialiter
1212 556 1421 627 deputatae
1455 559 1567 604 circa

247 635 535 682 recusationes
556 631 752 694 Judicum
768 665 782 686 ‚
801 645 845 680 et
862 635 972 679 circa
996 629 1186 679 formam
1205 627 1460 679 servandam

326 707 372 753 in
390 708 538 754 Causis
559 709 882 769 Patentatorum
897 738 911 760 ,
935 722 1006 753 seu
1025 704 1359 770 Privilegiorutn
1377 736 1390 749 .

111 828 138 862 1.
260 825 288 859 T
318 825 505 860 immodicis
534 826 752 871 Litigantium
785 834 940 870 parcatur
968 824 1190 859 incommodis
1221 847 1232 863 ,
1254 823 1437 867 >simulque
1476 818 1608 858 iniustis

286 874 621 919 tergiversationibus
651 875 810 909 obvietur
832 899 841 914 ‚
867 873 1099 919 Congrcgatio
1115 871 1329 907 Particularis
1354 868 1604 918 aSanctissirno

105 923 255 959 Domino
296 923 423 958 Nostro
466 923 651 957 Benedicto
681 945 692 961 ‚
739 923 862 957 Divina
910 919 1123 957 Providentia
1158 922 1246 966 Papa
1273 921 1365 955 XIV.
1395 929 1501 964 super
1538 917 1610 950 Re-

106 972 312 1008 formatione
341 971 574 1006 Tribunalium
604 972 702 1005 Urbis
727 971 916 1017 specialiter
934 973 1092 1014 deputata
1110 994 1119 1010 ,
1139 981 1173 1004 re
1204 970 1294 1014 prius
1324 977 1455 1003 mature
1480 966 1610 1001 discus-

106 1033 142 1057 sa
159 1046 169 1061 ‚
203 1020 368 1066 processit
388 1021 519 1055 interim
536 1021 576 1054 ad
592 1020 819 1064 infrascriptas
850 1019 1065 1054 Provisiones
1084 1043 1093 1053 .
1540 1061 1548 1068 ⁶
1578 1061 1586 1068 .

156 1071 202 1105 II.
256 1069 361 1115 Quod
390 1069 632 1103 Recusationes
656 1069 814 1109 Judicum
848 1081 913 1103 non
946 1068 1167 1102 admittantur
1205 1067 1234 1100 in
1265 1066 1386 1100 Causis
1412 1070 1603 1116 execut-ivis

108 1119 192 1154 certi
211 1117 343 1163 generis
361 1141 370 1156 ,
398 1117 558 1152 videlicet
577 1117 731 1163 Depositi
749 1142 758 1157 ,
787 1126 818 1151 et
837 1117 1029 1151 futurorum
1061 1116 1293 1150 alimentorum
1312 1139 1322 1154 ‚
1361 1113 1505 1156 aliisque
1524 1112 1610 1144 dest-

108 1166 214 1213 gnatis
244 1177 304 1209 per
320 1165 467 1200 Decreta
483 1165 561 1199 alias
587 1175 737 1210 tempore
776 1178 844 1201 san.
868 1178 970 1200 mein.
986 1163 1172 1199 Clementis
1190 1164 1268 1198 X11.
1300 1162 1389 1196 edita
1421 1172 1439 1194 a
1455 1161 1612 1212 Congre-

109 1215 243 1262 gatione
264 1212 526 1249 Reformationis
560 1213 792 1248 Tribunalium
834 1213 931 1248 Urbis
959 1213 1014 1248 die
1041 1211 1219 1260 4.Aprilis
1252 1222 1347 1258 1731.
1378 1234 1410 1263 ,ι
1430 1220 1538 1263 neque
1556 1218 1609 1261 ‘in

109 1264 377 1309 quibuscumque
405 1262 474 1297 aliis
492 1262 614 1297 Causis
648 1275 711 1298 non
740 1263 981 1297 excedentibus
1011 1263 1158 1296 valorem
1186 1270 1359 1296 scutorum
1377 1267 1603 1311 vigintiquin—

110 1324 175 1357 que
190 1314 284 1352 iuxta
302 1311 393 1347 aliud
409 1312 596 1347 Decretum
625 1311 692 1347 diei
715 1322 769 1356 15.
783 1310 988 1347 Novembris
1009 1322 1114 1357 ¹732·
1130 1335 1139 1351 ‚
1158 1321 1231 1356 quae
1246 1307 1369 1345 servari
1384 1317 1525 1342 omnino
1543 1304 1605 1339 de-

109 1362 208 1395 beant
237 1384 246 1394 .

158 1409 220 1442 111.
275 1409 378 1452 Quod
396 1410 426 1443 in
448 1411 581 1444 coeteris
602 1410 721 1445 Causis
742 1412 910 1455 praedictae
935 1410 1158 1445 recusationes
1184 1433 1194 1449 ‚
1238 1420 1310 1453 quae
1337 1406 1539 1451 plerumque
1568 1401 1609 1436 ad

108 1456 343 1492 retardandum
374 1457 520 1498 JustitIae
546 1469 678 1492 cursum
696 1469 920 1502 usurpantur,
952 1458 1160 1495 reformari,
1201 1464 1234 1490 et
1265 1453 1432 1490 moderari
1464 1454 1609 1486 debeant

110 1505 142 1540 in
163 1513 332 1549 posterum
349 1529 359 1544 ,
387 1506 472 1540 itaut
499 1506 530 1540 in
547 1507 666 1541 Causis
691 1509 938 1554 cujuscumque
968 1505 1097 1551 generis
1115 1530 1124 1545 ‚
1155 1515 1221 1540 tam
1250 1502 1439 1539 executivis
1467 1525 1478 1541 ‚
1507 1511 1608 1545 quam

110 1552 290 1588 ordinariis
306 1577 316 1593 ,
348 1561 380 1587 et
397 1554 426 1587 in
443 1566 655 1600 quacumque
683 1555 836 1591 instantia
857 1555 1032 1600 (exceptis
1051 1556 1223 1588 dumtaxat
1252 1551 1374 1587 Causis
1397 1550 1612 1602 Commissa-

111 1602 196 1645 riis)
214 1603 550 1636 unustantummodo
577 1604 686 1642 Judex
716 1605 802 1638 infra
817 1614 884 1639 tres
909 1605 979 1639 dies
997 1603 1218 1637 numerandos
1248 1613 1264 1634 a
1287 1600 1342 1634 die
1371 1598 1608 1643 reproductio-

111 1651 161 1685 nis
180 1650 381 1690 Moustorii,
408 1662 465 1685 seu
482 1649 604 1684 Libelli
622 1675 631 1690 ‚
658 1653 709 1685 vel
726 1652 907 1686 Citationis
937 1654 976 1686 ad
1002 1651 1182 1686 dicendum
1214 1657 1331 1684 contra
1366 1647 1448 1687 Jura
1477 1647 1516 1680 ab
1532 1656 1610 1679 una-

112 1710 243 1745 quaque
269 1710 310 1733 ex
325 1699 479 1733 Partibus
498 1699 642 1734 recusari
667 1700 771 1744 possit
791 1710 957 1747 tamquam
975 1710 1134 1745 supectus
1152 1701 1275 1744 absque
1293 1695 1496 1749 allegatione
1517 1694 1611 1728 Cau-

113 1759 155 1783 sae
171 1747 368 1792 suspicionis
385 1760 394 1788 ;
411 1756 538 1782 caeterae
554 1758 671 1783 autem
687 1749 912 1784 recusationes
930 1748 1074 1793 amplius
1091 1761 1155 1783 non
1176 1747 1400 1782 admittantur
1420 1769 1430 1784 ,
1464 1743 1526 1778 nisi
1542 1752 1610 1777 ser-

111 1804 188 1831 vata
203 1796 421 1842 dispositione
437 1797 527 1837 Juris
542 1797 730 1832 communis
747 1810 757 1838 3
785 1811 821 1834 ac
835 1798 979 1843 proinde
996 1797 1187 1832 Citationes
1202 1821 1212 1834 .
1240 1796 1350 1841 quoad
1366 1792 1615 1846 ulteriores-re-

111 1845 298 1880 cusationes
316 1870 325 1886 ,
359 1857 479 1891 nempe
510 1848 552 1880 ad
565 1847 742 1881 videndum
780 1847 930 1894 deputari
958 1847 1085 1886 alium,
1117 1855 1188 1880 tum
1207 1855 1319 1879 coram
1337 1844 1459 1889 Capite
1494 1841 1616 1893 Tribu-

111 1892 193 1928 nalis
206 1918 215 1933 ‚
242 1903 312 1929 tum
329 1905 440 1929 coram
458 1895 529 1929 aliis
560 1895 797 1940 Superioribus
824 1896 960 1941 impune
979 1895 1090 1940 sperni
1110 1895 1264 1935 valeant,
1285 1893 1346 1928 nisi
1364 1893 1394 1927 in
1413 1891 1538 1926 eisdem
1555 1889 1615 1923 Ci-

112 1942 294 1978 tationibus
311 1954 401 1979 certa
416 1969 426 1983 ,
453 1953 551 1990 atque
577 1945 663 1983 justa
697 1957 793 1980 causa
814 1943 1012 1990 suspicionis
1028 1943 1260 1988 exprimatur.

160 1991 221 2024 IV.
274 1991 403 2027 Rursus
419 1995 510 2038 quod
529 1992 738 2039 privilegiati
766 2018 776 2034 ‚
816 2005 873 2029 seu
894 1992 1058 2027 Patentati
1090 1992 1335 2036 cuiuscumque
1362 1989 1492 2037 generis
1525 1991 1618 2032 (ex-

113 2039 220 2083 ceptis
238 2040 417 2076 Patentatis
439 2043 469 2075 S.
486 2042 716 2087 Inquisitionis
736 2047 747 2083 )
775 2042 840 2077 fori
861 2041 1046 2088 privilegio
1063 2043 1208 2086 gaudere
1224 2052 1288 2075 non
1309 2041 1478 2079 debeant,
1503 2037 1563 2072 ulsi
1582 2036 1617 2071 in

114 2087 258 2126 causis,
290 2097 324 2122 et
342 2090 487 2134 negociis
519 2091 798 2126 concernentibus
829 2091 974 2130 Officia,
996 2093 1040 2126 'et
1058 2090 1244 2125 Ministeria
1266 2114 1277 2129 ‚
1319 2099 1463 2134 quorum
1491 2085 1619 2121 intuitu

116 2144 190 2170 sunt
211 2136 443 2182 privilegiati,
475 2136 635 2172 videlicet
652 2138 691 2171 ad
706 2149 855 2173 normam
886 2141 1116 2182 Decretorum
1132 2163 1142 2178 ‚
1177 2150 1250 2184 quae
1280 2149 1380 2182 super
1395 2138 1456 2171 hac
1479 2133 1620 2169 materia

117 2184 316 2228 prodierunt
331 2194 480 2230 tempore
512 2199 579 2221 san.
598 2198 698 2222 mem.
715 2186 838 2223 Urbani
858 2187 955 2221 VIII.
972 2212 982 2226 ‚
1013 2199 1051 2222 ac
1072 2185 1260 2221 Innocentii
1286 2186 1347 2219 XI.
1365 2210 1374 2225 ‚
1404 2197 1464 2220 nec
1486 2195 1550 2218 non
1567 2184 1622 2218 In.

117 2234 261 2267 nocentii
279 2234 355 2268 XII.
379 2259 389 2274 ‚
434 2234 621 2278 itidemque
639 2245 776 2270 ‘servata
802 2237 907 2270 forma
936 2236 1133 2280 praescripta
1165 2247 1224 2280 per
1242 2234 1445 2281 praelaudata
1475 2234 1622 2267 Decreta

118 2280 400 2327 Congregationis
429 2282 691 2317 Reformationis
707 2283 940 2317 Tribunalium
973 2284 1028 2317 die
1045 2297 1081 2330 4.
1094 2284 1222 2328 Aprilis
1244 2294 1344 2329 1731.
1359 2308 1370 2323 ,
1402 2284 1485 2316 itaut
1500 2281 1540 2314 ad
1554 2289 1625 2314 tra-

120 2329 216 2363 mites
242 2331 452 2373 praefatorum
484 2332 708 2367 Decretorum
737 2331 836 2366 etiam
866 2332 896 2366 in
912 2331 1077 2377 praedictis
1092 2332 1214 2367 Causis
1228 2357 1239 2372 ‚
1270 2340 1304 2367 et
1321 2329 1468 2377 negociis
1486 2340 1624 2365 concer‘

120 2377 272 2412 uentibus
304 2381 425 2417 Officia
444 2405 454 2421 ,
483 2390 516 2416 et
533 2380 722 2415 Ministeria
753 2379 1080 2426 privilegiatorum,
1107 2393 1165 2415 seu
1200 2382 1480 2419 Patentatorum‚
1524 2390 1627 2425 quan-

122 2435 191 2462 tum
223 2425 340 2462 attinet
361 2430 400 2464 ad
417 2441 534 2465 eorum
568 2430 743 2469 favorem,
781 2429 1015 2464 renunciatum
1059 2429 1242 2474 privilegio
1276 2431 1431 2465 videatur
1461 2439 1523 2474 per
1547 2438 1627 2463 con-

122 2487 254 2510 sensum
287 2487 395 2513 coram
412 2478 474 2512 alio
507 2479 623 2514 Iudice
651 2477 835 2512 Ordinario
853 2477 990 2518 verbis,
1034 2490 1090 2513 seu
1118 2478 1211 2513 factis
1245 2479 1427 2524 praestitum
1444 2476 1459 2519 ;'
1483 2476 1626 2522 amplius

121 2527 280 2565 adjecto,
308 2536 346 2562 ut
370 2527 528 2573 praedicto
555 2527 739 2574 privilegi0
779 2536 953 2563 censeatur
986 2526 1102 2563 itidem
1138 2528 1372 2564 renunciatum
1401 2538 1462 2573 per
1489 2540 1629 2565 consen-

1106 2576 1117 2611 l
1551 2590 1626 2613 sum
