1993 3195
626 352 664 392 C
697 353 739 393 A
772 354 872 393 P.U
901 353 940 394 T
1010 356 1079 397 111.
1526 379 1610 423 225

133 417 326 457 instructa
345 439 358 458 ‚
392 421 431 453 et
468 406 656 451 facillime
685 421 785 451 tunc
816 411 1032 468 Signatura
1062 415 1244 460 „iustitiae
1279 417 1387 460 alteri
1423 420 1607 467 Causam

133 471 344 515 committit
366 485 380 521 ς
416 484 548 525 quum
568 483 665 510 vero
702 469 833 527 agitur
861 469 909 511 de
928 485 1051 513 causa
1067 503 1080 522 ,
1099 471 1181 525 jam
1212 476 1406 519 instructa
1425 509 1437 527 ‚
1460 480 1605 523 diffici-

129 532 206 572 lius
242 529 394 587 quippe
437 530 654 571 rescribere
675 529 802 578 solet,
834 529 866 571 si
885 529 1044 586 liquido
1077 533 1124 573 de
1137 532 1320 590 ¹legit-imis
1341 539 1605 582 recusationis

130 588 259 632 causis
277 603 361 629 non
399 601 555 632 constet
580 604 593 638 ;
623 601 661 631 et
692 588 841 647 optima
872 589 1039 645 quidem
1069 591 1224 634 ratione
1253 594 1295 637 id
1327 610 1350 637 a
1386 595 1607 653 signatura

131 648 217 691 fieri
251 647 501 689 affirmamus
517 678 530 697 ‚
562 648 661 702 quia
678 680 691 698 ,
718 659 765 689 ut
781 648 936 706 scripsit
953 648 1237 695 Marchesanus
1253 654 1328 712 (ι)
1348 684 1361 702 ,
1396 656 1492 699 alias
1512 672 1607 715 ape-

129 709 276 750 riretur
307 707 372 749 via
395 722 485 749 non
507 708 630 749 modo
648 706 893 757 fraudibus,
938 723 1109 761 verum,
1135 725 1173 754 et
1204 714 1334 757 litium
1368 715 1604 759 immortali-

129 767 198 810 tati
219 782 231 816 ;
268 779 305 809 et
322 778 455 822 quum
481 766 612 813 Judex
648 766 886 810 informatus
902 798 916 817 ,
943 768 1125 813 Causam
1157 775 1349 830 expedire
1367 774 1511 827 vellet,
1529 776 1604 819 uti-

133 841 211 881 que
233 854 245 871 ‚
271 826 331 875 si,
349 839 398 866 eo
419 839 605 882 suspecto
623 826 788 883 allegato
806 857 819 876 ,
836 827 931 869 alter
969 828 1134 872 daretur
1149 860 1163 878 ,
1193 833 1234 873 in
1271 833 1482 876 infinitum
1519 834 1603 877 lites

125 885 482 941 protraherentur.
506 885 692 941 Quando
720 900 816 928 vero
831 901 951 928 causa
969 887 1127 932 dicatur
1159 890 1379 943 instructa,
1414 893 1514 937 dum
1550 893 1599 936 de

127 943 341 1000 Rescriptis
370 946 611 988 avocatoriis
629 945 752 989 verba
772 945 966 988 faciem-us
982 977 996 996 ‚
1029 949 1226 992 adnotare
1246 952 1439 995 duximus
1456 984 1466 995 .

187 1002 280 1045 Alia
297 1003 432 1047 similis
447 1005 676 1062 ¹commissio
694 1018 854 1062 propter
872 1006 1122 1057 absentiam,
1136 1009 1198 1049 vel
1212 1012 1511 1066 promotionem
1522 1025 1596 1057 etc.

497 1078 628 1121 quae,
658 1076 696 1108 et
713 1065 995 1123 subrogatoria
1030 1066 1178 1109 dicitur
1200 1098 1209 1108 ,

784 1128 958 1169 Romana

655 1187 886 1226 Beatissime
914 1187 1032 1228 Pater
1054 1217 1064 1227 .

246 1243 435 1283 Pendente
466 1241 507 1282 in
524 1243 648 1297 gradu
679 1242 962 1299 Appellationis
1001 1245 1131 1286 causa
1163 1258 1297 1288 coram
1335 1250 1380 1291 R.
1405 1250 1449 1291 Ρ.
1470 1251 1599 1293 Fran²

129 1300 246 1344 ciotto
275 1301 374 1341 inter
390 1300 444 1341 Α.
464 1332 476 1349 ,
505 1310 544 1341 et
561 1302 615 1342 D.
631 1301 758 1343 dictus
784 1302 835 1343 R.
855 1303 898 1342 P.
919 1302 1166 1346 Franciottus
1181 1321 1256 1347 non
1281 1307 1336 1348 ita
1356 1308 1430 1350 εἰτὸ
1448 1309 1596 1350 reditu-

130 1374 198 1401 rus
216 1376 240 1400 a
263 1358 380 1400 Curia
396 1374 436 1400 se
452 1360 675 1402 absentavit
695 1392 707 1409 ‚
742 1362 801 1401 vel
810 1363 863 1402 ad
876 1360 1169 1405 cardinalatum
1187 1395 1198 1412 ‚
1232 1367 1293 1406 vel
1315 1368 1371 1406 ad
1387 1367 1598 1424 Episcopa-

128 1428 212 1460 tum
235 1417 319 1471 fuit
346 1433 370 1458 a
388 1420 436 1458 S.
456 1419 504 1460 V.
518 1430 747 1473 promotum
785 1431 822 1460 et
837 1420 926 1475 quia
958 1421 1060 1464 dicto
1093 1422 1255 1465 Oratori
1288 1426 1403 1466 valde³
1439 1426 1596 1468 interest

126 1477 302 1524 Iudicem
330 1477 466 1518 habere
486 1505 498 1523 ,
533 1490 663 1518 coram
682 1492 759 1532 quo
775 1479 886 1518 citius
905 1480 1034 1533 possit
1058 1483 1113 1520 acl
1139 1496 1233 1521 suae
1270 1483 1414 1524 Causae
1431 1484 1600 1540 expedi-

129 1537 269 1579 tionem
297 1536 473 1578 devenire
494 1551 507 1585 ;
538 1534 625 1578 ideo
642 1535 838 1578 humiliter
852 1537 1042 1592 supplicat
1059 1539 1092 1579 S
1095 1569 1102 1577 .
1128 1540 1176 1582 V.
1192 1572 1206 1590 ‚
1232 1551 1423 1597 quatenus
1434 1543 1597 1600 praevia

131 1610 372 1654 quacumque
398 1594 626 1638 avocatione
657 1596 809 1638 Causae
836 1626 848 1643 ‚
878 1606 917 1637 et
947 1596 1160 1640 Causarum
1188 1600 1432 1658 hujusmodi,
1463 1614 1601 1659 quate·

131 1672 205 1697 nus
235 1670 330 1712 opus
366 1654 416 1697 sit
435 1685 447 1704 ,
470 1655 510 1696 in
537 1656 663 1698 Iocum
694 1655 790 1697 dicti
824 1658 871 1699 R.
892 1656 936 1696 P.
955 1656 1180 1701 Franciotti
1207 1660 1375 1702 absentis
1410 1662 1523 1713 (sive
1545 1662 1599 1701 ad

132 1714 423 1757 cardinalatum
443 1745 456 1762 ,
490 1716 551 1756 vel
570 1717 625 1756 acl
640 1715 917 1772 Episcopatum
929 1719 1131 1772 promoti)
1148 1718 1270 1761 alium
1297 1720 1496 1761 Romanae
1515 1719 1546 1759 C
1546 1735 1598 1760 u-

130 1774 209 1816 riae
240 1773 461 1817 Praelatum
486 1773 542 1816 illi
566 1775 660 1816 bene
674 1775 796 1818 visum
818 1806 830 1824 ,
864 1776 925 1817 vel
940 1777 989 1817 de
1003 1792 1191 1821 consensu
1208 1779 1383 1835 partium
1403 1778 1443 1820 in
1461 1789 1563 1820 statu
1582 1807 1598 1828 .

133 1846 170 1875 et
195 1831 368 1873 terminis
384 1863 397 1880 ,
412 1833 454 1873 in
470 1833 608 1887 quibus
626 1834 756 1875 Causa
776 1835 965 1891 reperitur
982 1865 995 1882 ,
1028 1838 1210 1891 acjuxta
1224 1836 1397 1888 formam
1425 1837 1598 1879 aliarum

131 1887 443 1935 commissionum
463 1890 502 1930 in
520 1890 619 1931 actis
631 1902 967 1946 praesentaturum
983 1896 1192 1952 subrogare
1208 1895 1415 1954 dignetur,
1433 1895 1598 1952 cumfa-

133 1951 278 1992 culzate
311 1947 457 1991 citandi
471 1982 484 2000 ,
516 1963 553 1990 et
569 1948 765 1991 inhibendi
778 1963 849 1992 etc.

133 2009 197 2050 De
218 2006 587 2051 Commissionibus
608 2023 728 2065 super
762 2011 984 2054 moratoriis
1011 2013 1302 2065 dilationibus,
1326 2013 1596 2065 alternativis„

612 2077 651 2108 et
668 2068 844 2111 cessione
874 2071 1079 2115 bonorum
1097 2102 1107 2113 .

494 2124 736 2168 commissio
755 2128 962 2173 Cessionis
990 2131 1199 2176 Bonorum
1214 2161 1228 2176 .

746 2185 940 2244 Nepesina
962 2218 974 2230 .

667 2245 892 2288 Beatissime
909 2247 1023 2290 Pater
1035 2260 1056 2290 c
1257 2296 1258 2299 ,

257 2307 313 2349 Ν.
331 2306 388 2349 N.
402 2303 627 2349 Sanctitatis
646 2305 825 2355 Vestrae,
837 2306 980 2349 Orator
994 2309 1041 2350 ob
1056 2306 1203 2352 diversa
1217 2306 1436 2364 infortunia
1453 2309 1596 2366 absque

137 2364 296 2423 propria
310 2367 427 2425 culpa
451 2396 464 2415 ‚
481 2376 519 2408 et
537 2366 585 2408 ob
604 2363 906 2422 quamplurimas
922 2365 1198 2467 fidejussssn‘es
1224 2369 1352 2424 factas
1367 2401 1381 2420 ,
1399 2379 1438 2412 et
1454 2370 1596 2467 solujas

1481 2440 1522 2468 re
1549 2440 1598 2467 a-

149 2495 1600 2514 -—————————-——q—-—-—-==

192 2553 246 2594 (1)
269 2558 315 2589 De
334 2556 490 2589 Commiss-
505 2557 544 2590 de
561 2555 720 2600 adjtcnctis
736 2553 850 2589 dandis
883 2563 951 2600 rap.
976 2565 1006 2588 ι.
1023 2567 1055 2589 n.
1071 2565 1124 2588 12.
