1993 3195
561 322 592 356 Α
632 322 659 356 Ρ
698 322 724 356 P
761 323 785 358 E
824 323 858 359 N
895 323 931 358 D
968 325 983 359 Ι
1025 324 1055 361 Χ
1552 333 1568 359 ι
1603 333 1618 359 t

129 369 210 417 poni
239 369 333 404 nobis
353 368 505 404 fecerunt
523 368 650 405 Dilecti
672 369 748 404 Filii
775 372 926 407 moderni
943 371 1113 409 Consules
1132 372 1271 408 nomine
1297 373 1395 407 etiam
1414 333 1622 407 Universiia-

128 421 171 455 tis
196 419 421 453 Mercator-um
440 417 598 452 Civitatis
627 418 792 461 praedictae
806 443 816 458 ,
849 421 939 464 quod
958 421 1019 465 ipsi
1038 445 1048 460 ,
1078 430 1117 456 ut
1134 422 1365 467 praerogativae
1381 446 1390 461 ‚
1418 421 1592 455 facultates
1609 444 1621 461 ‚

126 464 377 509 jurisdictiones
392 489 403 505 ,
423 476 459 500 ac
474 465 652 511 privilegia
680 465 797 500 iisdem
815 467 1023 501 Consulibus
1038 480 1099 512 pro
1115 477 1270 513 tempore
1288 469 1512 504 existentibus
1530 482 1546 503 a
1561 481 1624 503 me·

128 514 268 552 moratis
295 513 459 548 Romanis
478 513 700 549 Pontificibus
727 514 1033 551 Praedecessoribus
1055 518 1179 551 nostris
1204 529 1360 552 concessa
1376 541 1386 557 ,
1419 527 1451 551 et
1480 516 1623 563 elargita

101 592 103 595 .
128 565 160 600 in
179 561 348 609 publicam
376 562 654 598 commoditatem
673 586 685 602 ,
712 574 749 597 ac
762 563 910 609 quietern
927 587 937 603 ‚
962 572 1062 609 atque
1078 565 1109 599 in
1139 566 1247 605 majus
1275 566 1487 601 Commercii
1518 565 1622 599 incre-

126 620 275 650 mentum
292 612 502 652 subsistant,
532 621 566 647 et
586 620 762 648 serventur
785 612 933 648 exactius
948 635 959 653 ‚
992 625 1057 648 non
1075 614 1181 649 solum
1213 625 1274 659 per
1291 626 1350 649 nos
1371 627 1507 660 quoque
1537 625 1623 648 con·

126 661 277 702 firmari,
305 670 340 695 et
367 659 566 706 approbari,
597 672 633 695 ac
658 669 821 706 quatenus
844 672 929 705 opus
945 661 1011 702 sit,
1038 661 1151 697 denuo
1179 663 1417 704 concedi,sed
1445 663 1544 697 etiam
1567 662 1623 696 illa

127 719 244 747 contra
270 721 504 755 quoscumque
524 708 762 756 privilegiatos
788 709 937 750 cuiusvis
968 711 1160 746 Tribunalis
1185 712 1217 746 in
1235 711 1343 746 causis
1370 714 1623 749 Mercaturam.

124 758 352 804 Naufragium
369 783 380 798 ,
407 769 444 792 ac
473 759 693 793 decoctorum
725 759 951 794 Mercatorum
981 760 1067 794 bona
1084 783 1095 799 ,
1120 768 1152 795 et
1180 770 1338 805 personas
1363 759 1621 805 respicientibus

125 806 286 846 extendi,
317 805 512 851 etampliari
535 805 720 852 plurimum
754 807 969 842 desiderant:
999 808 1110 842 Nobis
1129 818 1309 852 propterea
1339 808 1514 843 humiliter
1542 818 1622 848 sup-

126 855 243 903 plicari
276 856 428 890 fecerunt
443 879 454 895 ,
479 864 517 890 ut
534 855 595 889 sibi
614 855 646 889 in
668 855 848 901 praemissis
863 863 1053 900 opportune
1069 856 1248 899 providere
1263 879 1274 894 ,
1311 867 1345 890 et
1359 867 1395 891 ut
1411 857 1494 890 infra
1510 854 1622 890 indul·

125 915 206 951 gere
233 904 275 938 de
291 904 497 949 benignitate
513 903 697 948 apostolica
722 904 939 952 dignaremur
953 928 963 937 .
988 904 1059 938 Nos
1076 903 1182 950 igitur
1201 905 1289 948 ipsos
1315 912 1519 948 exponentes
1545 913 1620 948 spe-

124 952 266 988 cialibus
298 952 495 992 favoribus,
526 961 560 986 et
578 952 692 998 gratiis
726 951 884 998 prosequi
911 953 1091 992 volentes,
1122 951 1476 997 eorumq.singulares
1504 961 1621 995 perso-

123 1013 182 1037 nas
197 1025 206 1040 ,
221 1012 239 1034 a
253 1000 428 1046 quibusvis
443 999 801 1036 excommunicationis
818 1024 829 1041 ,
854 1000 1097 1049 suspensionis,
1109 1010 1145 1036 et
1172 1000 1340 1035 interdicti
1355 1024 1366 1039 ‚
1393 999 1534 1044 aliisque
1563 1009 1621 1034 ec-

125 1049 322 1086 clesiasticis
351 1049 523 1084 sententiis
536 1073 548 1089 ,
572 1049 721 1084 censuris
737 1072 748 1089 ,
779 1057 813 1083 et
831 1050 937 1094 poenis
953 1062 971 1084 a
984 1051 1082 1090 iure,
1109 1048 1163 1083 vel
1179 1051 1219 1084 ab
1238 1049 1375 1084 homine
1388 1048 1507 1094 quavis
1523 1058 1623 1082 occa-

123 1098 243 1140 sione,
272 1098 327 1134 vel
344 1110 442 1133 causa
465 1097 565 1139 latis,
599 1097 765 1144 siquibus
793 1097 1053 1143 quomodolibet
1082 1098 1243 1132 innodatae
1266 1098 1414 1133 existunt
1432 1121 1442 1136 ,
1470 1096 1510 1130 ad
1539 1096 1620 1131 effe·
1653 1102 1657 1106 '

124 1156 219 1183 ctum
261 1147 474 1192 praesentium
505 1147 680 1182 dumtaxat
706 1147 980 1192 consequendum
1007 1169 1019 1186 ‚
1046 1147 1161 1182 harum
1191 1146 1275 1180 serie
1302 1144 1510 1181 absolventes
1540 1168 1551 1185 ,
1584 1150 1621 1178 et

123 1195 294 1231 absolutas
315 1195 387 1230 fore
412 1205 583 1230 censentes
598 1220 608 1236 ‚
639 1196 832 1236 hujusmodi
851 1195 1155 1240 supplicationibus
1187 1194 1333 1229 inclinati
1351 1217 1362 1234 ‚
1388 1195 1499 1229 audita
1513 1202 1616 1235 super
1641 1193 1647 1199 '

123 1243 304 1290 praemissis
329 1243 493 1279 relatione
505 1268 516 1283 ,
543 1253 576 1279 et
593 1252 675 1280 voto
705 1243 833 1279 Dilecti
848 1243 922 1278 Filii
939 1244 1044 1278 nostri
1060 1243 1197 1284 Joannis
1216 1243 1357 1278 Octavii
1374 1243 1406 1277 S.
1424 1243 1465 1277 R.
1479 1242 1517 1276 E.
1533 1241 1620 1275 Cat-

124 1292 244 1328 dinalis
259 1292 407 1327 Bufalini
425 1301 608 1338 nuncupat.
622 1292 846 1328 Ecclesiarum
864 1291 1086 1332 Anconitan„
1100 1300 1132 1326 et
1149 1292 1297 1327 Human.
1314 1303 1356 1327 ex
1370 1289 1592 1326 concessione
1605 1311 1618 1328 ι

111 1346 158 1375 'et
184 1341 431 1386 dispensatione
456 1341 641 1387 apostolica
656 1341 807 1377 Praesulis
833 1366 845 1383 ,
873 1340 987 1376 omnia
1012 1365 1023 1380 ,
1049 1348 1085 1375 et
1107 1340 1238 1386 singula
1265 1340 1446 1386 privilegia
1477 1340 1617 1374 Consu-

122 1389 210 1424 latus
237 1390 387 1429 ejusdem
415 1390 578 1426 Civitatis
603 1391 753 1426 Aneonae
771 1401 874 1434 super
888 1388 1057 1434 privativa
1071 1389 1265 1435 cognitione
1279 1401 1455 1425 causarum
1473 1388 1507 1423 di
1523 1390 1620 1421 Mer-

123 1445 240 1472 catura
255 1460 268 1477 ‚
287 1438 321 1471 di
333 1438 510 1484 'Naufragj
525 1463 536 1479 ,
554 1450 572 1473 e
588 1439 623 1473 di
637 1439 824 1473 Fallimenti
837 1438 944 1484 vulgo
970 1446 1240 1483 nuncupatarum
1274 1451 1291 1473 a
1317 1436 1508 1474 memoratis
1528 1435 1618 1469 Prx-

122 1485 357 1520 decessoribus
374 1487 496 1521 nostris
515 1487 675 1522 Romanis
688 1486 910 1522 Pontificibus
929 1498 1084 1521 concessa
1097 1509 1108 1526 ,
1134 1486 1262 1521 indulta
1275 1509 1287 1526 ,
1313 1499 1351 1521 ac
1367 1486 1506 1530 elargita
1521 1509 1532 1523 ,
1558 1492 1617 1516 au-

123 1532 282 1569 ctoritate
315 1541 430 1567 nostra
463 1535 646 1577 apostolica
669 1545 787 1570 tenore
803 1535 1014 1576 praesentium
1043 1535 1284 1573 cofirmamus,
1316 1542 1349 1567 et
1368 1534 1612 1578 approbamus,

125 1580 245 1625 eisque
274 1589 472 1622 perpetuae,
501 1592 540 1614 ac
556 1580 758 1616 inviolabilis
783 1580 950 1617 firmitatis
983 1581 1089 1615 robur
1115 1581 1316 1621 adijcimus3
1345 1591 1446 1624 atque
1472 1581 1612 1623 insuper

127 1626 306 1675 privilegia
346 1626 539 1665 huiusmodi
570 1628 762 1670 ampliando
791 1629 949 1664 volumus
975 1650 987 1666 ,
1015 1635 1048 1660 et
1078 1629 1296 1668 mandamus,
1330 1635 1371 1661 ut
1403 1625 1614 1661 Consulatus

124 1679 276 1713 Anconae
293 1675 326 1709 in
349 1675 455 1709 causis
473 1672 619 1718 praefatis
640 1687 698 1709 sua
711 1675 882 1720 privativa
896 1674 1131 1714 iurisdictione
1156 1683 1272 1711 utatur
1300 1685 1415 1710 eontra
1433 1685 1613 1720 quoscum-

126 1737 193 1772 que
215 1723 339 1770 quovis
360 1722 545 1770 privilegio
570 1722 725 1758 suffultos
739 1747 750 1763 ,
777 1734 815 1758 ac
831 1722 963 1758 etiamsi
979 1732 1096 1768 agatur
1110 1724 1151 1758 de
1166 1724 1205 1758 iis
1222 1748 1233 1764 ,
1263 1724 1321 1769 qui
1337 1723 1484 1764 *Litteras
1503 1733 1619 1767 paten-

125 1783 176 1810 tes
203 1773 404 1813 obtineant,
437 1773 565 1818 quique
594 1771 761 1807 Patentati
789 1771 895 1817 vulgo
921 1781 1155 1816 nuncupantur
1179 1772 1411 1818 Inquisitionis
1448 1772 1612 1807 adversus

126 1822 319 1860 haereticam
347 1820 549 1867 pravitatem
568 1845 578 1862 ,
609 1832 666 1856 seu
682 1820 818 1855 alterius
833 1821 1080 1865 cuiuscumque
1107 1820 1300 1856 Tribunalis
1320 1845 1331 1862 ‚
1364 1833 1402 1856 ac
1435 1821 1478 1856 de
1506 1820 1618 1855 omni-

126 1873 189 1908 bus
215 1871 289 1907 aliis
306 1869 441 1916 speciali
468 1871 641 1905 mentione
671 1869 802 1915 dignis,
834 1881 918 1915 quos
945 1869 976 1903 in
1008 1869 1227 1913 praesentibus
1258 1881 1320 1915 pro
1350 1869 1548 1914 expressis,
1576 1878 1618 1903 ac

127 1919 327 1966 specificatis
355 1919 471 1954 haberi
486 1919 644 1955 volumus
661 1943 671 1961 ,
688 1927 720 1954 et
741 1920 935 1954 mandamus
950 1941 961 1958 ,
977 1918 1196 1955 decernentes
1210 1942 1220 1961 ,
1241 1919 1328 1965 ipsas
1345 1927 1526 1965 praesentes
1544 1916 1621 1954 Lit-

129 1977 217 2006 teras
244 1980 379 2014 semper
393 1969 502 2004 firmas
518 1993 528 2009 ‚
554 1977 622 2003 etc.

225 2018 304 2054 Non
318 2018 532 2053 obstantibus
564 2016 879 2053 Constitutionibus
911 2023 980 2052 ete.

226 2068 355 2102 Datum
385 2067 504 2103 Romae
530 2068 621 2113 apud
650 2068 805 2102 Sanctum
824 2068 960 2103 Petrum
977 2065 1039 2100 sub
1063 2065 1179 2102 Annio
1202 2065 1385 2102 Piscatoris
1407 2064 1463 2100 die
1479 2071 1511 2109 5.
1525 2063 1616 2099 Mar-

131 2114 170 2151 tii
186 2115 480 2160 M.n.cc.1.xxvn‚
498 2116 717 2155 Pontificatus
741 2117 847 2153 nostri
893 2118 995 2152 Anno
1016 2114 1135 2150 Tertio
1153 2140 1163 2150 .

916 2167 950 2208 J.
977 2163 1128 2201 CARD.
1155 2164 1217 2201 DE
1243 2162 1518 2202 COMITIBUS.

1058 2607 1083 2644 y
1112 2607 1130 2631 2
1530 2590 1563 2626 N
1569 2586 1624 2626 [L.
