1952 3167
370 354 417 386 90
734 341 797 375 DE
823 341 934 382 JURE
965 341 1245 378 SIGNATURAE
1271 344 1483 385 JUSTITIAE

466 389 552 425 Item
586 400 603 422 a
622 389 836 424 translatione
867 388 1113 426 Beneficiorum
1142 391 1348 436 simplicium
1375 417 1385 432 ,
1415 394 1514 427 etiam
1538 392 1852 438 jurispatronatus,

369 451 411 474 ex
433 436 587 473 Ecclesiis
608 462 618 478 ,
647 450 721 484 quae
738 449 929 479 vetustate,
954 439 1005 474 vel
1030 439 1107 474 alias
1136 441 1291 485 collapsae
1320 442 1407 480 sint,
1435 451 1466 476 et
1492 443 1536 475 ob
1568 452 1682 477 eorum
1705 443 1851 487 inopiam

369 497 534 532 nequeant
554 487 749 527 instaurari,
779 489 910 523 vocatis
939 487 977 523 iis
1008 513 1018 528 ‚
1050 500 1195 533 quornm
1225 491 1386 528 interest,
1418 490 1448 522 in
1476 489 1656 529 Matriees,
1685 502 1740 526 aut
1774 492 1850 527 alias

366 535 532 571 Ecclesias
565 548 640 571 cum
659 536 818 571 omnibus
847 537 1082 571 emolumentis
1100 560 1110 575 ‚
1140 547 1172 570 et
1199 537 1357 570 oneribus
1373 550 1382 568 ε
1411 537 1516 570 l'rout
1539 539 1638 572 etiam
1660 551 1677 572 a
1693 540 1848 575 Decretis

367 586 565 630 cogentibus
598 586 790 624 Patronos,
819 585 1005 624 Rectores‚
1036 585 1253 619 Bene-ficiatos
1279 608 1289 623 ‚
1318 593 1373 618 aut
1403 583 1654 624 parochianos,
1686 588 1756 622 sive
1786 590 1850 623 Po-

365 635 484 679 pulum
513 635 551 668 ad
583 633 824 671 refectionem,
856 642 888 666 et
918 632 1192 667 instaurationem
1222 632 1445 667 Ecclesiarum
1477 633 1754 676 Parochialium,
1787 648 1850 671 ser-

366 691 441 718 vata
471 683 578 717 forma
594 682 683 716 Sacri
700 679 848 717 Concilii
866 683 896 714 d.
913 691 987 716 sess.
1000 692 1056 715 αι.
1079 688 1193 728 cap.7.

463 731 547 766 Item
576 744 594 765 a
620 730 767 765 censuris
785 753 797 770 ,
819 729 1107 774 sequestratione,
1148 739 1181 765 et
1207 730 1441 765 subtractione
1465 731 1638 767 fructuum
1654 756 1664 772 ,
1693 742 1747 768 aut
1777 731 1848 767 aliis

364 778 633 825 quibuscumque
651 779 902 824 provisionibus
917 803 927 818 ‚
955 789 1016 825 pro
1044 779 1204 825 cogendis
1224 781 1263 813 ad
1297 778 1509 815 residentiam
1529 781 1691 816 Parochis
1710 805 1720 821 ,
1756 791 1849 816 caete-

360 827 474 873 risque
493 830 650 864 omnibus
666 851 676 867 ,
698 828 818 873 quibus
839 827 931 862 Cura
950 829 1147 863 Animarum
1164 827 1353 868 incumbit,
1374 828 1470 868 juxta
1488 829 1676 866 Decretum
1694 830 1845 870 ejusdem

363 876 454 912 Sacri
471 875 618 911 Concilii
639 887 777 921 sess-23.
793 877 830 910 de
851 875 994 918 Reform.
1013 885 1083 924 cap.
1099 889 1127 911 1.

460 927 544 961 ltem
574 938 590 960 a
617 926 863 970 denegatione,
895 927 1110 960 revocatione
1132 949 1143 964 ,
1170 926 1385 969 suspensione
1412 950 1423 966 ,
1454 926 1507 961 vel
1536 926 1777 967 restrictione,
1813 936 1848 962 et

360 972 564 1008 limitatione
582 973 748 1008 facultatis
776 973 933 1007 audiendi
965 973 1200 1009 Confessiones
1218 984 1375 1019 respectu
1403 987 1518 1022 eorfftm
1537 1000 1546 1014 ‚
1573 976 1630 1021 qui
1649 975 1844 1011 parochiale

356 1021 569 1058 Beneficium
593 1033 656 1055 non
673 1020 848 1061 obtinent,
878 1022 977 1056 etiam
996 1022 1021 1056 si
1039 1022 1166 1057 fuerint
1183 1023 1363 1068 Regulares
1391 1022 1675 1069 pro'excipiendis
1694 1024 1839 1059 Confes-

355 1069 507 1105 sionibus
537 1070 768 1108 Secularium,
794 1070 887 1108 juxta
913 1071 1162 1106 ordinationem
1181 1072 1270 1107 Sacri
1301 1072 1450 1107 Concilii
1473 1085 1548 1108 sess.
1588 1084 1644 1117 23.
1673 1081 1747 1120 cap.
1765 1083 1820 1114 15.
1837 1091 1848 1108 2

356 1128 389 1153 et
411 1120 701 1156 Praedecessorum
715 1119 923 1154 Nostrorum
947 1119 1218 1156 Constitutiones
1232 1145 1241 1161 ,
1262 1133 1298 1156 ac
1314 1121 1481 1167 praecipue
1498 1121 1587 1157 illam
1604 1121 1659 1157 fel.
1675 1133 1744 1156 rec.
1765 1121 1850 1157 Cle-

359 1169 479 1202 mentis
496 1169 536 1205 X.
555 1192 565 1208 ,
593 1179 664 1214 quae
693 1168 813 1212 incipit
843 1172 986 1215 superna
1003 1194 1013 1203 .

455 1217 539 1252 Item
570 1217 600 1252 in
622 1216 684 1252 illis
701 1216 932 1256 Civitatibus,
963 1226 1020 1252 aut
1040 1218 1137 1253 Locis
1154 1217 1210 1252 ubi
1240 1217 1293 1252 vel
1314 1218 1702 1256 parochiales-Ecclesiae
1731 1228 1842 1256 certos

344 1277 423 1300 ·non
441 1266 562 1310 habent
588 1267 694 1306 fines,
723 1277 782 1300 nec
813 1277 926 1301 earum
956 1267 1119 1302 Rectores
1147 1266 1323 1312 proprium
1357 1268 1524 1314 Populum
1544 1292 1554 1308 ‚
1579 1281 1679 1314 quem
1708 1279 1842 1315 regant,

353 1315 411 1349 sed
447 1315 643 1359 promiscue
671 1315 862 1360 petentibus
891 1316 1102 1350 Sacramenta
1127 1316 1360 1351 administrant
1390 1340 1400 1355 ‚
1431 1319 1485 1352 vel
1514 1317 1612 1352 etiam
1641 1317 1741 1352 nullae
1766 1326 1844 1352 sunt

353 1363 587 1405 parochiales,
615 1363 837 1404 adivisione‚
867 1376 925 1399 seu
955 1363 1172 1398 distinctione
1203 1364 1440 1400 parochiarum
1461 1390 1471 1406 ,
1499 1378 1681 1409 earumque
1709 1366 1847 1401 ordina-.

354 1412 469 1453 tione,
500 1414 572 1448 sive
607 1414 821 1448 institutione
844 1412 874 1447 in
891 1412 1023 1448 titulum
1040 1422 1265 1459 perpetuum,
1292 1416 1383 1454 iuxta
1412 1415 1597 1451 Decretum
1627 1415 1718 1450 Sacri
1749 1416 1843 1449 Con·

352 1460 425 1497 cilii
444 1473 521 1496 sess.
538 1474 596 1508 24.
610 1464 648 1497 de
664 1463 805 1505 Reform.
825 1470 896 1509 cap.
917 1473 972 1506 13..

453 1510 539 1545 Item
565 1522 584 1544 a
601 1509 818 1555 deputatione
837 1511 990 1548 Vicarii,
1017 1511 1070 1546 vel
1092 1511 1273 1545 OEconomi
1305 1524 1382 1546 cum
1410 1511 1635 1557 assignatione
1664 1512 1836 1556 Congruae

353 1569 420 1603 pro
448 1566 624 1603 tempore,
669 1568 736 1603 qao
763 1567 858 1592 vacat
883 1557 1027 1592 Ecclesia
1059 1558 1261 1594 parochialis
1287 1573 1295 1593 ι
1324 1561 1431 1594 Prout
1456 1561 1554 1594 etiam
1585 1561 1624 1594 ab
1651 1559 1838 1593 indictione

351 1607 576 1645 Concursus,
607 1607 768 1640 relatione
783 1606 1080 1646 Examiratornm,
1113 1619 1173 1642 nec
1199 1619 1264 1641 non
1291 1608 1524 1652 praeelectione
1541 1632 1552 1647 ‚
1581 1617 1614 1642 et
1644 1607 1840 1651 provisione

348 1655 511 1700 Episcopi
542 1655 573 1690 in
591 1655 712 1690 eodem
731 1655 910 1690 Concursu
927 1655 1026 1694 juxta
1043 1655 1271 1691 definitionem
1291 1657 1383 1691 Sacri
1400 1656 1551 1692 Concilii
1567 1656 1682 1692 eadem
1697 1668 1837 1703 sess.24.

350 1705 389 1739 de
402 1704 546 1747 Reform.
564 1709 639 1751 Cap.
663 1704 718 1739 13·

447 1753 533 1788 Item
563 1766 579 1789 a
596 1752 764 1789 Mandatis
779 1777 789 1792 ,
814 1764 872 1788 seu
889 1752 1042 1788 Decretis
1070 1753 1294 1790 inhibentibus
1325 1754 1597 1799 praetlicationem
1618 1779 1627 1794 ‚
1658 1753 1711 1789 vel
1731 1753 1838 1798 publi.

350 1813 406 1836 cas
424 1801 587 1838 lectiones
605 1826 615 1842 ‚
631 1811 690 1837 aut
705 1802 941 1837 coercentibus
956 1826 966 1840 ‚
991 1802 1044 1838 vel
1061 1804 1277 1849 punientibus
1292 1815 1526 1849 quoscumque
1541 1805 1640 1840 etiam
1658 1812 1835 1848 exemptos

346 1859 417 1886 tam
455 1852 627 1887 Seculares
644 1876 654 1892 ,
690 1864 790 1898 quam
826 1851 1011 1897 Regulares
1031 1877 1041 1893 ,
1071 1852 1128 1897 qui
1148 1853 1186 1894 in,
1198 1852 1312 1888 alienis
1340 1852 1494 1888 Ecclesiis
1515 1866 1588 1900 quae
1615 1864 1751 1887 suorum
1773 1852 1840 1886 Or-

345 1899 464 1935 dinum
498 1913 563 1936 non
577 1909 653 1936 sunt
677 1902 802 1946 absque
823 1901 984 1946 Episcopi
1012 1900 1171 1941 licentia,
1198 1902 1282 1937 etin
1301 1901 1457 1938 Ecclesiis
1485 1904 1575 1944 suis,
1607 1911 1666 1937 aut
1692 1912 1832 1936 suorum

345 1949 516 1984 Ordinum
534 1962 599 1985 non
614 1950 720 1996 petita
734 1949 821 1985 ill-ius
838 1950 1074 1985 benedictione
1087 1975 1099 1992 ,
1114 1960 1170 1986 aut
1186 1951 1259 1996 ipso
1274 1952 1530 1988 contradicente
1550 1951 1731 1996 praedicare
1749 1947 1834 1996 prat·

344 1999 546 2044 sumpserint
575 2001 674 2042 juxta
687 2000 873 2034 Decretum
894 2000 987 2035 Sacri
1004 1999 1153 2035 Concilii
1171 2012 1247 2035 sess.
1267 2011 1296 2040 5.
1315 2003 1352 2035 de
1366 2000 1509 2043 Reform.
1529 2010 1638 2049 capa.
1655 2025 1665 2041 ‚
1696 2003 1740 2037 &¹
1753 2009 1830 2043 sess-

341 2056 399 2091 24.
430 2049 586 2082 similiter
617 2050 654 2083 de
669 2047 814 2091 Reform.
830 2056 940 2096 cap-4.
955 2073 965 2088 ,
993 2058 1027 2084 et
1054 2049 1345 2084 Constitutionem
1367 2049 1428 2094 piae
1445 2062 1544 2086 mem.
1559 2049 1720 2094 Gregorii
1737 2046 1826 2083 XV„

341 2106 416 2139 quae
446 2095 567 2142 incipit
600 2097 812 2134 Inscrutabin·
837 2100 866 2142 §.
890 2097 948 2139 fin.
976 2099 1048 2134 Una
1073 2110 1151 2134 cum
1182 2097 1462 2134 declarationibus
1493 2097 1658 2135 contentis
1690 2097 1721 2130 in
1734 2094 1828 2127 Con-

339 2143 415 2178 stit.
433 2145 624 2181 Clementis
653 2147 720 2182 ΡΙ).
736 2147 780 2182 X.
807 2159 879 2193 quae
898 2147 1021 2192 incipitv
1045 2152 1190 2194 superna
1206 2172 1218 2182 .

440 2194 481 2226 Et
500 2195 707 2238 generaliter
734 2195 765 2229 in
784 2195 942 2229 omnibus
972 2195 1011 2228 iis
1027 2217 1036 2232 ,
1057 2206 1130 2238 quae
1145 2194 1366 2237 pertinentad
1380 2193 1510 2227 Curam
1541 2194 1766 2228 Animarum,
1794 2197 1826 2223 et

339 2247 466 2274 rectam
485 2241 776 2276 Sacramentorum
815 2241 1140 2275 administrationem
1172 2243 1329 2275 adversus
1364 2240 1614 2280 visitationem,
1642 2238 1830 2274 correctio-

338 2299 417 2322 nem
436 2310 446 2328 ,
476 2289 718 2324 coercitionem
736 2313 746 2329 ,
773 2298 808 2324 et
823 2300 1052 2334 quascumque
1079 2288 1157 2324 alias
1178 2289 1385 2333 provisiones
1416 2290 1571 2334 Episcopi
1597 2287 1788 2323 Dioecesani
1810 2310 1822 2327 ‚

338 2336 438 2371 etiarn
475 2339 587 2382 quoad
605 2347 803 2382 exemptos,
824 2337 896 2372 sive
919 2337 1092 2372 Seculares
1108 2362 1117 2377 ,
1145 2338 1216 2371 sive
1237 2336 1421 2382 Regulares
1438 2340 1534 2379 iuxta
1548 2337 1716 2374 laudatam
1735 2337 1830 2371 Con-

338 2384 558 2422 stitutionem
586 2386 746 2432 Gregorii
762 2386 862 2425 XV„
890 2395 963 2432 quae
982 2385 1097 2430 incipit
1125 2386 1341 2421 Inscrutabili
1361 2411 1372 2421 .

440 2434 524 2469 Item
545 2436 704 2471 adversus
743 2446 971 2480 quascumque
999 2434 1214 2470 Provisiones
1231 2458 1242 2474 ,
1271 2444 1306 2471 et
1334 2436 1474 2470 Decreta
1501 2448 1564 2481 pro
1593 2434 1823 2470 conservanda

336 2491 392 2516 aut
408 2483 612 2519 restituenda
631 2484 784 2519 clausura
811 2483 1145 2519 Sancti-Monialium
1163 2509 1173 2524 ,
1209 2494 1264 2519 aut
1289 2497 1349 2528 pro
1365 2485 1571 2520 correctione
1589 2509 1598 2524 ‚
1637 2496 1696 2518 seu
1725 2481 1824 2526 puni-

334 2532 424 2566 tione
453 2544 570 2567 corum
590 2558 600 2574 ‚
641 2532 697 2578 qui
712 2534 800 2568 circa
818 2534 980 2567 Personas
1002 2532 1087 2567 intra
1102 2533 1306 2568 Monasteria
1323 2534 1480 2578 degentes
1495 2558 1505 2573 ‚
1535 2541 1592 2569 au‘t
1619 2533 1708 2568 circa
1723 2531 1824 2566 Clau-

333 2590 444 2617 suram
459 2605 469 2621 ‚
491 2581 541 2615 vel
559 2583 645 2618 circa
660 2582 832 2618 Bonorum
850 2581 1173 2618 administrationem
1194 2581 1420 2629 deliquerint.
1438 2582 1544 2620 Prout
1565 2584 1666 2618 etiam
1693 2582 1733 2616 ab
1750 2589 1823 2632 exa-

1763 2636 1825 2662 mt-
