1993 3195
608 290 639 323 Α
680 290 707 322 Ρ
751 290 776 322 Ρ
818 289 843 322 Ε
882 290 915 324 N
958 289 996 322 D
1034 290 1054 324 1
1092 288 1125 325 X
1560 299 1609 338 43

117 347 157 373 ac
187 335 323 370 illorum
339 345 549 371 successores
563 359 575 376 ,
601 344 694 370 uteo
721 336 862 369 alacrius
878 358 888 374 ‚
910 336 1009 370 fidem
1024 359 1034 374 ,
1066 347 1204 381 operam
1220 360 1231 377 ,
1258 343 1292 371 et
1309 335 1505 372 industriam
1520 362 1530 376 ‚
1561 349 1610 375 at.

118 396 183 430 que
214 382 427 419 sedulitatem
447 384 477 419 in
496 384 646 424 eiusdem
679 383 773 418 Sedis
797 383 998 428 obsequium
1015 385 1172 418 adhibere
1192 386 1350 420 studeant
1366 408 1376 425 ‚
1396 385 1551 430 specialis
1566 387 1609 424 ‘fa-

115 444 197 468 vore
225 432 338 477 gratiae
372 433 530 479 prosequi
557 433 712 469 volentes
739 457 750 473 ,
792 441 826 467 et
850 432 998 478 ipsorum
1039 432 1280 468 modernorum
1324 434 1509 478 singulares
1539 436 1611 475 Vo-¹

117 482 260 516 tantium
291 494 449 527 personas
467 507 477 523 ‚
503 495 536 518 'a
570 481 746 528 quibusvis
779 479 1166 523 excommunicationis,
1205 482 1433 527 suspensionis
1453 507 1463 522 ‚
1497 491 1532 518 ct
1560 484 1610 518 in-

117 529 253 565 terdicti
270 555 280 571 ,
308 530 447 577 aliisque
463 530 707 567 Ecclesiasticis
725 529 898 565 sententiis
912 553 923 570 ‚
954 530 1103 566 censuris
1124 553 1135 570 ‚
1165 539 1203 567 et
1218 531 1324 577 poenis
1340 544 1357 566 a
1374 532 1457 572 jure
1469 555 1479 570 ‚
1496 532 1553 566 vel
1568 533 1610 567 ab

117 579 255 614 homine
270 604 280 619 ,
296 581 414 626 quavis
430 580 607 615 occasione
624 605 634 621 ‚
662 579 716 615 vel
735 592 833 614 causa
851 577 925 614 latis
943 603 953 619 ,
989 578 1018 613 si
1034 577 1156 626 quibus
1179 580 1439 626 quomodolibet
1473 580 1611 616 innoda-

117 637 158 663 tae
185 628 355 670 existunt,
387 630 429 664 ad
446 628 603 664 effectum
617 629 829 676 praesentium
846 629 1024 664 dumtaxat
1054 631 1329 675 consequendum
1351 654 1360 670 ,
1387 630 1504 665 harum
1523 630 1613 665 serie

117 676 328 713 absolventes
342 702 354 718 ‚
386 687 419 712 et
444 678 613 714 absolutas
629 678 703 714 fore
722 686 893 713 censentes
910 701 921 718 ‚
939 686 1032 712 motu
1048 678 1187 723 proprio
1201 703 1211 719 ‚
1229 689 1261 713 et
1280 691 1322 714 ex
1342 687 1431 714 certa
1460 678 1613 718 scientia,

118 734 152 760 et
183 734 311 760 matura
336 726 583 763 deliberatione
623 727 748 762 nostris
791 729 902 772 deque
934 726 1142 771 Apostolicae
1188 728 1364 770 potestatis
1404 728 1614 774 plenitudine

117 774 287 819 praedictis
318 776 488 812 modernis
515 801 526 817 ,
558 786 593 812 et
619 789 681 822 pro
713 785 869 820 tempore
899 775 1120 811 existentibus
1165 776 1412 812 Referendariis
1439 779 1537 813 dictae
1566 776 1619 819 Si,

118 831 269 868 gnaturae
296 823 441 865 Justitiae
473 827 703 865 Votantibus,
738 834 777 860 ut
793 823 856 871 ipsi
875 823 1050 869 pensiones
1080 835 1203 858 annuas
1234 824 1434 870 Apostolica
1461 827 1523 861 sibi
1542 827 1617 861 Au-

119 871 275 907 ctoritate
301 886 404 919 super
421 874 597 921 quibusvis
623 874 793 910 fructibus
819 871 1063 908 Ecclesiasticis
1092 881 1303 913 reservatas,
1331 883 1366 909 et
1389 887 1450 920 pro
1482 883 1613 920 tempo-

118 933 155 956 re
185 925 399 959 reservandas
429 936 534 971 usque
564 926 604 959 ad
631 935 797 960 summam
830 931 964 957 centum
991 929 1165 957 scutorum
1195 931 1336 957 monetae
1375 925 1550 959 dumtaxat
1572 921 1614 958 ad

119 970 271 1006 favorem
300 971 422 1013 unius,
450 985 510 1009 seu
534 972 686 1019 plurium
713 982 932 1017 personarum
948 969 1254 1006 Ecclesiasticarurn
1272 995 1281 1010 ‚
1312 983 1370 1006 seu
1393 972 1613 1007 Clericorum

120 1031 159 1055 ac
192 1018 269 1055 alias
292 1021 492 1067 pensionum
518 1021 715 1062 hujusmodi
743 1019 916 1066 capacium
947 1044 957 1060 ,
985 1020 1086 1055 etiam
1118 1019 1150 1054 in
1183 1019 1302 1054 mortis
1335 1020 1480 1056 articulo
1499 1031 1616 1056 coram

120 1068 268 1104 Notario
281 1093 292 1110 ,
317 1079 350 1105 et
365 1072 523 1107 Testibus
539 1096 548 1112 ,
577 1081 610 1106 et
628 1083 704 1106 curn
726 1070 866 1110 alicuius
885 1069 1017 1104 Praelati
1037 1092 1048 1109 ,
1078 1080 1135 1103 seu
1152 1079 1300 1113 personae
1333 1069 1363 1103 in
1380 1069 1617 1106 Ecclesiastica

120 1116 286 1162 dignitase
314 1120 516 1160 constituti,
549 1121 766 1159 interventu,
793 1119 973 1153 transferre
1003 1123 1161 1162 (servata
1175 1126 1284 1153 tamen
1306 1117 1414 1153 forma
1433 1118 1617 1153 Constitu·

122 1165 226 1201 tionis
253 1166 309 1202 fel.
326 1169 527 1203 rec.1nnoc.
545 1168 611 1202 PP.
632 1168 692 1201 XI.
708 1167 964 1212 praedecessoris
991 1166 1100 1200 nostri
1127 1176 1229 1211 super
1255 1164 1470 1202 translatione
1483 1165 1614 1212 pensio·

122 1225 204 1248 num
233 1214 362 1259 editae)
393 1216 521 1257 libere,
545 1225 578 1251 et
593 1216 684 1251 licite
699 1214 829 1260 possint
843 1239 854 1255 ,
884 1223 917 1249 et
936 1213 1092 1254 valeant,
1123 1223 1240 1249 tenore
1259 1217 1474 1261 'prxsentium
1493 1225 1620 1251 conce·

123 1263 237 1297 dimus
265 1285 276 1302 ,
315 1275 348 1298 et
377 1264 615 1311 indulgemus,
653 1266 871 1299 decernentes
897 1265 1030 1298 easdem
1061 1273 1242 1308 praesentes
1275 1263 1413 1305 literas,
1442 1273 1477 1299 et
1508 1264 1541 1298 in
1570 1262 1617 1298 eis

124 1319 283 1346 contenta
307 1323 530 1359 quaecumque
554 1312 651 1348 nullo
677 1324 838 1359 umquam
879 1320 1034 1357 ternpore
1075 1312 1118 1347 de
1145 1313 1400 1359 subreptionis,
1437 1314 1490 1349 vel
1524 1313 1623 1347 obre-

124 1357 251 1404 ptionis
267 1382 278 1398 ‚
311 1371 368 1395 aut
382 1363 546 1397 nullitatis
560 1363 646 1397 vitio
660 1385 671 1403 ,
705 1375 763 1398 seu
782 1361 977 1397 intentionis
996 1370 1118 1397 nostrae
1135 1386 1146 1402 ,
1165 1370 1222 1397 aut
1237 1361 1397 1398 interesse
1421 1362 1621 1398 habentium

124 1418 330 1448 consensus,
357 1410 471 1444 aliove
494 1409 646 1455 quolibet
668 1411 771 1445 etiam
796 1410 1019 1454 quantumvis
1047 1422 1194 1455 magn0,
1223 1420 1258 1444 et
1286 1411 1495 1446 substantiali
1534 1410 1625 1444 defe-

125 1466 210 1496 ctu,
236 1458 370 1497 notari,
413 1456 635 1505 impugnari,
669 1458 870 1498 retractari,
903 1458 1068 1503 infringi,
1099 1470 1157 1492 seu
1174 1460 1214 1493 ad
1233 1458 1395 1494 terminos
1421 1459 1507 1499 juris
1523 1458 1624 1494 redu-

128 1505 183 1546 ci,
211 1515 268 1540 aut
297 1509 330 1541 in
357 1508 625 1544 controversiam
653 1508 825 1549 revocari,
856 1519 916 1543 seu
940 1509 1100 1542 adversus
1125 1506 1196 1542 illas
1222 1507 1423 1553 aperitionis
1453 1510 1547 1550 oris,
1576 1518 1628 1543 re-

127 1554 310 1590 stitutionis
340 1555 373 1590 in
399 1556 564 1603 integrum
585 1582 596 1597 ,
626 1558 761 1592 aliudve
789 1558 1031 1604 quodcumque
1053 1555 1136 1596 juris
1161 1581 1172 1596 ‚
1199 1556 1280 1591 facti
1302 1581 1314 1597 ,
1343 1558 1400 1592 vel
1432 1558 1547 1604 gratiae
1571 1565 1625 1591 re-

126 1602 278 1638 medium
296 1603 488 1650 impetrari,
519 1606 572 1641 vel
604 1606 785 1645 intentari,
813 1616 870 1641 aut
896 1606 1077 1651 impetrato
1101 1630 1112 1646 ,
1154 1617 1213 1641 seu
1238 1604 1453 1641 etiam-motu
1473 1630 1484 1647 ,
1513 1606 1627 1640 scien-

128 1651 200 1693 tia,
225 1662 259 1687 et
294 1655 468 1698 potestatis
498 1654 707 1699 plenitudine
735 1655 870 1701 paribus
902 1667 1064 1692 concesso
1083 1679 1094 1694 ,
1119 1655 1173 1690 vel
1204 1664 1357 1690 emanato
1375 1679 1386 1695 ,
1423 1654 1620 1701 quempiam

128 1700 161 1736 in
194 1701 348 1743 iudicio,
375 1704 431 1738 vel
445 1712 536 1738 extra
553 1703 636 1739 illud
658 1703 707 1739 uti
724 1728 735 1745 ,
769 1717 827 1739 seu
855 1716 889 1739 se
907 1706 1026 1744 juvare
1040 1715 1162 1749 posse}
1191 1716 1301 1750 neque
1331 1704 1414 1750 ipsas
1443 1712 1621 1749 praesentes

129 1749 243 1785 literas
267 1752 330 1786 sub
346 1752 523 1797 quibusvis
551 1753 740 1794 similium,
769 1753 824 1789 vel
852 1753 1066 1788 dissimilium
1101 1752 1286 1797 gratiarum
1317 1753 1592 1788 revocationibus
1609 1775 1621 1793 ‚

129 1799 432 1844 suspensionibus,
463 1800 724 1836 limitationibus
751 1824 762 1840 ,
794 1801 937 1847 aliisque
968 1801 1143 1836 contrariis
1173 1801 1484 1846 dispositionibus,
1518 1802 1621 1837 etiam

131 1859 192 1894 per
219 1860 280 1884 nos
299 1873 310 1888 ‚
337 1850 391 1884 vel
421 1851 590 1885 Romanos
611 1850 790 1885 Pontifices
818 1861 1027 1885 successores
1055 1858 1214 1890 nostros,
1246 1860 1280 1885 et
1295 1850 1415 1887 Sedem
1442 1851 1620 1896 praefatam

132 1898 165 1932 in
197 1909 340 1942 genere,
379 1898 435 1934 vel
461 1908 518 1934 aut
547 1899 626 1935 alias
654 1898 935 1946 quomodolibet,
965 1908 999 1933 et
1025 1899 1308 1946 quandocumque
1333 1899 1496 1935 faciendis
1528 1912 1621 1936 com-

131 1947 317 1991 prehendi,
347 1956 381 1982 et
393 1951 651 1993 comprehensas
684 1948 837 1988 censeri,
866 1948 925 1982 sed
938 1958 1074 1994 semper
1102 1950 1142 1983 ab
1171 1948 1237 1983 illis
1264 1958 1450 1993 exceptas,
1484 1957 1519 1983 et
1531 1959 1625 1995 quo·

135 1994 197 2029 ties
227 1994 291 2029 illae
313 1999 538 2038 emanabunt,
569 2000 668 2033 toties
694 1997 727 2032 in
742 1997 921 2044 pristinum
938 2020 949 2037 ,
979 2007 1011 2032 et
1026 1996 1270 2033 validissimum
1291 2006 1414 2033 statum
1434 1997 1621 2038 restitutas,

138 2042 325 2088 repositas,
352 2054 386 2080 et
401 2044 548 2090 plenarie
579 2046 823 2092 reintegrata3‚
850 2058 888 2081 ac
917 2044 1018 2081 etiam
1040 2046 1083 2080 de
1101 2058 1192 2081 novo
1223 2048 1286 2082 sub
1317 2058 1532 2093 quacumque
1561 2057 1627 2092 po-

137 2092 277 2126 steriore
305 2094 382 2128 data
413 2104 472 2138 per
486 2105 568 2134 eos,
593 2098 632 2128 ad
649 2107 733 2139 quos
758 2105 819 2138 pro
833 2103 987 2137 tempore
1013 2096 1206 2136 spectabit,
1232 2095 1387 2142 eligenda
1404 2120 1415 2136 ,
1445 2105 1621 2131 concessas

140 2139 307 2188 intelligi,
329 2142 531 2189 firmasque,
563 2141 711 2181 validas,
738 2151 772 2176 et
801 2141 949 2176 efficaces
982 2141 1152 2182 existere,
1187 2152 1222 2177 et
1249 2145 1323 2179 fore
1342 2169 1353 2184 ,
1384 2156 1422 2180 ac
1453 2143 1519 2179 illis
1547 2167 1558 2184 ,
1585 2142 1628 2178 ad

142 2200 223 2234 quos
253 2199 383 2235 spectat
400 2214 410 2229 ,
438 2200 472 2226 et
484 2202 546 2236 pro
571 2201 722 2237 tempore
738 2190 1023 2237 quandocumque
1051 2191 1216 2234 spectabit
1241 2191 1469 2234 inomnibus,
1502 2202 1535 2228 et
1565 2201 1628 2238 pet

143 2238 254 2274 omnia
265 2238 456 2285 plenissime
471 2239 664 2284 suffragari:
695 2239 810 2285 sicque
838 2248 873 2274 et
897 2251 962 2274 non
979 2239 1079 2274 aliter
1103 2239 1137 2274 in
1163 2239 1342 2286 praemissis
1369 2252 1431 2287 per
1448 2252 1632 2288 quoscum-

144 2297 208 2331 que
236 2287 370 2327 Judices
400 2287 628 2327 ordinarios,
658 2295 692 2321 et
706 2287 918 2333 Delegatos,
952 2287 1051 2322 etiarn
1081 2298 1256 2323 causarum
1293 2290 1414 2325 Palatii
1435 2287 1628 2335 Apostolici

146 2333 328 2371 Auditores
343 2362 353 2378 ,
381 2349 417 2372 ac
433 2339 466 2372 S.
489 2338 531 2371 R.
548 2337 584 2371 E.
607 2335 802 2371 Cardinales
830 2336 934 2370 etiam
966 2336 1007 2370 de
1025 2335 1129 2370 latere
1154 2337 1297 2381 Legatos
1312 2362 1324 2378 ,
1351 2338 1479 2372 aliosve
1506 2334 1632 2383 quosli-

147 2385 205 2419 bet
220 2395 430 2431 quacumque
446 2385 693 2432 praeeminentia
710 2407 720 2423 ‚
747 2393 781 2419 et
813 2391 980 2430 potestate
1009 2383 1212 2429 fungentes,
1244 2395 1278 2421 et
1295 2387 1496 2427 functuros,
1524 2385 1632 2422 subla-

149 2441 183 2468 ta
210 2433 258 2467 eis
275 2456 285 2472 ,
315 2441 347 2467 et
375 2445 493 2470 eorum
522 2434 665 2470 cuilibet
698 2432 817 2479 quavis
844 2433 941 2468 aliter
969 2432 1145 2472 iudicandi
1176 2441 1210 2468 et
1235 2433 1474 2481 interpretandi
1496 2433 1634 2471 faculta-

150 2489 184 2517 te
201 2506 211 2521 ‚
238 2491 270 2516 et
286 2482 485 2518 auctoritate
499 2482 644 2523 judicari
658 2508 668 2524 ‚
690 2492 723 2518 et
739 2481 869 2518 definiri
887 2482 1010 2516 debere
1026 2507 1036 2522 ,
1057 2491 1090 2517 et
1106 2481 1237 2518 irritum
1252 2507 1262 2524 ‚
1295 2493 1328 2519 et
1347 2484 1467 2526 inane,
1495 2483 1523 2521 si
1537 2495 1635 2521 secus

153 2541 255 2578 super
281 2531 333 2567 his
359 2544 378 2567 a
407 2543 576 2578 quoquam
605 2532 723 2579 quavis
752 2530 956 2568 auctoritate
978 2531 1122 2567 scienter
1139 2553 1150 2571 2
1176 2532 1230 2568 vel
1255 2533 1450 2581 ignoranter
1477 2535 1635 2580 contige-

1081 2580 1100 2615 f
1126 2590 1144 2614 2
1589 2580 1635 2618 rit
