1993 3195
596 374 912 417 CAPUT
973 377 1061 420 111.
1498 393 1582 441 2¹9

115 442 244 486 dictae
280 435 536 494 reperiuntur
570 465 582 485 ‚
619 433 908 477 concederetur
944 463 956 482 ‚
995 434 1268 479 frustratoriae
1310 433 1549 482 viderentur
1569 458 1580 492 ;

118 496 370 560 proindeque
396 524 409 544 ,
438 507 485 537 ut
516 494 651 536 honor
685 493 898 536 indictioni
933 495 1165 544 habeatur,
1200 510 1284 537 non
1322 498 1551 542 rescribitur
1571 530 1584 550 ‚

118 557 194 601 nisi
228 554 360 597 multis
390 553 526 611 elapsis
562 553 704 596 diebus
732 586 744 604 ‚
780 567 852 596 nec
886 566 1018 596 tamen
1061 554 1103 596 in
1135 555 1328 599 omnibus
1361 589 1373 606 ‚
1417 568 1456 599 et
1488 560 1584 613 qui-

117 620 369 670 buscumque
387 612 516 656 causis
536 643 548 662 ‚
582 612 651 654 secl
670 612 710 654 in
728 612 938 668 aliquibus„
951 645 963 664 ,
988 614 1247 670 exequutivis
1266 630 1407 673 nempe
1424 647 1437 666 ‚
1468 619 1583 674 parvi

116 674 307 718 momenti
330 701 342 720 ,
375 672 679 723 alimentorum,
707 672 948 726 caeterisque
969 673 1201 716 dilationem
1219 673 1303 717 non
1318 675 1582 732 patientibus,

115 735 178 779 vel
197 735 246 775 de
271 732 334 774 sui
366 745 511 774 natura
539 730 828 789 privilegiatis,
865 744 1003 790 utpote
1031 734 1307 777 evacuationis
1337 735 1586 788 domorum,

115 806 337 847 earumque
355 790 626 848 pensionum,
649 792 869 833 viduarum
889 820 900 839 ‚
921 792 1167 849 pupillorum
1187 826 1196 835 .
1217 795 1439 836 indubium
1458 795 1582 838 etiam

111 865 170 895 est
188 884 201 902 ,
233 849 511 893 solertissimos
528 850 812 892 Procuratores
830 878 842 897 ‚
883 854 934 893 ne
953 851 1006 892 ad
1043 851 1279 906 hujusmodi
1312 852 1580 898 Commissio-

114 925 206 953 nem
226 909 522 968 expediendam
555 907 746 953 feriarum
764 923 939 968 tempore
958 924 1198 967 cogerentur
1216 942 1230 961 ,
1262 914 1514 959 consuevisse
1534 914 1576 955 in

113 971 226 1013 omni
261 1000 272 1017 ,
307 981 349 1011 et
378 984 637 1026 quacumque
670 969 966 1011 Commissione
989 999 1002 1016 ‚
1033 971 1150 1028 cujus
1174 972 1310 1029 vigore
1329 1004 1342 1022 ,
1364 973 1425 1016 vel
1457 987 1578 1016 causa

113 1027 345 1087 principalis
362 1059 375 1077 ,
402 1030 464 1071 vel
483 1028 781 1084 appellationis,
819 1042 889 1070 aut
908 1028 1076 1083 quaevis
1093 1030 1165 1071 alia
1186 1030 1449 1075 committitur
1466 1060 1479 1079 ‚
1513 1047 1578 1088 ap-

114 1102 267 1146 ponere
299 1087 341 1129 in
360 1086 438 1129 fine
456 1086 518 1127 ill—a
538 1088 658 1129 verba
679 1118 690 1136 2.
724 1086 933 1129 videlic-et:
958 1085 1073 1141 feriis
1088 1103 1212 1145 nuper
1232 1105 1307 1147 per
1324 1092 1367 1133 S.
1390 1092 1439 1134 V·
1472 1090 1577 1133 indi-

117 1147 192 1189 ctis
208 1178 222 1197 ‚
254 1147 316 1187 vel
336 1145 568 1199 infuturum
585 1144 800 1187 indicendis
814 1145 975 1187 minime
992 1147 1235 1189 obstantibus
1253 1179 1264 1190 .

229 1202 656 1246 Animadvertendum
681 1216 717 1243 et
735 1204 853 1243 etiarn
874 1216 944 1249 est,
961 1217 984 1243 a
1005 1204 1223 1260 signatura
1242 1207 1423 1258 Justitiae
1438 1207 1505 1249 Co
1516 1224 1577 1251 m·

99 1260 346 1306 ¹missionem
360 1262 466 1303 hanc
485 1260 757 1316 derogationis
773 1259 964 1302 feriarum
981 1273 1067 1303 non
1082 1262 1172 1303 dari
1193 1263 1234 1304 in
1256 1263 1419 1315 Causis,
1433 1265 1475 1307 in
1496 1269 1570 1309 Ho-

111 1333 152 1364 ta
173 1320 476 1377 pendentibus;
507 1318 596 1361 licet
613 1319 820 1362 interdum
836 1323 857 1361 a
873 1319 1091 1377 Signatura
1123 1323 1325 1366 Pontificis
1346 1339 1430 1366 non
1452 1325 1572 1368 dene-

109 1391 226 1437 getur
241 1411 253 1428 ‚
281 1379 451 1435 quando
471 1379 612 1420 ambae
630 1380 761 1420 Partes
781 1378 828 1420 de
847 1393 1049 1422 consensu
1064 1394 1152 1421 earn
1167 1395 1308 1438 petant
1326 1413 1337 1431 ,
1363 1397 1406 1426 et
1422 1399 1576 1426 reman-

109 1438 159 1480 sit
187 1438 358 1480 dubium
381 1451 540 1478 tantum
560 1437 838 1478 definiendum
857 1437 899 1478 in
927 1438 1038 1481 exitu
1060 1440 1356 1488 vacationum,
1381 1457 1426 1485 ut
1444 1443 1574 1485 adno-

109 1509 168 1540 tat
194 1498 474 1539 Marclzesanus
492 1494 567 1551 (ι)
587 1524 596 1534 .
630 1495 750 1536 Secus
765 1509 862 1537 vero
881 1508 967 1545 est,
1001 1496 1033 1538 si
1051 1496 1191 1538 Causa
1221 1500 1429 1542 commissa
1462 1515 1574 1559 repe-

111 1555 237 1598 riatur
265 1556 384 1597 alicui
404 1553 597 1597 Auditori
622 1552 802 1607 ejusdem
822 1555 944 1597 Rotae
968 1583 981 1602 ,
1019 1570 1104 1596 non
1123 1569 1322 1614 tanquam
1348 1560 1542 1602 Auditori
1559 1593 1573 1612 ,

110 1615 181 1655 sed
201 1615 258 1657 uti
287 1614 465 1656 Praelato
497 1628 606 1657 extra
639 1617 784 1656 Rotam
802 1646 814 1664 ‚
843 1627 884 1657 et
903 1615 1056 1669 absque
1081 1617 1207 1658 Rotae
1239 1619 1573 1676 participatione;

111 1684 212 1714 tunc
231 1672 569 1731 enim¹reputatur
593 1674 758 1730 simplex
777 1675 909 1722 Judex
931 1673 1246 1718 Commissarius
1263 1709 1276 1727 ,
1308 1690 1348 1718 et
1362 1694 1464 1734 opus
1485 1692 1570 1720 non

111 1731 241 1781 habet
264 1747 360 1777 voto
389 1733 558 1775 aliorum
578 1734 885 1776 Coadiutorum
903 1765 916 1782 ‚
949 1733 1020 1788 qui
1041 1732 1233 1778 feriarum
1265 1749 1440 1793 tempore
1473 1736 1570 1779 insi-

114 1791 202 1833 mul
219 1806 304 1835 non
321 1792 576 1837 conveniunt
591 1808 665 1850 pro
689 1793 922 1836 definitione
940 1794 1178 1836 Causarum
1205 1795 1408 1839 Rotalium
1426 1826 1438 1838 .

472 1850 723 1892 Commissio
751 1867 872 1907 super
896 1850 1211 1903 jactationibus.

741 1909 918 1950 Romana
935 1940 948 1950 .

646 1967 871 2009 Beatissime
903 1969 1039 2011 Pater.

229 2025 336 2068 Licet
352 2025 538 2067 Octavius
554 2026 773 2067 Sebastiani
787 2028 1017 2070 sanctitatis
1035 2039 1188 2072 vestrae
1215 2030 1358 2074 Orator
1383 2047 1407 2074 a
1436 2033 1569 2077 multis

111 2081 224 2126 annis
240 2083 367 2139 fuerit
382 2116 394 2135 ‚
424 2096 463 2127 et
478 2086 527 2127 sit
550 2086 589 2127 in
603 2085 770 2143 pacifica
783 2088 1023 2141 possessione
1038 2089 1154 2131 unius
1177 2091 1320 2134 Vineae
1337 2107 1422 2135 cum
1442 2094 1571 2144 domo,

109 2141 269 2200 picturis
288 2144 458 2204 egregiis
467 2144 627 2197 famosi·
631 2146 790 2201 pictoris
798 2147 948 2190 Joanni
961 2148 1116 2202 Equitis
1134 2149 1374 2202 Lanfranclzi
1388 2151 1537 2209 depicta
1556 2181 1569 2201 ,

113 2201 190 2243 sita
215 2203 256 2246 in
283 2203 526 2263 pertinentiis
556 2203 669 2246 Urbis
689 2202 728 2244 in
746 2202 826 2245 loco
844 2216 1068 2261 nuncupato
1086 2207 1267 2251 Bravetta
1286 2239 1299 2257 ,
1320 2211 1446 2265 juxta
1465 2222 1535 2254 etc.
1555 2239 1568 2260 ,

116 2269 156 2302 et
171 2274 288 2320 super
306 2280 350 2306 ea
371 2279 394 2305 a
420 2263 570 2305 nemine
606 2261 794 2305 debuisset
808 2294 820 2312 ,
835 2264 897 2305 vel
908 2265 1059 2307 deberet
1082 2267 1278 2310 molestari
1293 2299 1306 2318 ,
1314 2270 1538 2328 perturbari
1551 2300 1565 2320 ‚

116 2333 188 2361 aut
214 2322 441 2380 inquietari:
456 2322 702 2364 nihilominus
728 2322 816 2379 quia
832 2323 990 2378 quidam
1013 2322 1185 2368 Michael
1198 2328 1376 2386 Angelus
1394 2358 1407 2377 ‚
1431 2340 1468 2371 et
1497 2329 1568 2370 alii

119 2379 165 2419 de
181 2380 389 2439 Magistris
403 2383 526 2439 ipsum
545 2382 746 2424 Octavium
755 2382 956 2424 Oratorem
972 2384 1076 2425 nolle
1092 2385 1216 2427 sinere
1227 2387 1487 2443 possidere,se
1494 2386 1564 2441 J'a-

121 2450 256 2491 etant,
278 2453 314 2482 et
328 2441 540 2497 vociferant
564 2452 696 2485 contra
715 2455 826 2484 omne
846 2441 1018 2485 debitum
1040 2442 1147 2498 juris
1168 2458 1178 2484 :
1203 2455 1240 2486 et
1255 2446 1344 2501 quia
1373 2446 1484 2488 valde
1508 2445 1566 2488 in-

1022 2501 1056 2541 E
1075 2515 1096 2542 e
1132 2516 1156 2543 2
1509 2513 1568 2545 te-

141 2571 291 2586 —
1078 2574 1545 2591 ———n——

179 2631 234 2671 (ι)
258 2632 304 2662 De
322 2631 482 2666 commiss.
497 2632 601 2673 derog.
615 2632 682 2663 Fer.
703 2641 733 2663 n.
751 2640 805 2672 57.
