1993 3195
633 352 663 386 A
706 353 732 386 Ρ
775 353 801 387 P
838 353 862 388 E
902 354 936 388 N
975 355 1010 389 D
1036 354 1050 389 1
1094 355 1126 390 Χ
1552 356 1627 398 165.

148 397 288 434 cedendi
317 396 472 432 omnibus
498 398 674 438 jndicibus
690 410 754 433 tam
772 402 943 435 Civilibus
963 425 972 441 ‚
994 416 1092 447 quam
1110 401 1353 438 Criminalibus
1372 425 1381 442 ,
1408 402 1593 439 Ordinariis
1607 428 1618 445 ,

146 445 348 491 Delegatis,
377 455 411 481 et
433 446 683 482 Commissariis
700 472 710 487 ‚
737 451 832 482 etiam
863 449 1019 492 Legatis,
1053 451 1280 496 Vicelegaris,
1324 452 1617 488 Gubernatoribus

143 493 349 533 Localibus,
381 495 606 530 Gubernatori
636 496 761 535 Urbis,
800 496 958 531 Auditori
993 497 1171 534 Gamerae,
1203 499 1377 536 Senatori,
1410 501 1618 545 eiusque-Ju-

145 541 302 582 dicibus,
345 543 552 579 Consulibus
581 545 671 578 Artis
702 544 952 589 Agriculturae,
974 554 1008 579 et
1036 545 1203 590 Magistris
1237 546 1459 587 justitiariis,
1492 561 1618 585 necnon

144 591 481 637 Congrcgationibus
515 592 810 628 Consultationum
843 594 954 628 Status
968 618 979 634 ,
1022 602 1056 627 et
1085 594 1167 628 Boni
1200 595 1387 640 Regiminis
1414 621 1424 637 ‚
1460 597 1617 633 volumus

143 643 235 686 quod
252 641 565 676 Reverendissimus
593 642 835 682 Camerarius,
862 643 1120 682 Thesaurarius,
1152 651 1185 677 et
1201 643 1419 680 Dohanarum
1450 646 1574 682 Praeses
1605 670 1614 686 ,

142 701 180 724 ac
196 691 388 724 Assessores
424 691 597 730 Dabanas,
626 703 658 726 et
676 692 863 736 respective
893 691 1053 726 Tribunal
1073 692 1227 728 Camerae
1255 694 1390 731 Nostrae
1424 695 1588 738 privative
1606 719 1615 734 ,

141 739 253 784 quoad
267 751 381 774 omnes
406 738 486 773 alios
503 740 637 780 judices
652 744 831 786 procedere
847 741 1011 780 debeant,
1028 750 1061 775 et
1088 740 1217 776 valeant
1236 765 1246 779 ,
1264 743 1362 779 etiarn
1392 745 1514 788 praevia
1526 746 1616 779 Avo-

141 787 295 827 catione,
323 798 356 822 et
378 789 640 833 reassumptione
675 789 863 824 Causarum
895 800 1007 824 coram
1038 790 1284 830 dd.judieibus
1312 793 1540 838 incompeten.
1569 794 1617 827 in-

139 837 371 872 troductarum
389 862 399 877 ,
428 848 459 872 et
486 839 596 873 forsan
616 839 932 874 introducendarum
948 862 958 878 ,
989 838 1153 883 quamvis,
1173 839 1275 875 tacite
1291 864 1302 879 ,
1332 841 1384 876 vel
1405 843 1560 884 expresse
1575 844 1616 876 de

139 896 302 921 consensu
330 896 495 921 constaret
512 911 522 926 ‚
557 887 628 922 sive
643 888 684 922 de
696 887 926 934 obligationis
957 885 1150 940 Cameraligs‘
1168 887 1370 922 executione
1384 901 1541 934 ageretur
1557 914 1566 924 .

237 936 278 969 Et
297 936 323 970 si
340 938 479 981 quaestio
493 948 595 979 super
624 937 822 981 pertinentia
848 938 1042 974 earumdem
1073 934 1155 970 orn-i
1196 938 1388 981 contingat,
1419 937 1616 973 inhaerentes

138 983 451 1020 Constitutionibus
473 986 529 1020 fe!.
545 987 675 1020 record.
692 986 740 1025 Pii
758 986 817 1019 lV.
833 987 1020 1020 Clementis
1038 985 1133 1019 VIII.
1151 1008 1163 1025 ,
1189 996 1226 1020 ac
1243 985 1354 1019 Motui
1382 986 1519 1031 proprio
1535 988 1618 1021 Cle-

135 1034 258 1067 mentis
273 1034 392 1073 XIl[.‚
432 1034 645 1081 aliorumque
674 1035 878 1070 Nostrorum
917 1036 1206 1069 Praedecessorum
1236 1034 1420 1074 nolumus,
1459 1038 1549 1081 quod
1568 1035 1615 1069 Si-

134 1093 275 1128 gnatura
307 1084 450 1124 justitia:
479 1090 520 1118 de
536 1085 625 1118 dicta
642 1083 840 1128 pertinentia
871 1094 1055 1129 cognoscat
1072 1108 1082 1123 ,
1110 1093 1166 1118 aut
1178 1082 1293 1130 aliquo
1308 1086 1409 1119 modo
1429 1085 1613 1125 rescribat,

133 1142 195 1166 nec
211 1144 244 1165 sc·
262 1133 411 1178 ingerat,
445 1136 501 1167 sed
529 1134 721 1172 hujusmodi
755 1134 922 1179 Cognitio
948 1146 985 1167 an
1003 1134 1124 1167 Causae
1140 1133 1204 1167 sint
1228 1134 1270 1166 de
1286 1132 1529 1174 jurisdictione
1547 1134 1615 1168 (ἷζε

132 1182 352 1221 merariatus,
389 1182 442 1215 vel
459 1183 611 1218 camerae
630 1207 639 1220 ‚
670 1184 894 1218 autiudicum
918 1181 1147 1217 Cameraliurn
1180 1181 1417 1228 praedictorum
1448 1182 1615 1226 pertineat

132 1231 172 1263 ad
195 1231 522 1265 Reverendissimum
539 1233 774 1267 Camerarium
791 1255 801 1271 ‚
833 1241 865 1266 et
883 1233 986 1275 ipsam
1004 1232 1182 1266 Cameram
1199 1256 1210 1272 ,
1238 1231 1322 1266 itaut
1338 1231 1365 1266 si
1382 1231 1494 1266 Partes
1508 1231 1617 1266 decla·

132 1278 256 1312 rationi
285 1279 445 1315 faciendae
463 1292 524 1315 non
541 1282 770 1326 acquieverint
783 1305 793 1320 ,
824 1280 876 1315 vel
893 1289 969 1314 ante
987 1280 1180 1319 huiusmodi
1197 1280 1459 1315 declarationem
1474 1305 1483 1320 ,
1512 1282 1539 1314 si
1556 1292 1615 1314 vo-

131 1325 278 1366 luerint,
295 1329 504 1374 signaturam
520 1330 679 1364 Nostram
698 1329 822 1365 Gratiae
850 1331 941 1364 adire
960 1329 1088 1374 possint
1102 1354 1111 1368 ‚
1131 1338 1165 1364 et
1186 1329 1303 1364 Citato
1328 1330 1428 1364 etiam
1445 1328 1617 1363 Commis-

131 1387 218 1410 sar·o
234 1378 382 1416 ejusdem
402 1379 556 1414 Camerae
571 1379 840 1415 (fommissiones
857 1379 1000 1424 proponi
1026 1380 1191 1414 debeant.
1208 1379 1308 1414 Secus
1323 1380 1405 1414 vero
1419 1379 1512 1413 factae
1528 1377 1615 1412 inhi-

129 1424 275 1459 bitiones
290 1450 300 1464 ‚
319 1436 350 1461 et
363 1439 539 1470 exequutae
556 1429 741 1463 Citationes
762 1429 792 1463 in
812 1429 989 1473 Signatura
1004 1428 1146 1468 justitiae
1167 1428 1303 1473 impune
1320 1428 1430 1473 sperni
1448 1429 1630 1462 debeant„

227 1474 363 1508 interim
395 1479 477 1509 vero
503 1478 694 1522 cognitione
726 1478 933 1522 pertinentiae
964 1479 1085 1512 Causae
1116 1479 1304 1521 pendente,
1334 1486 1366 1511 et
1393 1488 1460 1520 prae
1487 1474 1615 1510 caeteris

127 1533 169 1556 ne
183 1522 337 1556 Personae
363 1523 378 1556 f
398 1533 468 1556 rsan
501 1525 531 1556 in
551 1526 714 1560 Carceres
733 1527 901 1562 detrusae,
932 1537 1016 1558 neve
1038 1526 1205 1558 Animalia
1237 1527 1266 1557 in
1292 1524 1411 1568 pignus
1443 1533 1540 1567 capta
1554 1523 1615 1568 pro

126 1570 234 1615 poenis
259 1570 458 1602 damnorum
486 1572 640 1606 datorum
668 1573 837 1607 commissi
860 1571 1067 1615 spicilegii,
1098 1572 1151 1606 vel
1183 1570 1351 1615 praet'ensae
1378 1573 1515 1604 Fraudis
1548 1573 1617 1604 Ga-

126 1617 319 1656 bellarum,
347 1616 533 1654 passuum,
569 1619 790 1662 pedagiorum
813 1644 823 1659 ,
857 1619 1014 1652 Pontium
1033 1642 1043 1657 ,
1073 1627 1106 1651 et
1142 1617 1304 1650 similium
1341 1619 1546 1661 depereant,
1578 1626 1632 1654 ut*

124 1669 214 1710 saepe
228 1666 347 1708 saepius
363 1663 532 1708 contingit
548 1688 559 1704 ,
592 1665 749 1699 volumus
764 1689 773 1703 ,
793 1678 892 1703 atoue
910 1667 1102 1700 mandamus
1119 1689 1129 1703 ,
1166 1666 1256 1708 quod
1272 1664 1354 1699 facta
1373 1676 1431 1710 per
1449 1667 1612 1702 Affidatos

126 1715 376 1751 damnificantes
392 1740 402 1754 ‚
431 1723 487 1748 aut
502 1712 599 1750 aliter
613 1715 654 1748 de
673 1712 849 1756 praemissis·
875 1713 1052 1758 inquisitos
1079 1713 1288 1759 obligatione
1303 1738 1313 1753 ,
1339 1723 1372 1748 et
1400 1723 1545 1759 praestita
1562 1715 1613 1750 Fi-

124 1765 316 1803 deiussione
345 1766 386 1798 de
402 1766 520 1797 stando
542 1762 609 1797 luri
640 1775 715 1796 cum
736 1763 857 1801 Parte,
885 1773 918 1797 et
944 1763 1039 1797 Fisco
1064 1775 1177 1798 coram
1196 1762 1300 1797 altero
1316 1775 1355 1798 ex
1371 1763 1538 1808 praedictis
1555 1765 1631 1806 Ju->

124 1813 257 1849 dicibus
285 1810 522 1847 Cameralibus
552 1813 591 1847 ad
620 1813 762 1846 formam
798 1811 1064 1846 Constitutionis
1094 1812 1149 1846 fel.
1180 1825 1281 1847 mem.
1314 1813 1488 1848 Benedicti
1516 1813 1610 1850 XIV.

123 1863 383 1898 Praedecessoris
400 1862 505 1896 nostri
530 1864 590 1895 sub
607 1861 730 1897 Datum
752 1860 960 1900 ars-Ianuarii
980 1871 1081 1905 1751.
1100 1862 1254 1897 Personae
1270 1863 1380 1896 statim
1397 1861 1629 1904 relaxentur,

125 1923 155 1946 et
173 1911 342 1946 Animalia
355 1910 511 1956 praedicra
529 1911 621 1946 illico
638 1911 856 1945 restituantur
871 1935 881 1948 ‚
902 1922 960 1945 nec
987 1913 1025 1944 ad
1043 1910 1287 1955 impediendam
1307 1911 1527 1946 Personarum
1554 1923 1612 1947 ex-

122 1961 386 1996 carcerationem
405 1987 413 1998 ,
443 1972 472 1994 et
491 1960 695 1995 Animalium
730 1960 976 1995 restitutionem
1003 1959 1161 2006 quel-{bet
1186 1960 1375 1996 Citationes
1400 1971 1512 1995 coram
1539 1960 1630 2004 qui-A

123 2011 335 2056 buscnmque
363 2010 542 2051 ,iuditibus
574 2011 732 2045 Rornanae
761 2010 902 2050 Cun'ae,
935 2010 1112 2056 Signatura
1143 2009 1287 2051 Justitiae
1307 2035 1319 2050 ,
1349 2022 1386 2044 ac
1415 2010 1513 2045 etiam
1543 2010 1612 2044 Re-

122 2061 366 2094 verendissimo
392 2060 590 2094 camerario
606 2083 616 2099 ‚
647 2071 679 2094 et
696 2059 793 2103 plena
807 2060 953 2094 Camera
966 2083 976 2099 ‚
1000 2059 1058 2095 nisi
1078 2061 1177 2094 Manu
1197 2069 1309 2094 nostra
1322 2082 1331 2098 ,
1351 2058 1403 2093 vel
1419 2058 1525 2093 nostri
1541 2060 1611 2093 Au·

123 2107 242 2142 ditoris
269 2108 333 2142 sint
363 2109 500 2154 signatae
515 2114 749 2148 attendantur,
781 2109 861 2154 quin
879 2108 1016 2153 impune
1032 2133 1042 2147 ,
1072 2118 1104 2144 et
1123 2109 1203 2144 citra
1216 2107 1323 2144 ullum
1350 2107 1478 2143 Vitium
1495 2109 1629 2143 Atten-r-

122 2164 270 2192 tatorum
289 2161 398 2202 sperui
419 2167 453 2190 ur
470 2170 566 2199 supra
583 2158 712 2202 possint
726 2182 736 2199 ,
764 2167 799 2195 et
813 2157 945 2195 valeant
962 2183 971 2197 ‚
1004 2167 1037 2192 et
1049 2167 1166 2193 contra
1184 2157 1410 2204 Hospitiarios
1428 2180 1439 2196 ,
1464 2166 1497 2192 et
1513 2168 1612 2202 quos-

123 2215 268 2248 cumque
301 2207 382 2239 alios
408 2206 576 2239 Animalia
604 2217 699 2247 capta
730 2208 943 2246 retinentes,
971 2216 1005 2241 et
1029 2208 1250 2242 detrectantes
1278 2210 1385 2252 ipsam
1405 2205 1611 2240 Animalium

125 2252 375 2288 restitutionem
395 2276 406 2291 ‚
433 2262 467 2286 et
492 2254 712 2288 Personarum
737 2266 755 2288 a
783 2253 989 2288 Carceribus
1015 2255 1243 2289 dimissionem
1259 2256 1327 2294 ,de
1351 2255 1464 2293 facto,
1482 2262 1516 2288 et
1540 2254 1611 2288 sine

125 2301 299 2336 Citatione
327 2300 466 2346 procedi
493 2302 597 2343 possit
622 2305 661 2334 ad
680 2302 912 2334 executionem
929 2302 1178 2338 Mandatorum.
1196 2302 1460 2338 derestituendo
1473 2326 1483 2341 ‚
1513 2310 1545 2335 et
1558 2313 1624 2336 au«-

125 2350 265 2385 ferendo
280 2375 290 2391 ‚
319 2361 381 2385 nec
399 2361 463 2385 non
490 2348 529 2383 ad
561 2359 666 2391 paeuas
684 2347 715 2381 in
732 2347 1027 2393 ipsisinfligendas
1042 2371 1052 2386 ,
1074 2357 1108 2382 et
1127 2350 1404 2384 comminandas'.

225 2399 269 2432 Ut
297 2409 408 2434 autem
443 2396 628 2432 Dohanerii
657 2396 718 2438 pro
742 2405 918 2440 tempore,
946 2398 1005 2430 seu
1019 2396 1230 2432 Thesaurarii
1247 2397 1433 2432 Provinciae
1447 2398 1611 2434 Patrimo-

126 2448 174 2483 nii
194 2446 315 2481 debitis
343 2449 553 2491 temporibus
569 2446 791 2489 respondeant
812 2447 854 2479 de
881 2444 1057 2480 exactione
1081 2446 1236 2480 Onerum
1264 2445 1491 2482 Cameralium
1517 2449 1610 2488 iuxta

127 2495 279 2532 Tabellas
299 2496 382 2530 tradi
413 2496 525 2531 solitas
544 2521 554 2534 ,
583 2505 614 2529 et
629 2493 777 2529 vicissim
809 2495 955 2529 Camera
969 2493 1124 2539 supplere
1149 2495 1254 2539 possit
1266 2495 1461 2537 Oneribus,
1487 2496 1610 2541 quibus

129 2544 472 2593 grauata,reperitur,
500 2548 699 2581 inhaerentes
725 2543 966 2590 chirographo
989 2542 1113 2580 Urbani
1141 2544 1238 2588 vm.
1255 2544 1511 2582 Praedecessoris
1539 2547 1611 2581 ΝοΑΒ

1547 2604 1607 2630 stra
