1952 3167
311 359 395 400 252
585 347 658 387 DE
689 345 824 393 JURE
857 345 1194 388 SIGNA'l'URAE
1226 345 1484 395 JUSTlTlAE

312 404 471 446 dicibus
504 407 643 460 quoad
679 407 818 448 merita
849 407 1079 449 Causarum
1102 439 1114 457 ‚
1150 420 1194 448 ut
1227 406 1371 448 scilicet
1401 421 1488 447 uno
1522 404 1754 459 objiciente,

311 470 349 505 e't
376 464 498 505 altero
518 466 781 522 respondente
801 495 813 513 ,
846 481 883 509 et
901 466 954 507 sic
980 466 1226 522 disputando
1243 497 1255 514 ,
1292 466 1430 506 melius
1447 468 1590 507 veritas
1619 466 1751 508 eluce-

309 535 483 573 scat3ut
511 524 679 567 advertit
706 540 871 581 quoque
891 525 1115 566 Fontanella
1148 524 1189 564 in
1210 524 1400 565 recensita
1421 522 1649 573 Decisiorze,
1678 526 1748 580 qui

307 583 472 626 damnat
507 583 624 625 etiam
653 585 845 637 Judicum
874 583 1170 640 garrulitatem,
1204 597 1333 637 quum
1366 580 1494 636 aeque
1527 580 1672 623 vitium
1703 584 1751 627 sit

304 642 515 699 garrulitas
532 673 545 691 ,
579 656 616 684 et
633 643 886 685 taciturnitas
905 675 917 692 ,
949 642 1147 697 refertque
1180 640 1356 682 Neronis
1387 638 1612 698 exemplum
1632 655 1651 681 e
1670 640 1752 684 vita

304 715 327 742 a
360 701 545 744 Suetonio·
561 701 786 758 conscripta
807 731 818 749 ,
856 717 986 758 aequo
1004 700 1099 743 odio
1120 700 1301 744 habentis
1328 715 1394 742 eos
1425 700 1497 755 qui
1528 711 1636 741 extra
1654 715 1751 757 pro-

302 761 478 817 positum
514 762 804 816 loquerentur,
837 775 874 804 et
891 761 967 818 qui
999 760 1116 817 plane
1145 773 1346 803 tacerent.
1385 759 1598 801 Monirum
1617 772 1751 801 tamen

301 817 482 873 ejusdem
513 835 598 862 non
634 820 805 864 omnino
828 820 1104 878 spernendum
1135 833 1191 862 est
1215 852 1228 871 ,
1255 819 1382 866 nihil,
1421 833 1563 874 nempe
1592 849 1605 868 ,
1638 832 1748 870 esse,

297 879 339 919 in
373 895 449 935 quo
481 891 589 923 tanta
623 881 837 924 necessaria
870 879 1161 937 circumspectio
1197 910 1209 928 ,
1233 891 1340 921 tanta
1371 895 1470 936 opus
1497 878 1706 935 prudentia
1734 910 1750 929 ‚

298 953 412 994 quam
447 939 488 980 in
515 939 857 992 Informationibus
873 971 885 989 ,
917 954 953 980 et
976 939 1194 980 Audientiis
1222 937 1479 990 Defensorum
1503 969 1514 986 ,
1539 936 1579 976 in
1611 937 1747 993 quibus

297 996 668 1050 perniciosissimum
701 996 740 1037 in
752 999 894 1052 primis
910 997 1005 1037 nilzll
1021 997 1092 1037 illis
1108 999 1334 1051 respondere
1353 1028 1365 1045 ,
1393 999 1457 1038 secl
1474 998 1750 1045 obmutescere;

294 1052 328 1094 si
353 1054 452 1095 enim
487 1065 578 1111 post
609 1057 808 1097 succubuit
829 1057 952 1103 Pars,
981 1055 1022 1097 id
1050 1055 1184 1096 tribuit
1211 1055 1378 1096 malitiae
1398 1055 1619 1102 Juclicantis
1639 1084 1650 1102 ,
1681 1054 1748 1111 qui

289 1113 423 1155 noluit
441 1113 502 1163 ei,
534 1128 577 1155 ut
597 1115 757 1156 debebat
774 1146 787 1163 ,
819 1115 860 1156 in
876 1129 950 1171 quo
969 1113 1187 1157 consisteret
1221 1114 1427 1167 difficultas
1443 1146 1456 1164 ‚
1484 1114 1524 1155 in
1555 1113 1747 1167 Informa—

294 1171 459 1214 tionibus
474 1174 625 1230 aperire
643 1206 654 1223 ‚
670 1175 735 1215 secl
751 1176 911 1217 tacendo
928 1173 1076 1230 decepit
1098 1189 1183 1215 eum
1198 1205 1210 1222 ‚
1226 1173 1511 1215 existimantem
1530 1188 1584 1215 ex
1602 1187 1645 1214 eo
1662 1173 1747 1214 nul·

292 1230 372 1271 Iam
392 1246 471 1273 esse
489 1233 757 1286 difficultatem
781 1264 793 1281 ,
824 1235 927 1290 quod
942 1234 1087 1275 nullam
1106 1233 1215 1273 <lixit
1244 1233 1375 1278 Iudex
1400 1243 1469 1274 etc.
1491 1246 1528 1273 et
1545 1235 1582 1274 si
1598 1232 1743 1273 malum

291 1300 348 1330 est
362 1300 489 1331 tacere
507 1321 519 1337 ‚
550 1290 666 1346 pejus
688 1304 742 1334 est
760 1293 864 1349 loqui
880 1294 919 1333 in
946 1291 1293 1345 [affirmationibus
1311 1321 1323 1338 ‚
1351 1291 1388 1331 si
1402 1291 1445 1331 icl
1475 1307 1552 1332 non
1576 1290 1635 1341 fit
1654 1304 1742 1331 cum

289 1363 435 1407 magna
468 1350 696 1392 discretione
713 1383 724 1400 ,
761 1365 797 1392 et
809 1351 1017 1406 prudentia
1038 1380 1047 1390 .
1083 1351 1213 1405 Quod
1245 1363 1473 1391 consonum
1492 1349 1671 1406 profecto
1688 1361 1746 1391 est

288 1408 630 1452 animadversioni
665 1411 726 1451 De
762 1412 864 1452 Luca
902 1409 942 1450 in
974 1425 1049 1451 suo
1076 1424 1193 1466 opere
1215 1437 1228 1457 ,
1263 1408 1362 1449 dum
1400 1409 1481 1465 agit
1515 1409 1563 1449 de
1595 1407 1740 1466 legali,

283 1465 372 1507 stilo
392 1497 404 1516 ,
436 1467 506 1510 ubi
527 1483 599 1522 pro
617 1470 808 1510 coronide
837 1468 976 1523 capitis
993 1483 1059 1509 xv.
1095 1468 1236 1523 legitur
1257 1497 1272 1514 ,
1289 1466 1504 1522 expediens
1518 1497 1531 1516 ‚
1567 1482 1707 1523 nempe
1725 1497 1740 1516 ‚

280 1538 361 1566 esse
379 1556 391 1574 ‚
422 1538 460 1567 et
487 1525 635 1568 Causis
667 1540 918 1582 summopere
939 1539 1247 1581 opportunum,
1285 1525 1535 1567 difficultates
1568 1540 1742 1583 expone-

281 1596 354 1632 re,
385 1595 432 1626 ut
448 1583 519 1626 illis
537 1582 761 1627 satisfacere
781 1585 903 1642 possit
921 1584 1153 1635 Defensor;
1185 1598 1359 1628 attamen
1393 1585 1433 1624 id
1468 1586 1587 1626 caute
1624 1598 1740 1640 agen-

282 1641 383 1682 dum
413 1657 497 1691 est,
527 1643 628 1685 itaut
653 1643 879 1686 lnformans
917 1644 1073 1685 urbane
1102 1657 1292 1687 tractetur
1310 1673 1322 1691 ,
1356 1643 1567 1698 eidemque
1596 1643 1744 1685 deside-

280 1699 389 1741 rium
414 1700 581 1756 aliquod
614 1702 908 1745 demonstretur
940 1702 1168 1745 oblectandi
1200 1705 1243 1745 in·
1272 1717 1320 1744 eo
1349 1703 1464 1759 quod
1498 1702 1649 1756 justitia
1670 1717 1741 1745 ex-

283 1760 439 1814 poscit,
472 1775 556 1801 non
587 1773 722 1803 tamen
760 1763 801 1803 in
822 1777 910 1804 eam
932 1762 1128 1813 formam,
1166 1777 1212 1806 ut
1244 1777 1390 1804 certam
1416 1761 1606 1804 victoriae
1631 1776 1741 1818 spem

276 1815 458 1876 Litigans
479 1819 715 1878 concipiat,
732 1835 769 1865 et
789 1821 932 1865 deinde
959 1837 998 1864 -se
1027 1823 1238 1880 deceptum
1255 1836 1334 1862 esse
1352 1833 1632 1874 conqueratur
1651 1849 1667 1863 ο

769 1941 1117 1995 CAPUT
1179 1942 1237 1983 v.

374 2059 440 2103 De
461 2059 624 2103 diuersis
654 2061 864 2118 Rescriptis
881 2093 894 2112 ‚
920 2062 997 2103 sive
1014 2061 1234 2114 clausulis,
1264 2063 1403 2120 quibus
1419 2061 1637 2120 Signatum

636 2120 840 2167 Iustistiae
872 2122 999 2164 utitur
1029 2120 1069 2161 in
1097 2123 1336 2164 rescribendo
1352 2151 1362 2161 .

261 2235 539 2345 Proposita
577 2237 689 2289 jam,
729 2250 767 2278 et
791 2236 1020 2279 examinata
1047 2234 1342 2278 commissione
1377 2235 1419 2276 in
1457 2235 1572 2293 plena
1598 2235 1734 2292 Signa-

374 2306 461 2336 tura
483 2327 496 2345 ‚
530 2295 721 2337 resolutio
741 2328 755 2346 ‚
787 2310 894 2351 quae
910 2293 1025 2347 juxta
1047 2294 1311 2336 concordiam
1326 2293 1609 2351 suffragiorum
1626 2327 1638 2344 ‚
1668 2309 1731 2335 su-

263 2351 401 2406 perius
430 2353 665 2397 recensi-tam
685 2384 698 2402 ‚
735 2368 851 2411 capta
882 2353 988 2403 fuit,
1021 2354 1278 2411 Rescriptum
1298 2355 1518 2412 appellatur
1536 2383 1547 2394 .
1584 2352 1732 2395 Rescri-

258 2423 374 2467 ptum
401 2412 508 2457 enim
526 2444 539 2462 ,
577 2413 972 2462 aitMarchesanus,
1007 2427 1057 2456 ex
1085 2426 1134 2454 eo
1171 2412 1351 2463 dictum,
1387 2413 1483 2470 quia
1510 2414 1588 2470 jam
1615 2412 1729 2469 prius

258 2469 478 2524 scriptum;
512 2486 606 2514 nam
634 2472 807 2514 admissa
836 2487 881 2514 ea
917 2472 1081 2529 regula,
1121 2472 1235 2528 quod
1254 2472 1295 2513 in
1315 2473 1526 2530 Signatura
1545 2471 1725 2519 justitiae

253 2526 355 2567 nihil
386 2543 408 2568 a
441 2530 529 2586 jure
564 2531 762 2573 aberrans
797 2531 956 2573 decerni
984 2531 1135 2588 possit,
1172 2546 1258 2572 non
1295 2532 1488 2574 immerito
1516 2531 1719 2586 Rescripta

254 2585 450 2630 dicuntur
469 2589 572 2633 illius
590 2590 876 2636 Resolutiones
905 2619 918 2639 ‚
953 2604 1057 2647 quae
1090 2588 1204 2646 juxta
1241 2591 1436 2636 diversam
1470 2590 1725 2647 negotiorum

1642 2661 1719 2688 na-
