1952 3167
325 316 413 374 236
604 320 677 363 DE
699 321 837 370 JURE
862 319 1201 366 SIGNATURAE
1224 322 1490 373 JUSTITIAE

325 376 633 422 fideicommissi
660 396 799 439 nempe
819 414 831 432 ,
863 382 1097 423 Donationis
1117 411 1128 428 ‚
1162 385 1347 436 Bermfi.·ii
1365 399 1438 423 erc.
1479 396 1639 422 necnon
1657 382 1774 424 solito

326 437 661 482 honorificentiae
679 442 794 483 titulo
812 474 824 491 ,
856 442 953 483 idest
974 441 1193 481 Reum-ende
1231 440 1375 487 Pater,
1407 436 1621 480 conficitur
1650 468 1664 487 ‚
1695 442 1776 483 bre-

327 496 427 539 viter
457 495 609 540 factum
635 502 879 557 exponendo
902 529 913 547 ‚
935 500 1117 553 illiusque
1133 497 1410 539 substantiales
1429 497 1747 541 circumstantias
1762 532 1775 550 ,

328 570 433 610 quae
451 557 503 597 ad
520 558 934 617 petitionisjustitiam
967 558 1240 605 conducunt,
1281 554 1432 597 omissis
1463 554 1707 609 solemnibus
1735 558 1776 598 il-

323 615 374 657 lis
393 616 741 672 praefationibus,
780 633 884 675 quae
906 617 998 658 alibi
1036 618 1078 658 in
1096 631 1172 658 usu
1192 629 1316 664 sunt,
1346 629 1384 657 et
1409 615 1501 657 vere
1532 614 1778 659 damnabiles

324 675 536 725 existunt,
565 689 602 718 et
620 678 759 719 eadem
776 677 969 720 laudabili
998 677 1184 721 brevitate
1215 675 1427 718 instantiae
1446 673 1647 728 Justitiam
1663 673 1776 718 fove-

327 747 366 774 re
384 762 396 780 2
430 735 491 776 vel
511 735 664 791 legibus
680 767 692 785 ‚
713 737 774 781 vel
790 736 947 779 statutis
967 766 979 784 ‚
1007 737 1068 777 vel
1089 750 1218 778 rerum
1238 733 1512 788 judicatarum
1526 763 1538 781 ,
1555 746 1593 774 et
1615 734 1778 777 Docto-

327 807 417 834 rum
435 795 695 847 auctoritate3
726 810 925 854 postremo
954 797 1098 838 deinde
1119 796 1206 838 loco
1222 827 1234 845 ,
1253 795 1283 837 si
1302 809 1406 851 quae
1424 793 1642 848 sintdubia
1657 826 1669 843 ,
1701 793 1776 837 cla-

325 851 410 894 rius
434 867 479 894 ea
498 854 689 898 solvenda
718 871 815 899 sunt
837 889 849 906 ,
877 870 921 898 ut
945 856 992 897 de
1013 857 1065 897 rei.
1087 855 1250 898 veritate
1270 855 1363 897 satis
1381 867 1534 895 constet
1551 884 1564 902 ,
1586 853 1775 909 nullaque

326 910 526 952 titubatio.
553 915 665 968 apud
703 931 792 965 eos,
827 915 898 970 qui
932 913 1119 971 suffragia
1155 913 1291 955 ferunt
1320 946 1332 964 ,
1367 925 1572 954 remaneat
1606 943 1616 953 .
1665 915 1774 954 Haec

318 968 458 1008 omnia
501 968 737 1026 Scripturae
783 975 968 1013 ordinem
993 1003 1005 1019 ,
1049 987 1093 1013 ac
1129 973 1364 1013 methodum
1399 972 1616 1025 respiciunt
1650 1002 1662 1018 ,
1705 985 1779 1011 su-

320 1036 448 1081 perest
465 1055 477 1076 ,
513 1040 559 1070 ut
578 1030 624 1069 de
643 1031 747 1072 vitiis
768 1031 968 1073 scribendi
990 1031 1230 1072 disseramus
1246 1045 1258 1080 ς
1275 1031 1321 1072 iis
1336 1031 1444 1071 enim
1461 1029 1630 1087 cognitis
1648 1061 1660 1078 ,
1684 1029 1779 1070 nul-

318 1084 345 1124 li
373 1085 548 1128 dubium
566 1102 635 1137 est,
655 1102 754 1131 recte
781 1091 981 1133 scribendi
1001 1090 1230 1132 facultatem
1249 1090 1413 1147 adipisci
1431 1119 1443 1137 ‚
1486 1104 1592 1145 quae
1609 1089 1776 1146 quidem

321 1143 425 1186 felici
463 1147 699 1190 Causarum
731 1151 893 1194 eventui
929 1151 1041 1192 haud
1063 1165 1207 1206 parum
1240 1149 1465 1191 conducit.

442 1206 549 1247 Inter
568 1209 767 1250 scribendi
804 1210 899 1251 vitia
921 1209 1062 1250 merito
1079 1222 1326 1250 recensemus
1351 1207 1632 1251 verbositatem
1669 1207 1776 1250 illam

326 1264 525 1312 nimiam,
555 1281 637 1319 qua
674 1268 714 1307 in
736 1269 902 1310 exordio
918 1269 1159 1323 ›Scripturae
1180 1281 1353 1309 utuntur
1391 1267 1678 1321 quamplurimi
1722 1266 1775 1307 ad

327 1322 620 1365 ostendendam
655 1326 896 1373 eruditionis
930 1326 1140 1382 peritiam,
1176 1326 1275 1365 dum
1295 1339 1433 1381 nempe
1463 1325 1510 1366 de
1531 1324 1773 1380 antiquitate

321 1381 513 1424 Civitatis
532 1413 544 1431 ,
579 1383 610 1425 si
631 1385 769 1428 Causa
796 1386 843 1427 de
866 1387 960 1431 Jure
976 1383 1267 1440 metropolitico
1299 1398 1465 1440 agatur,
1501 1396 1573 1423 aut
1585 1385 1632 1422 de
1653 1397 1774 1438 prae-

319 1440 467 1482 stantia
503 1441 674 1492 alicujus
703 1443 877 1484 familiae
897 1472 912 1489 ,
939 1445 970 1484 si
988 1445 1035 1482 de
1055 1443 1376 1482 Fideicommisso
1392 1472 1404 1489 ,
1439 1441 1568 1481 fusius
1587 1441 1774 1483 disserere

318 1497 511 1540 student.
536 1498 709 1557 Oportet
740 1501 854 1543 enim·
880 1502 921 1541 in
936 1515 1076 1557 genere
1110 1501 1309 1543 scribendi
1337 1499 1527 1552 Judiciali
1564 1499 1778 1541 exordium

323 1571 482 1599 sumere
513 1573 534 1599 a
553 1558 644 1602 sacti
672 1561 802 1617 specie
822 1593 833 1610 ,
868 1560 1055 1615 nihilque·
1073 1559 1321 1616 superfluum
1346 1560 1387 1600 in
1409 1558 1590 1599 medium
1620 1556 1780 1615 profer-

324 1629 365 1657 re
394 1643 407 1661 ,
445 1618 618 1668 quodeo
636 1620 697 1675 vel
716 1620 840 1677 magis
860 1619 976 1661 nobis
1003 1619 1114 1660 cordi
1134 1619 1236 1668 erit,
1272 1619 1303 1660 si
1320 1618 1616 1676 perpendamus
1643 1649 1655 1666 ,
1691 1632 1775 1659 non

325 1687 454 1715 unam
481 1688 559 1717 esse
579 1677 759 1722 Causam
773 1709 786 1727 ‚
822 1679 872 1720 de
892 1694 971 1735 qua
989 1676 1227 1735 suffragium
1245 1677 1355 1720 ferre*
1370 1679 1518 1719 debent
1536 1677 1776 1734 Signaturae

326 1732 488 1780 Judices
504 1764 517 1783 2
539 1749 609 1778 nec
626 1739 798 1782 multum
814 1737 1000 1795 temporis
1021 1737 1092 1778 illis
1108 1738 1264 1795 e‘largiri
1284 1753 1357 1794 pro
1374 1737 1510 1779 studio
1526 1737 1780 1786 Causarum3

316 1804 529 1848 eapropter
560 1795 722 1839 inutiles
763 1796 847 1839 illae
883 1799 931 1839 de
952 1798 1096 1844 rebus,
1130 1797 1292 1838 Causae
1334 1797 1548 1837 articulum
1584 1811 1668 1837 non
1693 1810 1780 1837 tan·

324 1850 513 1908 gentibus
532 1881 544 1899 ‚
563 1854 832 1911 praefationes
849 1856 890 1898 id
907 1868 1067 1911 agunt,
1086 1853 1385 1897 utfastidientes
1417 1855 1581 1909 Judices
1615 1866 1689 1895 aut
1719 1869 1778 1896 re-

323 1911 481 1965 liquum
512 1913 741 1972 Scripturae
769 1916 967 1974 perlegere
994 1945 1006 1963 ,
1040 1929 1085 1956 ac
1113 1915 1338 1972 ponderate
1367 1914 1604 1971 juremerito
1637 1915 1780 1956 abhor-

319 1983 465 2020 ream,
501 1975 776 2018 automatum
805 1975 1050 2019 Causarum»
1067 1988 1278 2017 accuratae
1307 1974 1532 2031 cognitioni
1556 1971 1779 2016 satisfacere

320 2041 405 2069 non
423 2031 577 2087 possint
595 2064 606 2075 .

435 2091 571 2146 AEque
590 2109 635 2137 ac
652 2096 887 2144 verbositas,
902 2096 1049 2138 vitium
1069 2095 1351 2147 estprolixitas
1370 2095 1411 2132 in
1426 2093 1580 2145 reliquo
1594 2087 1776 2145 Scriptu-

322 2160 388 2190 rae
410 2175 420 2193 ,
455 2163 500 2188 ea
523 2153 632 2195 enirn
655 2154 798 2209 majori
831 2151 991 2194 fastidio
1006 2150 1169 2201 J-udices
1200 2149 1350 2198 afficit,
1381 2161 1422 2190 et
1438 2148 1660 2203 aliquando
1680 2162 1774 2189 con-

319 2206 540 2248 troversiae
575 2224 774 2252 summam
813 2208 866 2249 ita
895 2205 1108 2249 confusam
1146 2206 1307 2256 reddit,
1351 2220 1397 2249 ut
1431 2205 1677 2248 defensionis
1712 2221 1773 2247 ar-

316 2274 513 2320 gumenta
550 2280 829 2316 enerventur3
875 2280 914 2309 et
945 2265 1208 2324 &prolixitate
1240 2297 1253 2315 ,
1295 2267 1433 2308 merito
1465 2267 1519 2308 ait
1541 2265 1774 2308 Cardinalis

318 2323 380 2365 De
397 2324 502 2365 Luca
522 2325 624 2380 (ι),
666 2325 963 2386 praejudicium
999 2339 1204 2366 summum
1239 2324 1388 2367 Causis
1419 2326 1511 2382 ipsis
1532 2325 1660 2366 oritur
1679 2353 1691 2370 ,
1724 2339 1770 2366 ex

319 2396 367 2423 ‘30
387 2382 485 2439 quia
505 2384 665 2430 ‚ludices
700 2400 791 2428 cum
809 2384 949 2428 vident
967 2385 1195 2442 Scripturas
1207 2384 1381 2427 nimium
1399 2385 1596 2442 prolixas,
1616 2383 1772 2426 facilius

1718 2442 1768 2484 ab

341 2512 497 2526 ⁸-
1604 2510 1755 2530 m

362 2567 418 2609 (x)
444 2572 515 2613 Cro.
535 2583 566 2614 3,
584 2572 666 2607 dello
686 2572 762 2606 Stile
778 2573 874 2618 legale
898 2597 915 2604 .-
