1993 3195
601 308 630 340 A
661 307 685 339 1³
730 306 754 339 P
798 307 821 340 E
866 307 899 340 N
940 309 973 341 D
1011 308 1024 341 1
1072 307 1101 342 X
1544 317 1591 352 97

111 357 246 398 judices
260 378 270 394 ,
285 353 375 387 omni
390 360 521 387 semoto
536 376 546 392 ,
562 362 598 386 ut
611 364 671 396 par
688 362 738 386 est
757 377 767 390 ‚
797 356 945 388 humana:
975 354 1168 397 cupiditatis
1206 354 1331 389 affectu
1351 374 1363 391 ‚
1411 364 1475 396 prae
1488 356 1595 389 oculis

111 406 217 439 solum
234 402 410 437 habuerint
428 425 438 440 ,
470 411 542 445 quae
558 410 621 435 tam
644 410 774 434 maturo
790 423 799 438 ,
844 409 976 445 tamque
1001 401 1218 436 saluberrimo
1261 409 1339 436 sunt
1373 401 1551 435 constituta
1579 426 1592 442 ‚

110 452 305 486 etordinata
321 448 462 484 consilio
480 448 577 483 facile
604 460 721 483 eorum
749 447 891 493 quilibet
919 456 1094 494 agnoscet,
1123 461 1195 493 quae
1229 451 1282 483 sui
1301 472 1312 487 ‚
1340 459 1371 482 et
1399 459 1470 492 quae
1499 449 1596 483 alieni

106 498 284 533 Ministerii
303 505 408 541 partes
422 509 490 531 esse
503 498 641 531 debeant
663 496 693 530 in
709 495 919 531 admittendis
934 520 944 535 ‚
983 508 1019 531 ac
1034 497 1222 541 respective
1263 496 1451 543 reiiciendis
1469 498 1599 531 Causa·-

107 557 179 581 rum
199 545 491 590 Appellationibus
504 569 513 584 ‚
543 555 574 579 et
596 544 879 589 Inhibitionibu53
910 546 1019 590 Atque
1038 545 1082 579 ita
1098 546 1154 579 fiet
1168 569 1179 584 ‚
1208 554 1245 579 ut
1264 556 1328 579 non
1343 545 1451 579 solum
1470 544 1601 578 unicui-

107 607 171 640 que
188 595 218 629 in
236 607 299 629 suo
314 594 430 628 ordine
443 593 554 627 debita
568 592 817 634 jurisdictionis
832 617 842 632 ‚
867 601 901 627 et
915 594 1127 627 authoritatis
1155 592 1373 639 praerogativa
1416 601 1570 627 servetur
1585 603 1596 632 ;

108 644 172 678 Sed
189 643 286 678 etiam
314 651 373 681 ut,
400 641 555 675 extinctis
575 653 734 685 prorsus,
762 651 800 676 ac
814 641 974 676 radicitus
990 640 1108 676 avulsis
1138 642 1290 676 omnium
1310 641 1564 675 contentionum
1585 665 1596 680 ,

106 700 140 725 et
154 691 394 726 discordiarum
424 689 630 728 seminibus,
660 698 778 723 mutuo
791 689 962 724 charitatis
996 689 1132 724 vinculo
1170 689 1367 724 Tribunalia
1392 688 1562 723 socientur
1584 713 1596 729 ,

106 748 140 773 et
155 741 236 775 inter
251 738 303 772 illa
318 737 408 772 recte
436 738 553 782 agendi
580 737 756 782 disciplina
783 737 978 772 Christiano
1001 738 1131 783 Populo
1151 738 1242 772 utilis
1258 762 1268 778 ,
1301 748 1334 772 et
1353 737 1533 773 necessaria
1547 748 1596 772 re-

107 795 290 822 st1tuatur.

203 836 350 868 Demum
380 843 417 869 ut
434 835 590 879 exemplo
620 836 772 876 Nostro,
804 836 932 869 Omnes
948 834 1193 880 praemissorum
1240 835 1432 869 executioni
1462 836 1560 869 caute
1582 857 1594 874 ,

109 892 142 918 et
158 895 220 928 pro
235 882 361 917 viribus
389 883 581 918 incumbant
600 906 610 921 ‚
639 892 670 917 et
684 893 721 918 ut
749 883 929 928 praesertim
969 883 1118 917 Notariis
1132 907 1142 923 ‚
1172 883 1431 917 Tabellionibus
1447 906 1456 922 ,
1487 891 1521 916 et
1542 894 1597 916 eo-

109 945 183 967 rum
201 931 394 972 Actuariis‚
426 941 459 966 et
481 931 674 966 Substitutis
702 933 808 967 omnis
823 931 1094 966 contraveniendi
1122 943 1198 965 ansa
1227 932 1436 975 praecidatur
1454 954 1465 970 ,
1503 931 1598 965 volu-

107 993 206 1019 mus,
232 990 265 1014 et
281 991 437 1025 expresse
464 983 654 1015 mandamus
670 1004 680 1018 ,
710 981 889 1015 Processus
911 1004 921 1020 ,
953 981 1084 1014 etActa
1099 979 1287 1014 Causarum
1320 979 1351 1013 in
1379 978 1504 1013 Nostra
1529 978 1596 1012 Ro-

107 1041 202 1064 mana
217 1030 323 1064 Curia
351 1040 461 1063 coram
477 1027 596 1072 quovis
622 1029 740 1068 Judice
765 1029 983 1073 pendentium
1002 1051 1011 1067 ‚
1039 1040 1076 1062 ac
1095 1027 1313 1062 Inhibitiones
1336 1051 1346 1067 ,
1388 1025 1597 1071 Appellatio·

106 1090 163 1112 nes
180 1102 190 1117 ,
219 1078 427 1117 Monitoria,
459 1077 604 1122 aliasque
631 1076 846 1114 Citatoriales
871 1101 881 1116 ,
914 1085 948 1111 et
977 1076 1225 1111 Inhibitoriales
1249 1076 1386 1114 literas,
1440 1086 1523 1119 quas
1555 1076 1595 1109 ab

108 1127 224 1160 iisdem
243 1126 393 1160 Notariis
412 1150 422 1165 ‚
450 1137 634 1170 eorumque
665 1125 882 1164 substitutis,
912 1124 1117 1162 scientibus,
1151 1125 1205 1159 vel
1224 1124 1339 1158 insciis
1367 1122 1547 1164 judicibus
1577 1147 1589 1163 ‚

106 1176 158 1209 vel
177 1174 252 1208 alias
269 1173 525 1219 quomodolibet
543 1174 761 1217 inposterum
788 1173 939 1217 expediri
957 1172 1137 1218 contigerit
1150 1195 1159 1211 ,
1192 1173 1310 1207 sedulo
1340 1170 1538 1216 recognosci
1575 1195 1586 1209 ‚

105 1231 139 1257 et
155 1222 336 1256 examinari
353 1232 412 1266 per
423 1222 487 1256 fide
505 1220 620 1265 dignas
648 1222 808 1255 Personas
821 1223 837 1255 a
856 1221 964 1255 Nobis
980 1222 1171 1265 opportune
1198 1219 1408 1264 deputandas
1423 1243 1433 1258 ,
1472 1230 1544 1264 quae
1561 1218 1590 1253 si

105 1271 383 1314 deprehenderint
408 1294 419 1309 ‚
446 1272 575 1304 easdem
605 1269 825 1304 lnhibitiones
850 1280 967 1304 contra
982 1271 1078 1308 huius
1112 1268 1387 1303 Constitutionis
1408 1268 1544 1302 formam
1579 1291 1591 1306 ‚

106 1327 138 1353 et
154 1321 192 1352 ad
206 1317 482 1362 subterfugienda
502 1317 763 1353 ordinariorum
780 1342 790 1357 ,
822 1318 1112 1363 eth'piscoporum
1145 1317 1272 1356 iudicia
1295 1342 1304 1356 ‚
1350 1315 1493 1362 quaesito
1525 1326 1595 1361 gra-

104 1366 246 1400 vaminis
272 1365 385 1400 colore
400 1365 501 1400 fuisse
520 1377 693 1410 perperam
722 1378 892 1401 concessas
909 1390 918 1406 ‚
946 1376 978 1400 et
991 1366 1162 1410 expeditas
1176 1389 1186 1405 ‚
1217 1366 1248 1400 in
1271 1367 1410 1400 eosdem
1431 1364 1594 1399 Notarios

106 1423 140 1448 et
158 1415 356 1448 Substitutos
394 1413 574 1448 Canonicis
604 1414 709 1456 poenis
730 1439 741 1454 ‚
766 1414 907 1460 aliisque
935 1427 953 1448 a
980 1414 1088 1449 Nobis
1114 1425 1214 1460 supra
1243 1413 1411 1459 expressis
1437 1436 1449 1452 ,
1479 1411 1593 1448 severe

104 1473 167 1507 pro
188 1462 290 1496 modo
311 1460 418 1506 culpae
435 1461 699 1496 animadvertant
716 1486 726 1496 .

206 1511 434 1545 Decernentes
451 1510 508 1544 has
525 1520 703 1554 praesentes
731 1509 844 1544 literas
859 1517 925 1544 etc.

202 1607 285 1641 Non
300 1605 511 1640 obstantibus
541 1613 605 1638 etc.

204 1655 334 1689 Datum
366 1655 481 1688 Romae
514 1654 601 1696 apud
617 1652 649 1685 S.
668 1652 807 1687 Mariam
828 1653 991 1691 Maiorem
1019 1651 1121 1686 tertio
1153 1651 1228 1687 Kal.
1258 1651 1384 1695 Aprilis
1413 1662 1499 1686 anno
1529 1652 1582 1686 In-
1628 1673 1631 1676 .

106 1702 303 1737 carnationis
332 1702 525 1737 Dominicae
552 1699 733 1735 millesimo
746 1700 1044 1746 septingentesimo
1064 1701 1318 1747 quadragesimo
1335 1701 1482 1736 secundo
1497 1700 1584 1735 Pon-

108 1750 251 1786 tificatus
265 1751 384 1786 Nostri
404 1762 490 1786 anno
514 1751 662 1784 secundo
682 1773 691 1784 .

174 1920 502 1973 Declarationes
534 1919 588 1969 ad
613 1848 847 1969 ηοηιξῖἰῐέζ
852 1851 936 1970 ξιξ(
939 1851 1144 1970 1DLect-etis
1165 1938 1242 1991 per
1271 1920 1523 1990 Collegium

379 1998 609 2062 Signaturae
637 1995 811 2056 Justitiae
829 1995 973 2053 ,editis
990 2027 1004 2049 ,
1038 2007 1083 2042 et
1113 1994 1322 2062 evulgatis

541 2065 616 2115 sub
639 2065 709 2115 die
741 2086 786 2127 3.
807 2067 968 2139 Aprilis
1003 2085 1157 2129 1742.

262 2185 396 2229 ‘Nerius
416 2186 479 2219 Tit.
495 2189 526 2220 5.
543 2184 713 2220 Eustachii
727 2189 760 2219 S.
773 2190 811 2227 R.
825 2189 864 2219 E.
881 2186 1047 2219 Diaconus
1076 2185 1261 2219 Cardinalis
1276 2186 1430 2221 corsinus

398 2235 579 2278 Signatum
607 2234 743 2269 Iustitiae
766 2238 822 2269 SS.
841 2239 882 2268 D.
895 2235 949 2278 Ν.
970 2237 1068 2279 ‘Papae
1097 2233 1278 2275 Praefectus
1294 2257 1305 2268 .

110 2326 139 2361 Ι.
284 2329 370 2363 Uum
400 2340 460 2373 pro
487 2336 600 2368 recta,
627 2336 660 2362 et
683 2325 785 2362 celeri
814 2327 953 2366 justitiae
986 2327 1273 2362 administratione
1295 2352 1306 2368 ‚
1331 2339 1368 2363 ac
1397 2330 1437 2363 ad
1470 2339 1595 2363 consu-

274 2376 407 2412 lendum
433 2377 566 2412 insimul
599 2375 738 2414 Curiae,
764 2373 1032 2420 etLitigantium
1065 2376 1298 2411 commoditati
1316 2388 1422 2420 nuper
1448 2378 1511 2411 sub
1538 2376 1594 2411 die

113 2433 145 2467 3.
175 2423 303 2468 Aprilis
329 2426 480 2468 proxime
504 2424 659 2470 praeteriti
692 2435 751 2468 per
781 2423 967 2467 Signaturae
1003 2423 1149 2463 justitiae
1185 2424 1382 2470 Collegium
1413 2436 1490 2459 cum
1520 2436 1595 2469 spe-

111 2470 187 2505 ciali
216 2473 453 2516 approbatione
480 2471 682 2508 Sanctissimi
727 2473 774 2505 D.
797 2472 844 2505 N.
870 2471 968 2514 Papae
1007 2471 1181 2505 Benedicti
1220 2472 1312 2509 XIV.
1350 2472 1496 2508 feliciter
1528 2472 1597 2507 Re-

101 2519 266 2565 ,gnantis‚
294 2521 390 2566 plura
414 2522 526 2561 edita,
555 2529 588 2554 et
625 2518 778 2566 evulgata
811 2519 937 2554 fuerint
967 2518 1111 2554 salubria
1136 2519 1283 2556 Decreta
1309 2544 1320 2561 ‚
1347 2533 1365 2555 a
1392 2521 1515 2567 quibus
1546 2533 1597 2555 sa-

1135 2579 1154 2601 n
1550 2569 1599 2603 lu-
