1993 3195
571 335 812 378 CAPU
846 336 888 378 T,
947 338 994 378 11.
1457 358 1531 384 11¹1

70 414 205 460 gerens
230 399 268 439 in
287 397 407 453 legnz.
425 395 577 454 Digest.
595 395 629 438 .ςὶ
644 396 728 452 quis
749 396 788 438 ἱη
808 396 878 453 jus
896 407 1077 442 vocatus,
1099 394 1197 438 dum
1218 410 1305 438 eam
1328 404 1537 454 proposuit

71 456 359 517 quaestionem,
373 456 440 497 secl
457 457 644 512 quomodo
661 457 732 498 erit
741 456 872 512 judex
888 455 927 496 in
947 470 1060 497 causa
1071 455 1251 511 propria,
1267 459 1535 512 respondetur,

67 527 214 560 nonest
233 515 273 556 ἱη
288 529 356 556 sua
379 544 391 563 ‚
409 527 594 571 quantum
626 516 680 556 acl
694 515 899 557 utilitatem
920 545 931 563 ,
961 528 1002 556 ut
1026 514 1175 571 aliquid
1193 515 1343 558 dicatur
1368 532 1447 558 esse
1463 519 1536 559 all-

65 575 175 631 cujus
192 607 205 625 ,
221 584 264 616 ut
282 571 383 627 infra
402 606 413 623 ,
431 577 584 631 quando
603 576 871 631 appellandum
901 575 949 616 sit
969 604 982 622 ,
998 576 1075 632 leg.
1097 589 1110 614 1
1123 606 1131 613 .
1154 573 1196 631 §-
1220 575 1259 616 in
1274 576 1432 633 propria
1451 608 1463 625 ,
1482 577 1534 618 ita

66 650 140 678 nos
160 633 444 677 animadvertit
472 666 485 684 ‚
522 635 591 676 secl
612 634 834 689 jurisdictio
868 649 939 676 sita
967 634 1266 692 pronunciando
1299 636 1535 691 ampliatur,

61 693 342 755 pronunciabi}
367 708 461 752 ergo
487 709 527 736 se
547 694 722 742 ,Iudicem
751 709 858 744 esse,
887 695 946 735 vel
969 709 1046 736 non
1080 708 1194 744 esse3
1227 693 1258 736 C
1260 695 1410 750 ujacius
1439 709 1534 739 vero

63 753 294 799 Accursium
331 753 614 809 reprehendit,
633 767 675 795 at
702 768 910 810 perperam
929 785 942 804 ,
960 769 1053 796 nam
1073 765 1175 796 recte
1194 751 1296 796 dixit
1312 753 1371 796 iile
1389 786 1401 805 ‚
1418 754 1534 803 Judi-

58 828 147 857 cem
165 815 206 856 in
228 813 368 856 Causa
386 813 547 870 propria
565 812 629 871 jus
647 812 774 854 dicere
791 844 804 862 ,
821 828 870 855 ex
890 828 935 854 ea
954 814 1089 860 forsan
1110 813 1264 856 ratione
1277 844 1289 863 ,
1306 814 1401 870 quia
1421 827 1457 857 et
1474 813 1536 870 ju-

63 873 239 916 risdictio
271 887 339 932 per
372 887 465 914 eum
489 886 757 932 prorogatur,
791 886 828 914 et
856 871 922 926 jus
944 888 1066 916 suum
1085 871 1247 930 ipsemet
1264 885 1400 916 tuetur
1418 905 1430 923 ‚
1464 874 1536 914 de-

62 932 253 976 cisionem
286 947 427 989 nempe
455 932 609 974 ferendi
644 932 686 973 in
702 946 776 982 ea,
808 933 869 976 Vel
900 933 942 974 in
977 932 1040 974 illa
1077 932 1246 983 Causa,
1281 930 1345 983 jus
1372 931 1532 975 dicendi

63 990 106 1032 in
136 992 280 1042 istam,
308 992 369 1036 vel
405 991 510 1034 illam
542 1006 754 1048 personam
774 1006 791 1042 ;⁷
822 991 925 1034 itaut
956 991 1138 1049 quotidie
1177 993 1218 1034 in
1249 992 1332 1033 aliis
1352 991 1535 1034 Ditioni-

61 1051 139 1094 bus
155 1052 315 1099 Judices
347 1051 390 1092 in
422 1050 599 1100 Causis,
629 1049 749 1108 vulgo
779 1051 1070 1108 competenti-ae
1094 1051 1239 1101 dictis,
1273 1051 1375 1093 inter
1405 1064 1443 1092 se
1461 1049 1534 1092 mi-

59 1124 154 1151 rum
193 1111 234 1152 in
262 1110 431 1153 modum
462 1111 660 1153 decertare
692 1141 705 1159 ‚
754 1123 791 1152 et
828 1109 1053 1165 aliquando
1086 1110 1196 1152 omni
1232 1110 1352 1151 ferme
1380 1122 1533 1152 conatu

57 1168 295 1209 acerrimam
325 1182 439 1220 agere
474 1168 606 1212 litem,
633 1168 995 1209 demonstravimus
1029 1169 1071 1207 in
1109 1167 1443 1209 adnotationibus
1480 1167 1533 1209 ad

59 1224 346 1277 eruditissimos
366 1223 397 1265 C
397 1222 675 1265 ommencart‘os
704 1223 906 1266 Francisci
923 1225 1081 1280 Rapollcz
1110 1226 1263 1272 dejure
1280 1225 1412 1281 Regni
1427 1226 1533 1266 Nea-

50 1283 220 1343 politani
249 1284 322 1342 (1)
344 1313 354 1325 .
392 1282 587 1325 Diximus
620 1282 726 1324 enim
759 1314 772 1333 ,
800 1283 831 1324 si
868 1282 1009 1326 Causa
1040 1283 1276 1327 introducta
1311 1284 1361 1325 sit
1396 1297 1534 1326 coram

56 1344 196 1393 =iudice
217 1342 583 1401 incompetenti‚ab
605 1342 806 1384 Auditore
824 1341 1062 1399 Signaturae
1077 1357 1164 1384 eam
1184 1343 1329 1386 remitti
1350 1343 1402 1398 ad
1418 1343 1534 1390 Judi-

55 1418 140 1446 cem
156 1417 470 1461 competentemz,
489 1415 530 1444 at
549 1402 580 1444 si
600 1417 645 1443 ea
663 1401 786 1452 fuerit
802 1401 1016 1452 instructa,
1034 1414 1070 1444 et
1086 1416 1177 1458 pars
1195 1401 1531 1458 incompetentiae

56 1463 293 1522 exceptione
318 1479 390 1505 usa
409 1477 496 1505 non
517 1474 637 1510 esset,
652 1473 751 1503 tunc
780 1460 912 1502 dictus
927 1460 1110 1502 Auditor
1128 1489 1142 1508 ,
1161 1459 1402 1503 remittendo
1420 1459 1534 1502 Cau-

54 1537 143 1566 sam
160 1524 214 1566 ad
229 1536 530 1581 competentem
547 1520 730 1570 Judicem
748 1519 960 1562 decernere
984 1520 1102 1563 debet
1117 1519 1372 1564 refectionem
1387 1533 1532 1578 expen-

53 1596 192 1627 sarum
225 1584 366 1628 favore
406 1581 567 1626 Actoris
597 1596 612 1631 ς
648 1579 703 1622 ita
738 1595 915 1637 namque
955 1579 1194 1621 Cardinalis
1223 1579 1532 1639 Argenvillieres

53 1641 312 1687 Pro-auditor
326 1643 685 1697 Pontificis‚quum
707 1654 845 1683 coram
865 1655 913 1682 eo
931 1639 1180 1695 disputatum
1192 1639 1331 1682 fuisset
1350 1639 1397 1680 de
1409 1637 1532 1680 Com-

51 1704 232 1758 petentia
252 1703 564 1751 jurisdictionis
583 1733 594 1751 ,
621 1700 834 1744 avocando
868 1699 1052 1742 Causam
1067 1731 1088 1750 ,.
1110 1699 1252 1741 merito
1275 1697 1390 1755 jussit
1420 1694 1527 1739 refici

53 1773 247 1818 expensas
264 1792 278 1811 ,
294 1775 343 1803 ut
361 1762 533 1806 obviam
565 1762 638 1804 iret
653 1760 867 1802 calumniis
882 1790 896 1809 ,
913 1771 951 1802 et
966 1757 1224 1816 subterfugiis
1242 1756 1506 1814 Litigantium
1518 1786 1528 1797 .

176 1820 249 1860 Ad
265 1817 462 1860 eumdem·
478 1820 720 1859 Auditorem
744 1819 917 1872 pertinet
934 1818 1144 1861 decernere
1159 1848 1172 1866 ‚
1193 1831 1398 1872 quaenam
1416 1815 1538 1857 Cau*

53 1891 118 1920 sae
134 1908 148 1927 ,
179 1877 243 1920 vel
267 1874 585 1917 Commissiones
603 1875 747 1929 dignae
779 1873 862 1915 sint
887 1875 1041 1926 judicio
1079 1875 1220 1930 plenae
1258 1875 1499 1931 Signaturae
1515 1905 1539 1925 ‚.

54 1935 121 1977 cui
151 1937 203 1977 ab
234 1935 377 1976 eodem
409 1933 672 1975 remittuntur
691 1961 702 1978 ,
731 1931 994 1973 concedendo
1027 1932 1188 1975 interim
1206 1932 1538 1975 Recurrentibus

51 1992 384 2049 supersessoriam
403 2020 417 2039 ,
448 2005 577 2044 usque
607 1989 662 2028 ad
687 1989 858 2044 primam
874 2022 888 2040 ,
917 1990 977 2034 vel
992 1991 1206 2048 respective
1222 1992 1444 2033 secundam
1468 1991 1528 2031 Si-

52 2064 273 2110 gnaturam
289 2081 299 2093 .
332 2050 432 2091 Non
452 2062 591 2091 omnes
619 2047 726 2088 enim
742 2078 756 2096 ,
782 2061 827 2091 ut
851 2049 970 2092 etiam
1002 2049 1174 2095 advertit
1201 2049 1265 2092 De
1281 2051 1387 2092 Luca
1423 2049 1528 2106 (2),

56 2111 360 2155 commissiones
376 2109 417 2152 in
436 2109 553 2167 plena
579 2106 794 2163 Signatum
812 2122 1102 2163 proponuntur
1117 2141 1132 2160 ‚
1161 2110 1232 2153 sed
1255 2109 1388 2152 solum
1408 2109 1494 2150 illae
1512 2141 1526 2160 ,

55 2185 171 2229 super
188 2168 536 2228 quibusdubium
567 2179 771 2223 emergat,
802 2179 854 2206 an
872 2165 1065 2216 admitti,
1097 2168 1160 2211 vel
1179 2169 1288 2211 reiici
1316 2169 1524 2219 debeant;

59 2243 266 2289 eapropter
284 2230 316 2273 si
336 2226 607 2273 Adversarius
626 2235 786 2282 exoptet
802 2223 908 2280 justa
926 2225 973 2267 de
993 2240 1114 2268 causa
1138 2226 1327 2283 impedire
1345 2228 1528 2270 commis-

58 2287 184 2332 sionis
216 2288 470 2334 transmissae
506 2284 825 2344 propositionem
839 2315 855 2334 ,
897 2298 1105 2328 recursum
1147 2287 1294 2329 habere
1329 2286 1446 2332 debet
1473 2287 1526 2330 ad

58 2345 306 2392 Auditorem
323 2382 336 2400 ,
365 2348 531 2393 citando
548 2357 699 2403 partem
719 2344 884 2386 alteram
897 2375 910 2394 ,
941 2357 988 2387 ut
1003 2361 1078 2388 suo
1095 2345 1184 2388 loco
1202 2346 1379 2390 diximus
1396 2375 1405 2385 .

174 2407 383 2453 Adversus
418 2410 586 2450 Decreta
607 2402 701 2447 dicti
721 2402 961 2460 Signaturae
985 2404 1199 2447 Auditoris
1226 2419 1306 2448 tam
1331 2402 1534 2445 remissio--

1459 2462 1531 2506 nis,

372 2534 1525 2552 ---..--------..-..-..-....

110 2597 166 2637 (1)
190 2600 272 2631 Part·
287 2606 315 2629 1.
339 2604 406 2640 cap.
424 2605 457 2638 7.
590 2595 645 2638 (2)
667 2598 704 2629 In
720 2594 824 2631 Relat.
845 2595 947 2629 Curiae
962 2594 1042 2629 disc.
1058 2602 1112 2636 32.
1135 2595 1213 2627 7306.
