2075 3167
413 295 466 336 66
704 299 777 340 DE
808 300 943 347 JURE
976 305 1314 353 SIGNMURAE
1346 310 1609 358 JUSTITIAE

413 365 450 394 et
467 352 563 395 hora
583 368 684 398 certa
707 372 719 406 ;
745 371 788 401 at
815 361 936 405 hodie
959 365 1078 409 iidem
1108 367 1193 412 illos
1211 370 1457 417 Audientiae
1487 372 1573 414 dies
1601 383 1791 418 servant,
1830 372 1900 428 qui

410 425 432 452 a
461 414 564 456 Rota
590 415 859 462 observantur
880 453 890 463 .

528 474 596 516 Est
624 487 663 516 et
693 476 766 517 alia
805 479 1025 527 differentia
1047 485 1148 528 inter
1166 489 1502 540 Commissarios,
1539 501 1576 532 et
1604 502 1776 532 caeteros
1808 490 1902 534 alios

411 529 594 583 iudi-ces,
628 549 722 576 narn
737 536 1122 587 Commissariorum
1151 549 1341 595 ,ludicum
1360 550 1589 599 Jurisdictio
1605 548 1791 603 expirat,
1822 563 1904 592 sta-

406 590 482 632 tim
501 624 514 642 ,
543 607 588 635 ac
606 593 726 635 feriae
746 597 903 644 Rotales
922 603 1095 646 indictae
1114 621 1213 652 sunt
1230 642 1242 660 ,
1272 625 1292 652 a
1310 626 1441 654 mense
1461 623 1599 664 nempe
1618 608 1727 655 ,lunii
1744 639 1756 657 ‚
1774 623 1900 664 usque

408 649 687 709 adintegrurn‘
709 670 883 702 mensem
914 663 1177 720 Septembris;
1211 669 1315 712 itaut
1342 672 1372 712 si
1406 685 1496 728 pars
1526 668 1658 723 aliqua
1689 667 1793 708 litem
1812 682 1900 734 pro·

406 710 518 764 sequi
555 712 782 765 desiderat,
816 721 1039 764 obtinenda
1056 723 1235 780 primum
1253 743 1309 771 est
1330 728 1573 772 Commissio
1591 756 1603 774 ,
1631 741 1734 781 quae
1753 728 1899 768 dicnur

404 768 796 826 derogatoriafhriis‚
831 795 906 822 suo
924 781 1011 823 loco
1024 787 1324 830 transcribenda
1350 820 1360 831 .
1396 787 1565 846 Expirat
1597 785 1714 828 etiam
1742 785 1900 828 illorum

404 826 634 872 JurlSdICtlo
650 857 664 877 2
704 835 801 877 dum
818 839 1042 884 Sententias
1059 843 1226 888 ferendo
1242 847 1372 891 functi
1391 862 1486 890 sunt
1509 845 1640 887 officio
1660 860 1734 887 suo
1749 875 1761 892 ‚
1781 846 1898 895 itaut,

401 886 432 924 si
451 887 553 942 quid
573 890 623 931 ab
639 890 694 932 eis
710 895 999 951 explicandum
1018 901 1068 943 sit
1087 934 1098 951 ‚
1136 919 1240 949 nova
1256 907 1439 965 indigent
1461 899 1785 954 Commissio‘slffi
1821 918 1895 961 ΠΕΟ

399 958 521 999 super
547 948 708 1003 reliquis
737 957 934 1003 annexis,
967 970 1005 999 et
1041 964 1237 1006 connexis
1263 981 1410 1008 manns
1457 964 1606 1022 apponi
1643 976 1812 1027 possunt
1842 965 1896 1005 ab

398 1000 709 1054 aliisjudicibus
728 1009 991 1062 ordinariis,
1021 1030 1152 1069 quum
1186 1037 1232 1063 ea
1264 1026 1492 1080 pertineant
1529 1021 1582 1061 ad
1609 1034 1675 1060 eOS
1706 1020 1894 1071 judices,

397 1061 549 1116 quibus
583 1061 724 1106 Causa
744 1068 931 1123 primurn.
949 1075 1156 1120 commissa
1170 1079 1275 1131 fuit;
1302 1082 1353 1123 ita
1371 1083 1487 1125 etiam
1507 1078 1675 1135 quando
1702 1080 1754 1120 ad
1773 1079 1894 1122 Cau·
1913 1097 1916 1101 '

394 1134 480 1161 sam
505 1120 777 1168 admittendus
805 1129 856 1170 ‘sit
874 1130 1019 1187 aliquis
1048 1135 1232 1180 interesse
1260 1141 1440 1188 habens,
1472 1140 1514 1179 id
1545 1140 1564 1177 ὲ
1589 1137 1890 1180 Commi-“sasiis

391 1175 600 1229 judicibus
628 1181 712 1223 fieri
750 1198 835 1227 non
853 1201 1009 1245 potest,
1040 1193 1113 1236 nisi
1135 1211 1207 1252 pro
1235 1196 1471 1251 hujusmodi
1494 1195 1732 1238 admissione
1763 1196 1890 1239 Com·

392 1237 527 1279 missio
552 1238 664 1293 priu's
681 1241 888 1298 impetrata
907 1249 1053 1301 fuerit,
1084 1266 1124 1295 et
1142 1255 1288 1298 deinde
1304 1272 1395 1313 pars
1411 1273 1458 1300 ex
1477 1257 1645 1296 adverso
1677 1255 1819 1296 citetur
1837 1257 1890 1298 ad

393 1295 596 1337 (licendum
632 1311 765 1342 contra
790 1304 1130 1361 Commissionem,
1160 1324 1198 1356 et
1226 1316 1432 1358 videndam
1451 1315 1576 1371 juxta
1611 1312 1886 1367 flliusformam

391 1355 572 1397 mandari
580 1360 740 1412 procedi
752 1375 765 1409 ;
795 1378 919 1419 prout
949 1368 1119 1413 adnotat
1151 1372 1399 1431 Ridolplzinus
1420 1376 1460 1417 z'n
1482 1373 1603 1430 proxi
1618 1402 1628 1412 ·

510 1413 766 1460 Constitutio
790 1437 813 1463 a
841 1424 1044 1469 Benedicto
1059 1430 1170 1474 XIV.
1209 1435 1460 1489 promulgata
1495 1434 1572 1475 sub
1590 1434 1726 1473 (latum
1743 1434 1887 1477 Romae

392 1473 462 1515 VI.
484 1475 593 1515 Non.
611 1475 780 1521 Octobris
802 1485 929 1536 1746·
947 1500 1051 1541 ‚qua
1071 1488 1276 1534 distinctio
1295 1487 1626 1549 fuirpraescripta
1653 1490 1754 1534 inter
1773 1492 1886 1536 Cau-

388 1545 450 1574 sas
469 1533 625 1575 Rotales
644 1564 656 1581 ‚
690 1551 728 1578 et
742 1539 1013 1595 Praelatitias‚
1041 1550 1173 1603 tangit
1204 1551 1321 1594 etiarn
1354 1552 1553 1594 dictorum
1572 1550 1761 1599 Judicum
1790 1568 1885 1596 mu-

389 1604 470 1634 nus
493 1607 505 1641 3
532 1597 789 1647 quumvenim
825 1616 908 1642 non
936 1619 1075 1648 omnes
1112 1598 1276 1653 Causae
1304 1612 1355 1654 illi
1390 1611 1580 1654 committi
1611 1611 1792 1668 possint,
1820 1628 1884 1656 re*

390 1662 450 1691 cta
488 1652 588 1693 ratio
620 1658 874 1711 expostulat,
924 1663 1022 1706 scire
1043 1695 1056 1713 ‚
1085 1681 1288 1722 quaenam
1316 1672 1362 1714 iis
1411 1672 1490 1713 sint
1536 1669 1880 1720 committendae,

387 1723 493 1763 quae
512 1725 606 1753 vero
629 1727 742 1765 nont,
780 1732 990 1778 eapropter
1007 1724 1071 1768 hic
1105 1742 1271 1772 monere
1294 1732 1507 1781 debemus,
1540 1730 1642 1772 dic-ta
1666 1729 1881 1774 Constitu-

387 1767 497 1809 tione
522 1783 688 1814 cautum
702 1773 824 1819 fuisse
840 1807 853 1825 ‚
888 1795 933 1822 ut
952 1781 1118 1827 Causae
1136 1789 1339 1839 graviores
1354 1806 1494 1833 omnes
1509 1819 1522 1836 ‚
1546 1804 1649 1845 quae
1667 1789 1707 1830 ln
1727 1791 1880 1833 Roma·

387 1841 439 1868 na
463 1826 593 1869 Curia
615 1859 627 1876 ‚
662 1835 802 1875 tamin
821 1837 1034 1881 Tribunali
1071 1837 1161 1884 Effii
1191 1847 1346 1888 Vicarii
1378 1879 1391 1898 ,
1433 1862 1557 1903 quam
1585 1860 1720 1890 coram
1745 1849 1800 1890 A.
1819 1849 1874 1892 C.

384 1886 426 1925 in
446 1886 572 1941 prima
593 1888 781 1934 inst-antia
807 1895 1032 1951 judicatae,
1067 1916 1104 1944 et
1121 1902 1307 1948 definitae
1342 1905 1601 1963 reperiuntur
1618 1935 1632 1954 ,
1665 1907 1706 1946 in
1727 1921 1878 1948 secun-

384 1943 436 1984 da
455 1943 643 1986 instantia
678 1950 911 1995 nullatenus
939 1958 1121 2002 praelatis
1164 1976 1274 2005 extra
1310 1965 1485 2012 Rotam,
1518 1978 1590 2005 nec
1626 1963 1719 2017 ipsis
1746 1965 1873 2008 Rotae

379 2002 683 2055 Au-ditoribus,
718 2008 779 2050 uti
817 2013 1029 2066 praelatis,
1061 2031 1141 2061 tam
1174 2019 1216 2062 in
1245 2023 1492 2079 possessorio
1518 2053 1532 2072 ³
1566 2035 1691 2077 quam
1727 2022 1768 2062 5¹¹
1800 2038 1893 2081 P&

376 2061 512 2104 titorio
540 2065 732 2108 committi
770 2084 956 2127 unquam
981 2077 1165 2130 possint,
1204 2092 1244 2121 et
1276 2081 1478 2131 debeant,
1510 2081 1580 2123 sed
1598 2079 1761 2136 quidem
1789 2083 1871 2126 reim

375 2120 430 2161 in·
438 2120 627 2176 petitorio
643 2155 655 2174 ,
692 2141 816 2182 quam
837 2128 879 2170 in
896 2134 1142 2187 possessorio
1163 2136 1328 2182 Iudicio
1361 2138 1539 2193 ejusdem
1552 2140 1676 2182 Rotae
1688 2140 1871 2183 Audito-

379 2180 440 2221 rio
451 2179 623 2225 omnino
653 2197 732 2226 esse
750 2216 764 2234 ,
796 2199 835 2228 et
850 2187 936 2231 fore
953 2193 1260 2239 committendas
1280 2229 1290 2238 .
1327 2198 1474 2299 quum
1491 2215 1588 2243 vero
1606 2200 1766 2242 Causae
1783 2215 1867 2257 gra-

377 2238 508 2281 viores
528 2240 759 2297 hujusmodi
778 2245 828 2288 ad
844 2248 1072 2294 Romanam
1104 2252 1281 2299 Curiam
1314 2257 1362 2299 de
1381 2273 1547 2301 erantur
1563 2258 1604 2300 in
1622 2259 1751 2317 gradu
1772 2261 1862 2316 Ap-

375 2297 598 2353 pellationis
626 2315 647 2341 a
666 2303 910 2355 Sententiis,
943 2311 1198 2363 etJudicatis
1229 2331 1588 2375 quorumcumque
1601 2318 1792 2366 ,ludicum
1811 2319 1859 2360 de

374 2355 584 2412 partibus,
615 2358 788 2403 liberum
821 2366 987 2420 quidem
1004 2370 1055 2412 sit
1072 2371 1177 2414 Parti
1214 2376 1427 2431 appellanti
1462 2392 1537 2433 pro
1557 2393 1633 2419 suo
1654 2376 1816 2420 arbitrio
1846 2407 1860 2427 ‚

376 2414 438 2455 vel
490 2430 554 2457 eas
591 2418 814 2465 immediate
858 2424 986 2470 eidem
1022 2430 1146 2472 Rotae
1179 2430 1408 2478 Auditorio
1442 2435 1633 2479 committi
1693 2436 1822 2479 facere
1845 2468 1859 2487 2

373 2474 433 2515 vel
452 2503 465 2520 ‚
493 2475 523 2515 si
554 2476 768 2529 maluerit,
788 2497 922 2527 coram
942 2489 1162 2543 praedicto
1197 2491 1417 2537 Cardinale
1443 2496 1634 2544 Vicario,
1665 2511 1735 2540 seu
1754 2494 1861 2538 Cau-

370 2545 505 2573 sarum
566 2534 718 2578 Curiae
774 2539 969 2586 Gamerae
1022 2549 1253 2604 praedictae
1305 2555 1477 2612 generali
1506 2554 1860 2612 Auditore2jux·

1817 2627 1856 2656 ta
