1952 3167
365 333 436 370 '560
739 331 800 366 DE
826 331 937 374 JURE
965 329 1248 368 SIGNATURAE
1274 329 1487 372 JUSTITIAE

364 383 412 417 cis
440 379 727 416 commendatione
747 405 756 420 ,
784 393 820 415 ac
844 380 1003 426 praeclaro
1030 381 1160 422 judicio
1191 380 1318 424 primus
1335 380 1429 414 nobis
1449 379 1632 426 patefactus
1662 384 1712 412 est
1738 375 1848 411 aditus

366 433 406 467 ad
423 433 655 475 capessendam
697 429 954 475 Rempublicam
971 432 983 470 )
998 455 1008 464 .
1050 430 1081 464 Is
1099 428 1206 473 igitur
1235 430 1264 463 in
1278 440 1338 463 sua
1351 429 1607 462 Constitutione
1628 440 1635 459 :
1674 429 1849 473 Quantum

367 481 410 514 ad
423 480 663 525 procurandam
681 492 688 512 z
715 479 806 513 edita
822 491 879 514 xv.
896 477 1063 512 Februarii
1082 488 1166 510 anno
1183 487 1333 510 muccxu
1343 487 1371 517 1,.
1387 478 1415 517 §.
1436 486 1538 509 xxvt.
1555 473 1775 509 disertissime
1802 481 1854 506 tc-

369 535 472 563 status
489 535 562 565 est,
589 539 623 561 se
638 527 768 561 nullum
787 528 905 560 inferre
925 524 1011 558 velle
1026 523 1263 557 detrimentum
1280 522 1492 557 facultatibus
1524 523 1556 557 S.
1574 523 1616 556 R.
1636 522 1674 555 E.
1691 521 1850 556 Cardina-

371 577 410 612 lis
427 574 517 609 Sacri
537 575 687 620 Collegii
705 573 834 608 Decani
850 584 933 606 nunc
950 596 961 611 ‚
991 580 1023 605 et
1039 582 1098 616 pro
1114 579 1266 614 tempore
1293 570 1465 606 existentis
1499 571 1625 606 ratione
1651 569 1814 604 Ostiensis
1841 591 1854 608 ,

369 633 403 660 et
421 623 597 658 Veliternae
613 621 835 657 Ecclesiarum
851 643 861 652 .
889 622 935 654 At
951 619 1135 654 Clementis
1159 619 1251 653 VIII.
1280 619 1494 654 Constitutio
1523 620 1579 655 illa
1593 644 1604 660 ‚
1636 618 1737 653 modo
1755 627 1857 663 quam

371 672 618 709 nominavimus
634 694 643 709 ,
671 681 768 704 causa
782 693 791 708 ,
818 677 850 702 et
863 668 961 713 origo
983 668 1044 702 fuit
1060 667 1300 703 dissentionum
1318 669 1470 703 omniurn
1485 693 1495 708 ,
1524 677 1556 703 et
1572 667 1679 703 litium
1697 691 1707 707 ,
1735 665 1857 712 quibus

372 722 535 760 maiorem
563 720 592 754 in
611 718 748 752 modum
788 726 977 765 oppugnata
1007 716 1070 751 fuit
1089 715 1275 751 Cardinalis
1305 716 1433 751 Decani
1472 716 1658 756 jurisdictio
1687 728 1704 751 a
1732 715 1860 750 duabus

371 770 557 815 praesertim
592 766 951 812 Congregationibus,
978 777 1118 811 quarum
1145 766 1247 800 altera
1266 765 1304 800 ad
1322 765 1555 801 Consultanda
1581 764 1766 800 Pontificiae
1792 761 1860 797 Di-

375 819 476 854 tionis
506 816 640 861 negotia
671 816 841 860 designata
870 815 993 849 dicitur
1008 838 1018 854 ,
1047 813 1147 848 altera
1163 814 1247 848 Boni
1271 813 1453 860 Regiminis
1472 838 1481 848 .
1506 815 1548 848 Et
1567 814 1673 859 prima
1691 812 1828 858 quidem
1845 834 1856 850 ‚

372 879 441 912 quo
461 875 616 908 tempore
652 863 798 898 Thomas
830 863 965 902 Rufus,
993 875 1092 907 quem
1123 862 1258 897 honoris
1285 875 1381 898 causa
1409 863 1642 902 nominamus,
1670 859 1857 896 Cardinalis

374 917 532 950 Decanus
547 920 639 950 erat,
667 920 700 944 et
717 911 815 945 simul
835 911 1016 956 Episcopus
1031 911 1196 945 Ostiensis
1213 935 1222 951 ,
1242 920 1274 945 et
1291 911 1482 946 Veliternus
1498 936 1508 951 ,
1533 923 1596 945 non
1613 910 1781 945 dubitavit
1794 920 1856 954 pa-

373 963 438 999 lam
471 961 544 998 illi,
566 968 606 994 ct
633 960 814 1003 imperiose
844 961 1042 994 denuntiare
1057 969 1094 994 ut
1114 959 1350 995 transmitteret
1376 962 1536 1006 quosdam
1563 959 1740 994 criminum
1772 957 1859 991 Pro-

374 1021 512 1046 cessus.
541 1010 587 1042 At
614 1007 801 1042 Cardinalis
840 1007 945 1043 libero
973 1032 984 1047 ‚
1028 1018 1060 1043 et
1079 1018 1171 1043 recto
1202 1009 1312 1043 animo
1343 1010 1480 1054 praecise
1511 1009 1670 1055 negavit.
1699 1006 1762 1041 Sed
1778 1016 1856 1040 cum

370 1058 533 1094 *Pontifex
560 1058 592 1091 id
609 1059 677 1092 tum
694 1066 853 1101 oportere
883 1057 1067 1103 perliteras
1096 1056 1287 1092 Cardinalis
1316 1057 1487 1093 Secretarii
1505 1059 1613 1092 Status
1633 1055 1857 1094 declarasset,

374 1105 529 1143 Pontifici
559 1105 734 1150 imperanti
750 1106 861 1151 paruit
879 1122 892 1146 ‚-
917 1115 1076 1151 praeterea
1093 1106 1239 1141 nemini.
1267 1106 1382 1142 Altera
1400 1116 1510 1141 autern
1541 1103 1772 1152 Congregatio
1788 1102 1862 1137 lite·

375 1168 426 1191 ras
440 1156 530 1190 dedit
549 1169 557 1188 ε
591 1154 697 1190 edicta
723 1155 904 1201 vulgavit:
933 1156 1086 1190 Tabellas
1105 1155 1286 1190 Datiorum
1304 1156 1508 1191 Communis
1539 1155 1603 1190 sibi
1633 1154 1862 1189 transmitten-

375 1207 432 1240 das
448 1205 574 1243 edixit,
607 1204 761 1249 accepit,
792 1205 902 1244 rexit,
932 1205 1050 1244 auxit,
1083 1213 1117 1238 et
1137 1203 1281 1239 minuit.
1315 1206 1395 1240 Haec
1410 1205 1548 1239 vulnera
1570 1203 1760 1239 Cardinalis
1789 1201 1861 1235 De-

377 1255 448 1289 cani
465 1253 689 1293 jurisdictioni
724 1253 848 1288 inflicta
861 1261 939 1289 sunt
954 1255 993 1287 ab
1011 1253 1227 1288 Administris
1256 1253 1537 1299 Congregationis
1567 1253 1652 1287 Boni
1671 1247 1860 1296 Regiminis

374 1303 433 1349 qui
456 1303 622 1348 praecipue
648 1301 804 1336 didicisse
831 1304 1031 1336 videbantur
1052 1302 1204 1348 litigandi
1224 1302 1384 1337 rationem
1399 1326 1409 1342 ‚
1441 1311 1475 1336 et
1494 1301 1564 1336 vias
1580 1325 1589 1335 .
1623 1301 1752 1335 Etenim
1786 1308 1860 1344 pre-

374 1364 429 1387 ces
444 1353 525 1385 datae
541 1359 618 1385 sunt
645 1363 710 1386 rec.
729 1363 829 1387 mem.
845 1350 1015 1386 Clementi
1033 1351 1098 1385 ΡΙ).
1129 1351 1224 1385 ΧΙΙΙ.
1243 1350 1485 1386 Praedecessori
1509 1360 1625 1385 nostro
1641 1375 1650 1390 ,
1680 1358 1713 1383 et
1730 1344 1859 1382 Princi-

375 1401 408 1447 pi
427 1400 458 1434 in
473 1413 529 1434 nos
545 1400 857 1434 munificentissimo
874 1425 884 1440 ‚
917 1413 933 1435 a
955 1400 1213 1446 quoimpetrata
1227 1400 1289 1434 fuit
1306 1425 1315 1439 ‚
1343 1410 1443 1446 atque
1458 1402 1533 1434 inde
1561 1398 1697 1434 decreta
1714 1394 1860 1442 particu-

378 1450 453 1483 laris
469 1449 501 1481 S.
518 1448 558 1481 R.
579 1449 614 1481 E.
631 1448 862 1483 Cardinalium
894 1450 1125 1494 Congregatio
1140 1474 1150 1488 ‚
1183 1461 1248 1484 una
1262 1462 1338 1484 curn
1358 1461 1420 1483 suo
1440 1447 1607 1482 Auditore
1623 1471 1634 1487 ,
1665 1446 1722 1491 qui
1743 1451 1826 1478 esset
1840 1453 1859 1477 a

375 1496 548 1534 Secretis3
581 1495 634 1528 cui
664 1496 877 1538 praecidendae
906 1497 1130 1529 contentionis
1159 1508 1259 1540 super
1282 1497 1515 1536 jurisdictione
1537 1495 1667 1532 causis,
1697 1502 1730 1527 et
1757 1501 1860 1536 nego-

375 1545 428 1578 tiis
444 1542 708 1587 Communitatis
741 1543 945 1577 Velitrarum
983 1556 1112 1577 summa
1127 1553 1272 1587 potestas
1303 1553 1411 1578 esset.
1440 1542 1495 1576 Lis
1523 1543 1580 1575 diu
1612 1548 1781 1584 protracta
1808 1547 1859 1578 est

375 1603 482 1637 usque
497 1590 536 1623 ad
555 1590 836 1623 Praedecessorem
848 1602 898 1623 sa.
910 1599 1021 1624 mem.
1039 1592 1251 1626 Clementem
1269 1593 1333 1623 PP.
1351 1590 1443 1623 XIV.
1460 1613 1470 1628 ‚
1487 1601 1554 1633 quo
1576 1588 1740 1622 Pontifice
1757 1611 1767 1626 ‚
1781 1598 1861 1633 pro-

378 1641 526 1686 positum
556 1637 621 1671 fuit
650 1637 681 1671 in
709 1638 826 1673 eadem
854 1634 1134 1684 Congregatione
1158 1638 1214 1672 die
1231 1648 1320 1672 xxxx.
1349 1637 1523 1671 Februarii
1552 1648 1636 1672 anno
1653 1646 1861 1671 Mocczxxu.

378 1689 544 1724 dublumz
572 1692 632 1720 .An
649 1710 658 1725 ‚
688 1694 720 1720 et
742 1688 779 1720 de
792 1689 880 1727 cujus
906 1688 1138 1722 Jurisdictione
1167 1694 1285 1720 constet
1298 1688 1330 1720 in
1349 1687 1455 1731 causis
1471 1711 1480 1726 ‚
1504 1695 1533 1720 et
1552 1687 1689 1732 negotiis
1709 1689 1861 1719 Commu-

380 1738 491 1772 nitaris
521 1736 717 1770 Velitrarum
733 1738 746 1769 ?
777 1735 886 1781 anue
902 1747 999 1770 causa
1016 1759 1026 1773 ,
1051 1747 1124 1779 quae
1138 1735 1343 1772 aeconomice
1360 1735 1470 1779 potius
1484 1760 1494 1775 ‚
1522 1746 1558 1769 ut
1575 1739 1667 1774 ajunt
1687 1758 1697 1773 ,
1729 1731 1860 1768 definiri

379 1787 572 1824 debuisset,
599 1792 662 1818 tam
678 1786 894 1819 vehementer
909 1792 1110 1828 pertractata
1141 1793 1188 1818 est
1216 1793 1332 1818 contra
1346 1784 1442 1818 Sacri
1471 1783 1620 1829 Collegii
1651 1781 1827 1817 Decanum
1847 1803 1860 1821 ‚

378 1845 415 1871 ut
431 1835 528 1870 tacita
557 1834 626 1870 fere
640 1832 791 1867 omnium
819 1833 979 1878 opinione
1015 1833 1123 1867 minus
1155 1832 1257 1867 fuerit
1276 1834 1521 1877 comprobata.
1551 1835 1708 1867 Attamen
1737 1832 1860 1865 Causae

376 1884 503 1923 cecidit
536 1881 726 1917 Cardinalis
749 1883 930 1922 Decanus,
975 1881 1296 1926 pronuntiatumque
1337 1881 1400 1926 fuit
1419 1884 1603 1916 Decretum
1632 1881 1741 1915 illud:
1780 1882 1861 1913 Con-

378 1941 464 1967 stare
494 1932 531 1965 de
544 1931 775 1965 Jurisdictione
790 1936 893 1967 ‘Sacra
916 1931 1186 1977 congregationis
1215 1931 1297 1964 Boni
1315 1931 1460 1976 Regimis
1479 1932 1521 1965 ad
1535 1930 1677 1973 formam
1694 1929 1859 1963 constitu·

380 1984 502 2015 tionum
518 1979 791 2027 Apostolicarum
807 2005 816 2014 .
850 1980 1036 2014 Decretum
1054 1989 1259 2024 consequuta
1275 1989 1324 2014 est
1337 1980 1500 2014 sententia
1512 2004 1522 2019 ,
1551 1990 1624 2025 quae
1638 1978 1772 2024 vulgata
1791 1975 1856 2010 fuit

379 2028 559 2070 x111.Julii
580 2028 663 2063 dicti
678 2028 751 2062 anni
768 2053 777 2062 .
812 2027 900 2074 Qae
917 2038 1024 2064 tamen
1053 2028 1359 2074 Congregationis‘
1374 2028 1538 2063 sententia
1564 2040 1628 2062 non
1645 2027 1690 2062 ita.
1713 2026 1858 2061 circum-

382 2087 494 2124 specta
514 2077 601 2116 fuit,
631 2085 668 2112 ut
684 2089 758 2123 spes
777 2078 888 2112 omnis
922 2077 1097 2112 Cardinali
1128 2078 1268 2112 Decano
1288 2078 1522 2122 praecideretur
1548 2089 1646 2111 suum
1677 2071 1854 2118 aliquando

381 2128 432 2165 ius
450 2126 694 2171 recuperandi.
714 2126 856 2161 Moleste
871 2126 1021 2160 tulerunt
1040 2126 1233 2161 Cardinales
1251 2124 1400 2169 plerique
1415 2137 1530 2159 omnes
1545 2125 1576 2158 in
1593 2136 1631 2157 ea
1644 2122 1756 2156 Causa
1769 2119 1854 2158 diju-
1906 2132 1909 2134 ·

382 2174 521 2207 dicanda
537 2186 705 2208 summum
732 2176 783 2212 jus
801 2174 897 2208 nimis
917 2174 1097 2217 diligenter
1113 2174 1314 2216 exquisitum
1335 2173 1459 2210 fuisse,
1479 2182 1542 2205 non
1559 2170 1738 2206 adhibitam
1753 2167 1855 2213 aequi-
1900 2171 1909 2200 .’

380 2229 477 2255 tatem
497 2220 600 2258 illam,
617 2231 689 2264 quae
704 2219 816 2263 legum
832 2230 966 2263 semper
979 2227 1013 2252 et
1028 2220 1232 2254 moderatrix
1246 2243 1255 2257 ,
1272 2227 1304 2252 et
1318 2219 1527 2252 emendatrix
1542 2219 1624 2257 fuit,
1642 2220 1737 2258 cujus
1755 2215 1855 2261 aequi-

381 2269 454 2304 tatis
483 2280 522 2302 ea
548 2267 732 2311 praesertim
760 2267 810 2300 vis
825 2275 893 2300 erat
922 2267 954 2299 in
969 2278 1064 2300 causa
1083 2267 1141 2299 ista
1156 2290 1166 2304 ‚
1197 2274 1234 2300 ut
1266 2268 1416 2300 habenda
1446 2276 1530 2302 esset
1549 2267 1633 2301 ratio
1652 2265 1825 2312 dignitatis
1842 2287 1853 2299 .

378 2318 418 2352 Et
434 2316 570 2362 quidem
589 2315 658 2357 ipse
673 2314 903 2348 Praedecessor
930 2323 1046 2347 noster
1061 2326 1105 2348 sa:
1123 2326 1221 2348 mem:
1253 2313 1411 2360 Clemens
1427 2316 1518 2350 XIV.
1547 2316 1732 2349 Decretum
1759 2321 1854 2348 ante-

380 2367 506 2400 dictum
525 2363 774 2408 quodammodo
809 2362 917 2397 minus
947 2364 1106 2407 probasse
1132 2363 1223 2397 visus
1242 2372 1290 2397 est
1317 2387 1327 2401 ,
1354 2374 1390 2397 ut
1417 2363 1588 2399 confestim
1605 2361 1762 2397 Auditori
1791 2372 1851 2396 suo

381 2412 574 2460 praeceperit
588 2435 598 2448 ‚
627 2411 754 2446 moneri
775 2411 983 2446 Fridericum
1003 2411 1215 2446 Cardinalem
1233 2413 1370 2447 tantem
1388 2412 1667 2456 Congretgationis
1683 2411 1768 2446 Boni
1790 2411 1855 2445 Re-

379 2461 515 2509 giminis
534 2460 731 2495 Praefectum
749 2484 758 2499 ‚
791 2472 881 2495 suam
900 2472 971 2494 esse
988 2469 1132 2495 mentem
1149 2484 1159 2500 ,
1192 2461 1302 2507 quoad
1329 2461 1473 2495 Carolus
1499 2460 1658 2502 ⁴filbertus
1674 2460 1853 2495 Guidobo-

377 2523 435 2545 nus
472 2509 661 2544 Cardinalis
691 2509 920 2544 Cavalchinus
941 2509 1151 2553 Episcopus,
1177 2518 1211 2544 et
1228 2511 1380 2544 Decanus
1405 2511 1505 2544 vitam
1536 2519 1674 2556 ageret,
1700 2508 1746 2544 nil
1763 2517 1854 2554 pror-

382 2570 434 2593 sus
468 2559 509 2592 de
524 2558 655 2603 antiqua
681 2569 739 2593 sua
767 2557 999 2596 jurisdictione
1027 2557 1116 2593 circa
1134 2558 1316 2604 temporale
1331 2570 1465 2595 suarum
1496 2558 1684 2605 Civitatum
1704 2558 1854 2604 regimen

1782 2615 1852 2639 esse
