1993 3195
644 319 1132 357 APPENDIX
1567 320 1626 357 181

859 422 952 467 LII.

228 517 474 566 Decretum
502 511 719 562 pontificii
743 512 1089 566 Pro-Audit0tis‚
1108 527 1197 579 quo
1218 515 1376 560 Causas
1393 509 1551 561 fraudis

303 588 357 638 ad
371 585 736 639 Confalonerium
757 589 962 634 Civitatis
987 587 1132 633 Reatis
1151 600 1242 631 non
1263 584 1315 633 ad
1329 584 1490 636 Guber-

536 674 735 711 natorem
750 674 940 732 spectare
960 655 1239 731 ptaes'cribitur
1255 679 1268 706 ι

270 809 405 844 Ndreas
436 808 491 843 SS.
510 807 580 844 Viti
600 834 611 848 ,
639 819 672 845 et
690 810 836 845 Modesti
855 809 945 844 S.R.
962 808 998 842 Ε.
1014 807 1184 842 Diaconus
1220 804 1409 841 Cardinalis
1446 806 1586 851 Negron
1596 815 1633 839 us

279 859 333 893 SS.
349 858 393 892 D.
408 859 452 892 N.
480 858 544 892 PP.
569 858 800 894 Pro-Auditor
825 859 865 893 ab
893 858 1010 891 eodem
1044 856 1100 890 SS.
1124 854 1311 900 specialiter
1340 854 1466 889 el‹›ctus
1483 879 1492 894 ‚
1521 864 1553 889 et
1577 856 1632 887 de-

157 916 318 951 putatus.
350 906 501 941 Universi
522 931 533 947 ‚
564 917 597 942 et
617 907 738 953 singuli
768 910 829 942 hnc
870 917 1013 947 praesens·
1041 903 1166 948 publici
1200 902 1336 936 Decreti
1371 904 1633 936 instrumentum

154 955 286 994 visuri,
319 956 463 995 lecturi,
498 955 632 1002 legique
668 957 791 1000 pariter
821 955 966 989 audituri
994 954 1147 988 noverint
1162 950 1326 993 munirer
1357 962 1442 986 unus
1470 963 1510 984 ex
1543 951 1636 984 Cur-

155 1004 291 1039 soribus
325 1005 441 1040 retulit
474 1007 504 1039 in
520 1005 654 1046 scriptis
685 1018 719 1040 se
739 1006 793 1040 die
825 1016 880 1039 ro.
897 1002 1021 1046 Aprilis
1052 1005 1153 1045 1767.
1187 1011 1249 1044 pro
1264 1008 1353 1042 parte
1369 1024 1378 1036 ‚
1404 1008 1435 1032 et
1456 1001 1495 1034 ad
1513 998 1638 1033 instan-

158 1052 237 1087 tiam
256 1054 342 1088 DD.
363 1054 494 1089 Ioannis
515 1054 683 1090 Francisci
716 1054 831 1089 Meddi
850 1079 860 1094 ‚
886 1053 1098 1095 aliorumque
1128 1050 1390 1084 Conductorum
1419 1046 1636 1082 Gabellarum

157 1101 276 1137 Reatis
292 1128 302 1143 ,
321 1113 352 1138 et
372 1102 454 1138 Litis
472 1102 706 1148 principalium
727 1103 796 1138 sive
809 1112 873 1138 etc.
890 1112 1002 1136 coram
1022 1100 1117 1135 nobis
1131 1111 1189 1143 per
1202 1108 1274 1132 acta
1288 1096 1486 1140 infrascripti
1502 1095 1640 1131 Notarii.

159 1150 280 1186 citasse
323 1151 437 1187 lllmos
454 1153 501 1186 D.
533 1152 759 1197 Augustinum
789 1151 962 1187 Sabatucci
1008 1149 1166 1184 Fiscalem
1200 1147 1399 1181 Generalem
1430 1158 1475 1180 ex
1497 1145 1636 1180 adverso

159 1198 386 1244 Principalem
402 1225 412 1240 ‚
432 1201 477 1235 D.
495 1202 672 1246 Iosephum
695 1202 918 1236 luvenardum
939 1198 1065 1234 Ruferli
1086 1196 1246 1232 Fiscalem
1259 1195 1455 1229 Generalem
1475 1195 1640 1228 Commu-

157 1248 299 1283 nitatum
321 1251 430 1284 Status
459 1249 677 1290 Ecclesiastici
694 1275 704 1290 ‚
733 1264 769 1287 ac
800 1251 845 1285 D.
865 1248 1073 1284 Franciscum
1093 1244 1302 1281 Ceccharelli
1330 1257 1368 1279 ex
1388 1244 1576 1278 adv..Proc.
1593 1244 1638 1277 D.

157 1297 291 1342 losephi
322 1298 483 1338 Baturri,
513 1309 546 1333 et
574 1300 656 1335 Litis
672 1310 735 1335 etc.
764 1313 804 1335 ex
822 1300 963 1334 adverso
981 1295 1218 1340 principalium
1247 1295 1286 1327 ad
1305 1293 1487 1327 videndum
1516 1290 1642 1338 praevia.

156 1345 473 1392 circumscriptione
503 1350 653 1383 omnium
669 1374 679 1388 ‚
710 1359 743 1384 et
761 1349 968 1390 singulorum
1003 1347 1167 1380 Actorum
1184 1342 1319 1378 nulliter
1334 1367 1344 1383 ,
1374 1353 1405 1377 et
1423 1341 1569 1375 indebite
1595 1351 1645 1375 ext

156 1395 300 1430 adverso
327 1396 405 1431 fact.
436 1408 545 1432 coram
586 1398 625 1432 R.
643 1399 677 1432 Ρ.
700 1399 743 1435 D.
771 1397 1006 1432 Gubernatore
1042 1394 1154 1429 Reatis
1201 1390 1360 1427 declarari
1388 1391 1536 1425 Causam
1563 1414 1574 1429 ‚
1606 1395 1642 1423 et

154 1444 285 1478 Causas
301 1469 311 1482 ,
338 1446 380 1479 de
399 1446 521 1491 quibus
548 1448 659 1485 agitur
673 1446 878 1490 spectavisse
893 1470 905 1486 ‚
925 1455 958 1481 et
977 1455 1130 1490 spectare
1146 1444 1184 1478 ad
1205 1440 1465 1476 Illustrissimum
1483 1440 1532 1473 D.
1548 1438 1642 1472 Con·

155 1491 360 1527 falonerium
389 1495 488 1529 dictae
509 1496 669 1535 Civitatis
703 1496 817 1531 Reatis
835 1520 846 1534 ‚
875 1503 998 1529 attento
1026 1493 1116 1537 quod
1144 1490 1257 1537 agitur
1282 1491 1324 1524 de
1350 1488 1463 1523 Causa
1490 1486 1615 1521 fraudis
1629 1509 1647 1526 ,.

155 1539 204 1573 sin
225 1539 335 1573 minus
371 1542 498 1574 remitti
528 1546 565 1576 ad
586 1545 717 1580 Sacram
748 1543 1059 1587 congregationem
1089 1541 1172 1573 Boni
1205 1536 1412 1581 Regiminis‚
1448 1546 1480 1569 et
1506 1535 1640 1569 interim

156 1586 301 1621 inhiberi
329 1587 361 1619 in
394 1588 499 1620 forma
530 1598 622 1626 etc„
648 1601 681 1624 et
713 1594 884 1626 decretum
912 1598 981 1623 erc.
1009 1591 1047 1622 ad
1075 1600 1109 1630 p.
1127 1587 1166 1619 d-
1189 1584 1266 1627 Qua
1295 1583 1349 1615 die
1364 1586 1504 1615 adventa
1536 1581 1647 1616 Relat.

155 1634 206 1669 D.
222 1634 428 1668 Ambrosius
456 1634 591 1668 Berardi
621 1636 827 1671 Procurator
845 1636 938 1678 petiit
972 1644 1009 1669 ut
1024 1643 1124 1677 supra
1139 1657 1151 1666 .
1175 1630 1223 1664 Ex
1238 1639 1318 1663 tunc
1343 1639 1404 1662 nos
1433 1628 1643 1664 circumscri-

157 1683 225 1730 ptis
253 1684 409 1718 omnibus
440 1683 541 1727 gestis
570 1693 682 1717 coram
710 1684 752 1717 R.
769 1684 807 1721 P,
839 1685 883 1715 D·-
912 1685 1145 1716 Gubernatore
1173 1677 1288 1712 Reatis
1315 1677 1544 1712 mandavimus
1562 1678 1642 1712 Par-

158 1740 227 1767 tem
271 1732 408 1766 citatam
439 1731 485 1765 uti
514 1733 587 1771 jure
605 1743 667 1766 suo
684 1742 794 1765 coram
820 1730 864 1764 D.
882 1729 1128 1763 Confalonerio
1155 1728 1254 1762 dictae
1279 1725 1466 1765 Civitatis,
1485 1735 1518 1761 et
1543 1736 1650 1771 super·

164 1780 278 1816 sederi
308 1791 368 1825 per
383 1780 533 1826 quinque
547 1804 558 1818 ‚
581 1790 614 1815 et
630 1780 774 1824 amplius
791 1788 950 1824 praesente
975 1777 1095 1814 Pisce..
1110 1786 1142 1811 et
1159 1787 1227 1819 quo
1243 1776 1283 1808 ad
1308 1774 1387 1809 alios
1415 1787 1490 1809 cum
1509 1775 1647 1809 intima·

159 1829 279 1870 tione,
308 1841 381 1875 quae
399 1828 630 1874 fuitlegitime
660 1838 852 1868 exequuta,
869 1837 901 1862 et
919 1826 948 1860 in
980 1825 1061 1862 actis
1076 1823 1283 1866 iudicialiter
1308 1824 1530 1864 reproducta.
1555 1824 1643 1868 Quae

157 1877 276 1913 omnia
297 1904 306 1919 ,
323 1888 357 1914 et
371 1877 501 1924 singula
516 1878 683 1923 praemissa
697 1879 793 1912 vobis
817 1877 973 1911 omnibus
989 1900 998 1915 ‚
1016 1886 1048 1910 et
1067 1872 1208 1919 singulis
1226 1871 1422 1917 supradictis
1437 1881 1551 1906 tenore
1563 1883 1645 1917 prae-

157 1927 304 1964 sentium
334 1927 549 1967 intimamus,
581 1936 614 1962 et
646 1929 686 1962 ad
717 1936 861 1961 vestram
900 1924 1051 1959 notitiam
1079 1922 1280 1957 deducimus
1298 1946 1311 1961 ‚
1334 1932 1374 1956 ne
1399 1922 1440 1955 de
1468 1921 1648 1965 praemissis

158 1976 383 2022 ignorantiam
403 1977 472 2011 ullo
486 1988 644 2022 umquam
666 1985 817 2022 tempore
840 1973 984 2020 allegare
1007 1972 1139 2019 possitis
1154 1995 1165 2012 ‚
1191 1983 1249 2006 seu
1266 1981 1466 2016 praesumere
1491 1969 1647 2011 valeatis„

161 2025 278 2061 taliter
305 2035 370 2061 etc.
401 2028 436 2061 In
471 2027 569 2062 fidem
590 2037 657 2061 etc.
1305 2021 1308 2022 ⁷

162 2074 243 2109 Dat.
264 2075 381 2111 Romae
402 2087 443 2110 ex
460 2075 601 2111 AEdibus
628 2074 746 2109 nostris
776 2098 788 2114 ‚
817 2073 847 2108 in
871 2071 996 2107 Palatio
1012 2069 1217 2118 Apostolico
1241 2067 1366 2105 Montis
1384 2067 1572 2117 Qirinalis
1588 2067 1643 2103 his

163 2124 279 2160 diebus
298 2137 355 2170 29.
375 2124 502 2172 Aprilis
520 2149 531 2167 ,
547 2133 579 2159 et
612 2133 643 2164 5.
664 2123 744 2162 Maii
777 2125 880 2168 ¹7⁶7·

561 2172 747 2209 sardinalis
761 2175 946 2220 Negronus
968 2171 1206 2206 ‘Pro-Auditor
1220 2193 1230 2204 .

862 2221 1083 2257 Placentinus
1105 2221 1143 2257 de
1158 2217 1331 2258 Montibus
1355 2215 1517 2253 Notarius
1536 2238 1550 2250 .

1495 2607 1545 2644 N.
1559 2606 1651 2644 Lm.
