<?xml version="1.0" encoding="UTF-8"?>
<!DOCTYPE html PUBLIC "-//W3C//DTD XHTML 1.0 Transitional//EN"
    "http://www.w3.org/TR/xhtml1/DTD/xhtml1-transitional.dtd">
<html xmlns="http://www.w3.org/1999/xhtml" xml:lang="en" lang="en">
 <head>
  <title>
</title>
<meta http-equiv="Content-Type" content="text/html;charset=utf-8" />
  <meta name='ocr-system' content='tesseract 3.04.00' />
  <meta name='ocr-capabilities' content='ocr_page ocr_carea ocr_par ocr_line ocrx_word'/>
</head>
<body>
  <div class='ocr_page' id='page_1' title='image "./dejuresignaturae00vita_0387.png"; bbox 0 0 1993 3195; ppageno 0'>
   <div class='ocr_carea' id='block_1_1' title="bbox 67 292 1580 2617">
    <p class='ocr_par' dir='ltr' id='par_1_1' title="bbox 67 292 1559 679">
     <span class='ocr_line' id='line_1_1' title="bbox 554 292 1550 337; baseline 0.009 -9"><span class='ocrx_word' id='word_1_1' title='bbox 554 296 584 329; x_wconf 84' lang='lat' dir='ltr'>A</span> <span class='ocrx_word' id='word_1_2' title='bbox 627 296 653 328; x_wconf 78' lang='lat'>1³</span> <span class='ocrx_word' id='word_1_3' title='bbox 696 296 722 329; x_wconf 82' lang='lat'>1&gt;</span> <span class='ocrx_word' id='word_1_4' title='bbox 760 295 784 329; x_wconf 84' lang='lat' dir='ltr'>E</span> <span class='ocrx_word' id='word_1_5' title='bbox 824 296 858 329; x_wconf 83' lang='lat' dir='ltr'>N</span> <span class='ocrx_word' id='word_1_6' title='bbox 900 297 933 329; x_wconf 81' lang='grc' dir='ltr'>ι)</span> <span class='ocrx_word' id='word_1_7' title='bbox 970 297 985 330; x_wconf 87' lang='lat'>1</span> <span class='ocrx_word' id='word_1_8' title='bbox 1029 296 1062 331; x_wconf 96' lang='grc' dir='ltr'>Χ</span> <span class='ocrx_word' id='word_1_9' title='bbox 1504 292 1550 337; x_wconf 77' lang='lat'>83</span> 
     </span>
     <span class='ocr_line' id='line_1_2' title="bbox 71 343 1550 400; baseline -0.007 -15"><span class='ocrx_word' id='word_1_10' title='bbox 71 348 163 385; x_wconf 72' lang='lat' dir='ltr'>licite</span> <span class='ocrx_word' id='word_1_11' title='bbox 189 344 399 400; x_wconf 74' lang='lat' dir='ltr'>provideat,</span> <span class='ocrx_word' id='word_1_12' title='bbox 420 343 582 388; x_wconf 84' lang='lat' dir='ltr'>quodque</span> <span class='ocrx_word' id='word_1_13' title='bbox 607 343 707 375; x_wconf 85' lang='lat' dir='ltr'>simul</span> <span class='ocrx_word' id='word_1_14' title='bbox 740 353 858 376; x_wconf 85' lang='lat' dir='ltr'>novam</span> <span class='ocrx_word' id='word_1_15' title='bbox 891 345 1086 378; x_wconf 84' lang='lat' dir='ltr'>methodum</span> <span class='ocrx_word' id='word_1_16' title='bbox 1116 344 1274 378; x_wconf 87' lang='lat' dir='ltr'>decernat</span> <span class='ocrx_word' id='word_1_17' title='bbox 1302 363 1313 380; x_wconf 92' lang='lat'>‚</span> <span class='ocrx_word' id='word_1_18' title='bbox 1347 350 1407 384; x_wconf 84' lang='lat' dir='ltr'>per</span> <span class='ocrx_word' id='word_1_19' title='bbox 1450 352 1550 384; x_wconf 83' lang='lat' dir='ltr'>quam</span> 
     </span>
     <span class='ocr_line' id='line_1_3' title="bbox 68 388 1554 434; baseline -0.007 -2"><span class='ocrx_word' id='word_1_20' title='bbox 68 393 359 432; x_wconf 83' lang='lat' dir='ltr'>commissionum</span> <span class='ocrx_word' id='word_1_21' title='bbox 390 391 422 425; x_wconf 88' lang='lat' dir='ltr'>in</span> <span class='ocrx_word' id='word_1_22' title='bbox 449 394 568 426; x_wconf 88' lang='lat' dir='ltr'>eodem</span> <span class='ocrx_word' id='word_1_23' title='bbox 604 390 777 424; x_wconf 81' lang='lat' dir='ltr'>Tribunali</span> <span class='ocrx_word' id='word_1_24' title='bbox 806 392 1098 434; x_wconf 85' lang='lat' dir='ltr'>proponendarum</span> <span class='ocrx_word' id='word_1_25' title='bbox 1131 401 1288 424; x_wconf 89' lang='lat' dir='ltr'>numerus</span> <span class='ocrx_word' id='word_1_26' title='bbox 1317 388 1362 422; x_wconf 78' lang='lat' dir='ltr'>ita</span> <span class='ocrx_word' id='word_1_27' title='bbox 1395 389 1554 433; x_wconf 70' lang='lat' dir='ltr'>praefinia-</span> 
     </span>
     <span class='ocr_line' id='line_1_4' title="bbox 68 437 1552 487; baseline -0.005 -9"><span class='ocrx_word' id='word_1_28' title='bbox 68 454 148 483; x_wconf 86' lang='lat' dir='ltr'>tur,</span> <span class='ocrx_word' id='word_1_29' title='bbox 174 451 212 477; x_wconf 90' lang='lat' dir='ltr'>ut</span> <span class='ocrx_word' id='word_1_30' title='bbox 238 440 375 487; x_wconf 85' lang='lat' dir='ltr'>singulis</span> <span class='ocrx_word' id='word_1_31' title='bbox 415 451 529 475; x_wconf 74' lang='lat' dir='ltr'>earum</span> <span class='ocrx_word' id='word_1_32' title='bbox 559 437 765 484; x_wconf 75' lang='lat' dir='ltr'>diligentiori</span> <span class='ocrx_word' id='word_1_33' title='bbox 786 439 899 474; x_wconf 71' lang='lat' dir='ltr'>studio</span> <span class='ocrx_word' id='word_1_34' title='bbox 941 437 1014 478; x_wconf 81' lang='lat' dir='ltr'>eis,</span> <span class='ocrx_word' id='word_1_35' title='bbox 1045 440 1083 472; x_wconf 89' lang='lat' dir='ltr'>ad</span> <span class='ocrx_word' id='word_1_36' title='bbox 1111 449 1196 483; x_wconf 90' lang='lat' dir='ltr'>quos</span> <span class='ocrx_word' id='word_1_37' title='bbox 1223 437 1394 482; x_wconf 78' lang='lat' dir='ltr'>pertinet,</span> <span class='ocrx_word' id='word_1_38' title='bbox 1433 447 1552 471; x_wconf 80' lang='lat' dir='ltr'>vacare</span> 
     </span>
     <span class='ocr_line' id='line_1_5' title="bbox 67 484 1559 534; baseline -0.006 -7"><span class='ocrx_word' id='word_1_39' title='bbox 67 496 177 529; x_wconf 74' lang='lat' dir='ltr'>datunr</span> <span class='ocrx_word' id='word_1_40' title='bbox 213 491 281 529; x_wconf 90' lang='lat' dir='ltr'>sit,</span> <span class='ocrx_word' id='word_1_41' title='bbox 306 489 381 524; x_wconf 86' lang='lat' dir='ltr'>ideo</span> <span class='ocrx_word' id='word_1_42' title='bbox 414 489 588 534; x_wconf 69' lang='lat' dir='ltr'>praefatum</span> <span class='ocrx_word' id='word_1_43' title='bbox 624 487 821 533; x_wconf 78' lang='lat' dir='ltr'>Collegium</span> <span class='ocrx_word' id='word_1_44' title='bbox 849 489 1076 523; x_wconf 82' lang='lat' dir='ltr'>coadunatum</span> <span class='ocrx_word' id='word_1_45' title='bbox 1104 498 1216 521; x_wconf 88' lang='lat' dir='ltr'>coram</span> <span class='ocrx_word' id='word_1_46' title='bbox 1257 484 1559 524; x_wconf 83' lang='lat' dir='ltr'>Eminentissimo.</span> 
     </span>
     <span class='ocr_line' id='line_1_6' title="bbox 69 533 1557 577; baseline -0.005 -2"><span class='ocrx_word' id='word_1_47' title='bbox 69 551 102 577; x_wconf 89' lang='lat' dir='ltr'>et</span> <span class='ocrx_word' id='word_1_48' title='bbox 131 538 422 574; x_wconf 85' lang='lat' dir='ltr'>Reverendissimo</span> <span class='ocrx_word' id='word_1_49' title='bbox 440 538 590 572; x_wconf 88' lang='lat' dir='ltr'>Domino</span> <span class='ocrx_word' id='word_1_50' title='bbox 621 537 724 571; x_wconf 81' lang='lat' dir='ltr'>Card.</span> <span class='ocrx_word' id='word_1_51' title='bbox 744 537 853 571; x_wconf 80' lang='lat' dir='ltr'>Nerio·</span> <span class='ocrx_word' id='word_1_52' title='bbox 877 537 1025 571; x_wconf 74' lang='lat' dir='ltr'>Cor-sino</span> <span class='ocrx_word' id='word_1_53' title='bbox 1057 535 1218 570; x_wconf 85' lang='lat' dir='ltr'>Praefecto</span> <span class='ocrx_word' id='word_1_54' title='bbox 1253 533 1284 568; x_wconf 89' lang='lat' dir='ltr'>in</span> <span class='ocrx_word' id='word_1_55' title='bbox 1315 534 1389 572; x_wconf 82' lang='lat' dir='ltr'>eius</span> <span class='ocrx_word' id='word_1_56' title='bbox 1417 533 1557 567; x_wconf 88' lang='lat' dir='ltr'>AEdibus</span> 
     </span>
     <span class='ocr_line' id='line_1_7' title="bbox 67 581 1555 633; baseline -0.007 -8"><span class='ocrx_word' id='word_1_57' title='bbox 67 591 129 626; x_wconf 91' lang='lat' dir='ltr'>sub</span> <span class='ocrx_word' id='word_1_58' title='bbox 149 589 203 623; x_wconf 92' lang='lat' dir='ltr'>die</span> <span class='ocrx_word' id='word_1_59' title='bbox 222 590 276 623; x_wconf 82' lang='lat'>18.</span> <span class='ocrx_word' id='word_1_60' title='bbox 292 586 491 621; x_wconf 81' lang='lat' dir='ltr'>Decembris</span> <span class='ocrx_word' id='word_1_61' title='bbox 508 597 591 633; x_wconf 76' lang='lat'><em>1741</em></span> <span class='ocrx_word' id='word_1_62' title='bbox 611 610 619 620; x_wconf 92' lang='lat'><strong>.</strong></span> <span class='ocrx_word' id='word_1_63' title='bbox 637 609 647 624; x_wconf 90' lang='lat'>‚</span> <span class='ocrx_word' id='word_1_64' title='bbox 678 596 712 619; x_wconf 90' lang='lat' dir='ltr'>re</span> <span class='ocrx_word' id='word_1_65' title='bbox 729 587 858 620; x_wconf 77' lang='lat' dir='ltr'>mature</span> <span class='ocrx_word' id='word_1_66' title='bbox 875 596 1061 631; x_wconf 80' lang='lat' dir='ltr'>perpensa,</span> <span class='ocrx_word' id='word_1_67' title='bbox 1088 585 1129 619; x_wconf 82' lang='lat' dir='ltr'>ad</span> <span class='ocrx_word' id='word_1_68' title='bbox 1144 583 1366 628; x_wconf 85' lang='lat' dir='ltr'>infrascriptas</span> <span class='ocrx_word' id='word_1_69' title='bbox 1387 581 1555 628; x_wconf 89' lang='lat' dir='ltr'>provisio-</span> 
     </span>
     <span class='ocr_line' id='line_1_8' title="bbox 73 632 1321 679; baseline -0.007 -5"><span class='ocrx_word' id='word_1_70' title='bbox 73 650 130 674; x_wconf 89' lang='lat' dir='ltr'>nes</span> <span class='ocrx_word' id='word_1_71' title='bbox 147 662 157 678; x_wconf 88' lang='lat'>,</span> <span class='ocrx_word' id='word_1_72' title='bbox 171 638 196 672; x_wconf 92' lang='lat' dir='ltr'>si</span> <span class='ocrx_word' id='word_1_73' title='bbox 215 637 322 671; x_wconf 87' lang='lat' dir='ltr'>eidem</span> <span class='ocrx_word' id='word_1_74' title='bbox 343 635 559 670; x_wconf 85' lang='lat' dir='ltr'>Sanctissimo</span> <span class='ocrx_word' id='word_1_75' title='bbox 575 634 726 669; x_wconf 78' lang='lat' dir='ltr'>Domino</span> <span class='ocrx_word' id='word_1_76' title='bbox 741 633 929 679; x_wconf 85' lang='lat' dir='ltr'>placuerit,</span> <span class='ocrx_word' id='word_1_77' title='bbox 946 635 1128 679; x_wconf 83' lang='lat' dir='ltr'>procedere</span> <span class='ocrx_word' id='word_1_78' title='bbox 1143 632 1321 668; x_wconf 84' lang='lat' dir='ltr'>decrevit.</span> 
     </span>
    </p>

    <p class='ocr_par' dir='ltr' id='par_1_2' title="bbox 68 678 1562 966">
     <span class='ocr_line' id='line_1_9' title="bbox 105 678 1558 738; baseline -0.006 -16"><span class='ocrx_word' id='word_1_79' title='bbox 105 688 145 722; x_wconf 81' lang='grc' dir='ltr'>-Ι,</span> <span class='ocrx_word' id='word_1_80' title='bbox 198 686 302 731; x_wconf 87' lang='lat' dir='ltr'>Quod</span> <span class='ocrx_word' id='word_1_81' title='bbox 328 684 358 718; x_wconf 90' lang='lat' dir='ltr'>in</span> <span class='ocrx_word' id='word_1_82' title='bbox 383 684 602 729; x_wconf 84' lang='lat' dir='ltr'>posterum&#39;in</span> <span class='ocrx_word' id='word_1_83' title='bbox 619 695 830 738; x_wconf 83' lang='lat' dir='ltr'>quacumque</span> <span class='ocrx_word' id='word_1_84' title='bbox 854 684 1054 729; x_wconf 70' lang='lat' dir='ltr'>Signatum,</span> <span class='ocrx_word' id='word_1_85' title='bbox 1082 682 1154 718; x_wconf 90' lang='lat' dir='ltr'>sive</span> <span class='ocrx_word' id='word_1_86' title='bbox 1172 680 1453 728; x_wconf 83' lang='lat' dir='ltr'>Congregatione</span> <span class='ocrx_word' id='word_1_87' title='bbox 1469 678 1558 714; x_wconf 83' lang='lat' dir='ltr'>aesti-</span> 
     </span>
     <span class='ocr_line' id='line_1_10' title="bbox 68 729 1560 787; baseline -0.005 -17"><span class='ocrx_word' id='word_1_88' title='bbox 68 747 112 771; x_wconf 90' lang='lat' dir='ltr'>va</span> <span class='ocrx_word' id='word_1_89' title='bbox 137 747 201 769; x_wconf 92' lang='lat' dir='ltr'>non</span> <span class='ocrx_word' id='word_1_90' title='bbox 217 742 443 787; x_wconf 81' lang='lat' dir='ltr'>proponantur</span> <span class='ocrx_word' id='word_1_91' title='bbox 471 757 481 772; x_wconf 96' lang='lat'>,</span> <span class='ocrx_word' id='word_1_92' title='bbox 514 745 573 768; x_wconf 89' lang='lat' dir='ltr'>nec</span> <span class='ocrx_word' id='word_1_93' title='bbox 603 733 745 777; x_wconf 87' lang='lat' dir='ltr'>proponi</span> <span class='ocrx_word' id='word_1_94' title='bbox 774 744 933 778; x_wconf 79' lang='lat' dir='ltr'>umquam</span> <span class='ocrx_word' id='word_1_95' title='bbox 963 731 1090 776; x_wconf 84' lang='lat' dir='ltr'>possint</span> <span class='ocrx_word' id='word_1_96' title='bbox 1124 731 1300 776; x_wconf 76' lang='lat' dir='ltr'>plusquam</span> <span class='ocrx_word' id='word_1_97' title='bbox 1340 729 1560 775; x_wconf 81' lang='lat' dir='ltr'>quadraginta.</span> 
     </span>
     <span class='ocr_line' id='line_1_11' title="bbox 70 777 1557 833; baseline -0.005 -14"><span class='ocrx_word' id='word_1_98' title='bbox 70 782 337 819; x_wconf 82' lang='lat' dir='ltr'>Commissiones</span> <span class='ocrx_word' id='word_1_99' title='bbox 365 780 404 815; x_wconf 89' lang='lat' dir='ltr'>iis</span> <span class='ocrx_word' id='word_1_100' title='bbox 429 781 528 816; x_wconf 84' lang='lat' dir='ltr'>etiam</span> <span class='ocrx_word' id='word_1_101' title='bbox 556 781 804 826; x_wconf 81' lang='lat' dir='ltr'>comprehensis</span> <span class='ocrx_word' id='word_1_102' title='bbox 823 805 832 821; x_wconf 91' lang='lat'><em>‚</em></span> <span class='ocrx_word' id='word_1_103' title='bbox 875 791 949 826; x_wconf 73' lang='lat' dir='ltr'>quat</span> <span class='ocrx_word' id='word_1_104' title='bbox 978 781 1136 820; x_wconf 80' lang='lat' dir='ltr'>redeant,</span> <span class='ocrx_word' id='word_1_105' title='bbox 1185 779 1322 824; x_wconf 83' lang='lat' dir='ltr'>aliisque</span> <span class='ocrx_word' id='word_1_106' title='bbox 1354 790 1428 833; x_wconf 75' lang='lat' dir='ltr'>qux</span> <span class='ocrx_word' id='word_1_107' title='bbox 1458 777 1557 811; x_wconf 83' lang='lat' dir='ltr'>unica</span> 
     </span>
     <span class='ocr_line' id='line_1_12' title="bbox 69 827 1561 887; baseline -0.005 -19"><span class='ocrx_word' id='word_1_108' title='bbox 69 842 197 868; x_wconf 85' lang='lat' dir='ltr'>tantum</span> <span class='ocrx_word' id='word_1_109' title='bbox 229 840 324 887; x_wconf 81' lang='lat' dir='ltr'>parte</span> <span class='ocrx_word' id='word_1_110' title='bbox 350 829 547 865; x_wconf 82' lang='lat' dir='ltr'>informante</span> <span class='ocrx_word' id='word_1_111' title='bbox 571 839 800 875; x_wconf 80' lang='lat' dir='ltr'>proponantur</span> <span class='ocrx_word' id='word_1_112' title='bbox 828 854 838 869; x_wconf 89' lang='lat'>‚</span> <span class='ocrx_word' id='word_1_113' title='bbox 876 838 980 875; x_wconf 89' lang='lat' dir='ltr'>utque</span> <span class='ocrx_word' id='word_1_114' title='bbox 1011 828 1205 869; x_wconf 87' lang='lat' dir='ltr'>huiusmodi</span> <span class='ocrx_word' id='word_1_115' title='bbox 1236 827 1469 874; x_wconf 80' lang='lat' dir='ltr'>praescriptum</span> <span class='ocrx_word' id='word_1_116' title='bbox 1502 837 1561 860; x_wconf 83' lang='lat' dir='ltr'>nu-</span> 
     </span>
     <span class='ocr_line' id='line_1_13' title="bbox 70 874 1562 925; baseline -0.005 -8"><span class='ocrx_word' id='word_1_117' title='bbox 70 892 199 918; x_wconf 87' lang='lat' dir='ltr'>merum</span> <span class='ocrx_word' id='word_1_118' title='bbox 230 879 352 914; x_wconf 89' lang='lat' dir='ltr'>nemini</span> <span class='ocrx_word' id='word_1_119' title='bbox 379 881 440 914; x_wconf 91' lang='lat' dir='ltr'>sub</span> <span class='ocrx_word' id='word_1_120' title='bbox 461 891 677 925; x_wconf 86' lang='lat' dir='ltr'>quocumque</span> <span class='ocrx_word' id='word_1_121' title='bbox 704 887 869 924; x_wconf 83' lang='lat' dir='ltr'>praetextu</span> <span class='ocrx_word' id='word_1_122' title='bbox 898 878 996 913; x_wconf 87' lang='lat' dir='ltr'>liceat</span> <span class='ocrx_word' id='word_1_123' title='bbox 1024 878 1226 924; x_wconf 80' lang='lat' dir='ltr'>transgredi,</span> <span class='ocrx_word' id='word_1_124' title='bbox 1245 887 1385 923; x_wconf 85' lang='lat' dir='ltr'>sequens</span> <span class='ocrx_word' id='word_1_125' title='bbox 1410 874 1520 910; x_wconf 84' lang='lat' dir='ltr'>ordo</span> <span class='ocrx_word' id='word_1_126' title='bbox 1512 886 1562 910; x_wconf 85' lang='lat' dir='ltr'>rn-</span> 
     </span>
     <span class='ocr_line' id='line_1_14' title="bbox 70 928 526 966; baseline -0.007 -1"><span class='ocrx_word' id='word_1_127' title='bbox 70 928 277 966; x_wconf 86' lang='lat' dir='ltr'>violabiliter</span> <span class='ocrx_word' id='word_1_128' title='bbox 302 929 526 963; x_wconf 84' lang='lat' dir='ltr'>observetur.</span> 
     </span>
    </p>

    <p class='ocr_par' dir='ltr' id='par_1_3' title="bbox 69 974 1572 2324">
     <span class='ocr_line' id='line_1_15' title="bbox 119 974 1564 1028; baseline -0.004 -15"><span class='ocrx_word' id='word_1_129' title='bbox 119 979 166 1013; x_wconf 82' lang='lat'>11.</span> <span class='ocrx_word' id='word_1_130' title='bbox 219 976 389 1012; x_wconf 88' lang='lat' dir='ltr'>Dominus</span> <span class='ocrx_word' id='word_1_131' title='bbox 419 977 567 1012; x_wconf 86' lang='lat' dir='ltr'>Auditor</span> <span class='ocrx_word' id='word_1_132' title='bbox 592 976 855 1012; x_wconf 83' lang='lat' dir='ltr'>Eminentissimi</span> <span class='ocrx_word' id='word_1_133' title='bbox 881 977 984 1011; x_wconf 83' lang='lat' dir='ltr'>Card.</span> <span class='ocrx_word' id='word_1_134' title='bbox 1014 976 1163 1011; x_wconf 82' lang='lat' dir='ltr'>Praefecti</span> <span class='ocrx_word' id='word_1_135' title='bbox 1189 975 1341 1016; x_wconf 75' lang='lat' dir='ltr'>eiusdem</span> <span class='ocrx_word' id='word_1_136' title='bbox 1371 974 1564 1028; x_wconf 78' lang='lat' dir='ltr'>Signaturae</span> 
     </span>
     <span class='ocr_line' id='line_1_16' title="bbox 71 1020 1566 1071; baseline -0.005 -9"><span class='ocrx_word' id='word_1_137' title='bbox 71 1028 103 1062; x_wconf 91' lang='lat' dir='ltr'>in</span> <span class='ocrx_word' id='word_1_138' title='bbox 131 1025 443 1062; x_wconf 86' lang='lat' dir='ltr'>Commissionibus</span> <span class='ocrx_word' id='word_1_139' title='bbox 483 1025 750 1071; x_wconf 87' lang='lat' dir='ltr'>quibuscumque</span> <span class='ocrx_word' id='word_1_140' title='bbox 781 1025 1005 1071; x_wconf 83' lang='lat' dir='ltr'>proponendis</span> <span class='ocrx_word' id='word_1_141' title='bbox 1037 1025 1069 1060; x_wconf 90' lang='lat' dir='ltr'>in</span> <span class='ocrx_word' id='word_1_142' title='bbox 1093 1025 1188 1071; x_wconf 87' lang='lat' dir='ltr'>plena</span> <span class='ocrx_word' id='word_1_143' title='bbox 1216 1025 1393 1070; x_wconf 82' lang='lat' dir='ltr'>Signatura</span> <span class='ocrx_word' id='word_1_144' title='bbox 1429 1020 1566 1058; x_wconf 80' lang='lat' dir='ltr'>nonnisi</span> 
     </span>
     <span class='ocr_line' id='line_1_17' title="bbox 74 1069 1563 1121; baseline -0.004 -11"><span class='ocrx_word' id='word_1_145' title='bbox 74 1085 267 1112; x_wconf 88' lang='lat' dir='ltr'>consuetam</span> <span class='ocrx_word' id='word_1_146' title='bbox 294 1075 566 1121; x_wconf 76' lang='lat' dir='ltr'>supersessoriam</span> <span class='ocrx_word' id='word_1_147' title='bbox 602 1085 655 1116; x_wconf 85' lang='lat'>15.</span> <span class='ocrx_word' id='word_1_148' title='bbox 681 1074 837 1114; x_wconf 86' lang='lat' dir='ltr'>dierum,</span> <span class='ocrx_word' id='word_1_149' title='bbox 872 1083 905 1109; x_wconf 92' lang='lat' dir='ltr'>et</span> <span class='ocrx_word' id='word_1_150' title='bbox 931 1086 1027 1109; x_wconf 79' lang='lat' dir='ltr'>unam</span> <span class='ocrx_word' id='word_1_151' title='bbox 1055 1082 1185 1109; x_wconf 89' lang='lat' dir='ltr'>tantum</span> <span class='ocrx_word' id='word_1_152' title='bbox 1215 1072 1492 1119; x_wconf 81' lang='lat' dir='ltr'>prorogationem</span> <span class='ocrx_word' id='word_1_153' title='bbox 1520 1069 1563 1104; x_wconf 83' lang='lat' dir='ltr'>ad</span> 
     </span>
     <span class='ocr_line' id='line_1_18' title="bbox 74 1122 1562 1168; baseline -0.004 -8"><span class='ocrx_word' id='word_1_154' title='bbox 74 1125 157 1160; x_wconf 88' lang='lat' dir='ltr'>alios</span> <span class='ocrx_word' id='word_1_155' title='bbox 193 1135 247 1165; x_wconf 78' lang='grc' dir='ltr'>ις.</span> <span class='ocrx_word' id='word_1_156' title='bbox 271 1123 341 1158; x_wconf 90' lang='lat' dir='ltr'>dies</span> <span class='ocrx_word' id='word_1_157' title='bbox 370 1148 380 1163; x_wconf 94' lang='lat'>,</span> <span class='ocrx_word' id='word_1_158' title='bbox 428 1132 462 1157; x_wconf 90' lang='lat' dir='ltr'>et</span> <span class='ocrx_word' id='word_1_159' title='bbox 491 1123 609 1158; x_wconf 90' lang='lat' dir='ltr'>deinde</span> <span class='ocrx_word' id='word_1_160' title='bbox 639 1123 678 1157; x_wconf 83' lang='lat' dir='ltr'>ad</span> <span class='ocrx_word' id='word_1_161' title='bbox 706 1123 846 1168; x_wconf 84' lang='lat' dir='ltr'>primam</span> <span class='ocrx_word' id='word_1_162' title='bbox 883 1123 1107 1158; x_wconf 82' lang='lat' dir='ltr'>immediatam</span> <span class='ocrx_word' id='word_1_163' title='bbox 1145 1122 1354 1168; x_wconf 82' lang='lat' dir='ltr'>Signaturam</span> <span class='ocrx_word' id='word_1_164' title='bbox 1385 1122 1562 1156; x_wconf 78' lang='lat' dir='ltr'>dumtaxat</span> 
     </span>
     <span class='ocr_line' id='line_1_19' title="bbox 71 1169 1568 1227; baseline -0.006 -19"><span class='ocrx_word' id='word_1_165' title='bbox 71 1176 266 1208; x_wconf 84' lang='lat' dir='ltr'>duraturam</span> <span class='ocrx_word' id='word_1_166' title='bbox 283 1196 294 1211; x_wconf 88' lang='lat'>‚</span> <span class='ocrx_word' id='word_1_167' title='bbox 321 1172 420 1217; x_wconf 89' lang='lat' dir='ltr'>idque</span> <span class='ocrx_word' id='word_1_168' title='bbox 443 1172 542 1206; x_wconf 83' lang='lat' dir='ltr'>etiam</span> <span class='ocrx_word' id='word_1_169' title='bbox 571 1171 666 1210; x_wconf 81' lang='lat' dir='ltr'>juxta</span> <span class='ocrx_word' id='word_1_170' title='bbox 691 1172 905 1217; x_wconf 87' lang='lat' dir='ltr'>negotiorum</span> <span class='ocrx_word' id='word_1_171' title='bbox 939 1171 1113 1227; x_wconf 81' lang='lat' dir='ltr'>qualitates</span> <span class='ocrx_word' id='word_1_172' title='bbox 1144 1182 1204 1216; x_wconf 91' lang='lat' dir='ltr'>pro</span> <span class='ocrx_word' id='word_1_173' title='bbox 1231 1182 1294 1205; x_wconf 89' lang='lat' dir='ltr'>suo</span> <span class='ocrx_word' id='word_1_174' title='bbox 1319 1169 1454 1210; x_wconf 82' lang='lat' dir='ltr'>judicio</span> <span class='ocrx_word' id='word_1_175' title='bbox 1483 1178 1568 1202; x_wconf 89' lang='lat' dir='ltr'>con-</span> 
     </span>
     <span class='ocr_line' id='line_1_20' title="bbox 69 1217 1562 1266; baseline -0.005 -9"><span class='ocrx_word' id='word_1_176' title='bbox 69 1222 192 1260; x_wconf 87' lang='lat' dir='ltr'>cedet,</span> <span class='ocrx_word' id='word_1_177' title='bbox 222 1220 342 1266; x_wconf 87' lang='lat' dir='ltr'>quibus</span> <span class='ocrx_word' id='word_1_178' title='bbox 377 1220 496 1265; x_wconf 85' lang='lat' dir='ltr'>elapsis</span> <span class='ocrx_word' id='word_1_179' title='bbox 525 1218 647 1255; x_wconf 80' lang='lat' dir='ltr'>nullam</span> <span class='ocrx_word' id='word_1_180' title='bbox 681 1219 777 1255; x_wconf 82' lang='lat' dir='ltr'>aliam</span> <span class='ocrx_word' id='word_1_181' title='bbox 809 1221 1080 1266; x_wconf 81' lang='lat' dir='ltr'>prorogationem</span> <span class='ocrx_word' id='word_1_182' title='bbox 1121 1221 1306 1255; x_wconf 89' lang='lat' dir='ltr'>concedere</span> <span class='ocrx_word' id='word_1_183' title='bbox 1335 1243 1345 1259; x_wconf 92' lang='lat'>‚</span> <span class='ocrx_word' id='word_1_184' title='bbox 1376 1218 1408 1254; x_wconf 83' lang='lat' dir='ltr'>ei</span> <span class='ocrx_word' id='word_1_185' title='bbox 1445 1217 1562 1252; x_wconf 87' lang='lat' dir='ltr'>datum</span> 
     </span>
     <span class='ocr_line' id='line_1_21' title="bbox 69 1267 1567 1315; baseline -0.003 -10"><span class='ocrx_word' id='word_1_186' title='bbox 69 1271 140 1305; x_wconf 83' lang='lat' dir='ltr'>sit.</span> <span class='ocrx_word' id='word_1_187' title='bbox 167 1269 276 1315; x_wconf 82' lang='lat' dir='ltr'>Qod</span> <span class='ocrx_word' id='word_1_188' title='bbox 304 1270 330 1303; x_wconf 90' lang='lat' dir='ltr'>si</span> <span class='ocrx_word' id='word_1_189' title='bbox 358 1268 536 1315; x_wconf 76' lang='lat' dir='ltr'>aliquando</span> <span class='ocrx_word' id='word_1_190' title='bbox 563 1268 799 1314; x_wconf 82' lang='lat' dir='ltr'>urgentissima</span> <span class='ocrx_word' id='word_1_191' title='bbox 817 1293 827 1310; x_wconf 86' lang='lat'>‚</span> <span class='ocrx_word' id='word_1_192' title='bbox 859 1278 959 1315; x_wconf 85' lang='lat' dir='ltr'>atque</span> <span class='ocrx_word' id='word_1_193' title='bbox 987 1270 1127 1303; x_wconf 91' lang='lat' dir='ltr'>omnino</span> <span class='ocrx_word' id='word_1_194' title='bbox 1158 1267 1423 1314; x_wconf 84' lang='lat' dir='ltr'>indispensabilis</span> <span class='ocrx_word' id='word_1_195' title='bbox 1451 1275 1567 1301; x_wconf 87' lang='lat' dir='ltr'>neces-</span> 
     </span>
     <span class='ocr_line' id='line_1_22' title="bbox 71 1312 1563 1363; baseline -0.004 -10"><span class='ocrx_word' id='word_1_196' title='bbox 71 1319 176 1358; x_wconf 86' lang='lat' dir='ltr'>sitas,</span> <span class='ocrx_word' id='word_1_197' title='bbox 204 1327 236 1352; x_wconf 89' lang='lat' dir='ltr'>et</span> <span class='ocrx_word' id='word_1_198' title='bbox 252 1329 317 1352; x_wconf 94' lang='lat' dir='ltr'>non</span> <span class='ocrx_word' id='word_1_199' title='bbox 347 1317 409 1352; x_wconf 87' lang='lat' dir='ltr'>alia</span> <span class='ocrx_word' id='word_1_200' title='bbox 423 1317 703 1363; x_wconf 87' lang='lat' dir='ltr'>qualiscumque,</span> <span class='ocrx_word' id='word_1_201' title='bbox 736 1330 798 1363; x_wconf 87' lang='lat' dir='ltr'>pro</span> <span class='ocrx_word' id='word_1_202' title='bbox 829 1318 930 1353; x_wconf 85' lang='lat' dir='ltr'>altera</span> <span class='ocrx_word' id='word_1_203' title='bbox 956 1327 1083 1353; x_wconf 86' lang='lat' dir='ltr'>tantum</span> <span class='ocrx_word' id='word_1_204' title='bbox 1112 1316 1349 1363; x_wconf 86' lang='lat' dir='ltr'>prerogatione</span> <span class='ocrx_word' id='word_1_205' title='bbox 1377 1316 1464 1351; x_wconf 81' lang='lat' dir='ltr'>ultra</span> <span class='ocrx_word' id='word_1_206' title='bbox 1494 1312 1563 1359; x_wconf 89' lang='lat' dir='ltr'>pri-</span> 
     </span>
     <span class='ocr_line' id='line_1_23' title="bbox 71 1365 1565 1412; baseline -0.004 -9"><span class='ocrx_word' id='word_1_207' title='bbox 71 1379 158 1403; x_wconf 86' lang='lat' dir='ltr'>mam</span> <span class='ocrx_word' id='word_1_208' title='bbox 188 1368 433 1401; x_wconf 87' lang='lat' dir='ltr'>concedendam</span> <span class='ocrx_word' id='word_1_209' title='bbox 467 1366 555 1400; x_wconf 89' lang='lat' dir='ltr'>forte</span> <span class='ocrx_word' id='word_1_210' title='bbox 581 1367 776 1401; x_wconf 87' lang='lat' dir='ltr'>suboriatur</span> <span class='ocrx_word' id='word_1_211' title='bbox 809 1390 820 1407; x_wconf 93' lang='lat'>,</span> <span class='ocrx_word' id='word_1_212' title='bbox 864 1367 982 1402; x_wconf 87' lang='lat' dir='ltr'>citatio</span> <span class='ocrx_word' id='word_1_213' title='bbox 1012 1377 1073 1412; x_wconf 89' lang='lat' dir='ltr'>pro</span> <span class='ocrx_word' id='word_1_214' title='bbox 1098 1378 1135 1401; x_wconf 86' lang='lat' dir='ltr'>ea</span> <span class='ocrx_word' id='word_1_215' title='bbox 1167 1367 1375 1405; x_wconf 84' lang='lat' dir='ltr'>obtinenda,</span> <span class='ocrx_word' id='word_1_216' title='bbox 1404 1365 1518 1410; x_wconf 89' lang='lat' dir='ltr'>primo</span> <span class='ocrx_word' id='word_1_217' title='bbox 1546 1372 1565 1395; x_wconf 83' lang='lat' dir='ltr'>a</span> 
     </span>
     <span class='ocr_line' id='line_1_24' title="bbox 69 1411 1565 1453; baseline -0.004 -4"><span class='ocrx_word' id='word_1_218' title='bbox 69 1416 119 1449; x_wconf 91' lang='lat' dir='ltr'>D.</span> <span class='ocrx_word' id='word_1_219' title='bbox 133 1414 301 1448; x_wconf 87' lang='lat' dir='ltr'>Auditore</span> <span class='ocrx_word' id='word_1_220' title='bbox 333 1414 599 1449; x_wconf 86' lang='lat' dir='ltr'>Eminentissimi</span> <span class='ocrx_word' id='word_1_221' title='bbox 629 1415 805 1453; x_wconf 86' lang='lat' dir='ltr'>Praefecti‚</span> <span class='ocrx_word' id='word_1_222' title='bbox 834 1417 983 1450; x_wconf 90' lang='lat' dir='ltr'>secundo</span> <span class='ocrx_word' id='word_1_223' title='bbox 1010 1427 1027 1448; x_wconf 80' lang='lat' dir='ltr'>a</span> <span class='ocrx_word' id='word_1_224' title='bbox 1055 1415 1101 1448; x_wconf 89' lang='lat' dir='ltr'>D.</span> <span class='ocrx_word' id='word_1_225' title='bbox 1116 1415 1266 1453; x_wconf 78' lang='lat' dir='ltr'>ejusdem</span> <span class='ocrx_word' id='word_1_226' title='bbox 1285 1412 1476 1448; x_wconf 86' lang='lat' dir='ltr'>Tribunalis</span> <span class='ocrx_word' id='word_1_227' title='bbox 1493 1411 1565 1444; x_wconf 85' lang='lat' dir='ltr'>De·</span> 
     </span>
     <span class='ocr_line' id='line_1_25' title="bbox 69 1455 1563 1508; baseline -0.004 -10"><span class='ocrx_word' id='word_1_228' title='bbox 69 1475 180 1501; x_wconf 86' lang='lat' dir='ltr'>cano,</span> <span class='ocrx_word' id='word_1_229' title='bbox 206 1473 244 1496; x_wconf 85' lang='lat' dir='ltr'>ac</span> <span class='ocrx_word' id='word_1_230' title='bbox 260 1470 362 1496; x_wconf 78' lang='lat' dir='ltr'>tertio</span> <span class='ocrx_word' id='word_1_231' title='bbox 390 1463 527 1496; x_wconf 85' lang='lat' dir='ltr'>demum</span> <span class='ocrx_word' id='word_1_232' title='bbox 563 1464 604 1497; x_wconf 87' lang='lat' dir='ltr'>ab</span> <span class='ocrx_word' id='word_1_233' title='bbox 625 1462 895 1497; x_wconf 85' lang='lat' dir='ltr'>Eminentissimo</span> <span class='ocrx_word' id='word_1_234' title='bbox 923 1461 1169 1497; x_wconf 87' lang='lat' dir='ltr'>Cardinalimet</span> <span class='ocrx_word' id='word_1_235' title='bbox 1197 1485 1208 1501; x_wconf 90' lang='lat'>‚</span> <span class='ocrx_word' id='word_1_236' title='bbox 1234 1462 1371 1508; x_wconf 83' lang='lat' dir='ltr'>propria</span> <span class='ocrx_word' id='word_1_237' title='bbox 1397 1455 1563 1505; x_wconf 75' lang='lat' dir='ltr'>cuiusque</span> 
     </span>
     <span class='ocr_line' id='line_1_26' title="bbox 71 1506 1565 1557; baseline -0.003 -11"><span class='ocrx_word' id='word_1_238' title='bbox 71 1515 199 1549; x_wconf 82' lang='lat' dir='ltr'>manu,</span> <span class='ocrx_word' id='word_1_239' title='bbox 227 1519 262 1544; x_wconf 91' lang='lat' dir='ltr'>et</span> <span class='ocrx_word' id='word_1_240' title='bbox 276 1522 374 1545; x_wconf 85' lang='lat' dir='ltr'>causa</span> <span class='ocrx_word' id='word_1_241' title='bbox 398 1506 595 1548; x_wconf 72' lang='lat' dir='ltr'>hujusmodi</span> <span class='ocrx_word' id='word_1_242' title='bbox 614 1511 759 1555; x_wconf 81' lang='lat' dir='ltr'>praecisae</span> <span class='ocrx_word' id='word_1_243' title='bbox 785 1510 1014 1551; x_wconf 83' lang='lat' dir='ltr'>necessitatis,</span> <span class='ocrx_word' id='word_1_244' title='bbox 1030 1510 1207 1557; x_wconf 83' lang='lat' dir='ltr'>rigorose,</span> <span class='ocrx_word' id='word_1_245' title='bbox 1228 1512 1286 1546; x_wconf 87' lang='lat' dir='ltr'>sed</span> <span class='ocrx_word' id='word_1_246' title='bbox 1318 1518 1428 1545; x_wconf 85' lang='lat' dir='ltr'>tamen</span> <span class='ocrx_word' id='word_1_247' title='bbox 1454 1517 1565 1544; x_wconf 83' lang='lat' dir='ltr'>extra-</span> 
     </span>
     <span class='ocr_line' id='line_1_27' title="bbox 70 1554 1566 1613; baseline -0.003 -19"><span class='ocrx_word' id='word_1_248' title='bbox 70 1557 291 1613; x_wconf 37' lang='lat' dir='ltr'>iudiciali-ter</span> <span class='ocrx_word' id='word_1_249' title='bbox 303 1558 438 1603; x_wconf 83' lang='lat' dir='ltr'>cognita</span> <span class='ocrx_word' id='word_1_250' title='bbox 467 1560 718 1600; x_wconf 85' lang='lat' dir='ltr'>subscribatur,</span> <span class='ocrx_word' id='word_1_251' title='bbox 745 1568 782 1594; x_wconf 86' lang='lat' dir='ltr'>et</span> <span class='ocrx_word' id='word_1_252' title='bbox 805 1559 882 1595; x_wconf 80' lang='lat' dir='ltr'>alias</span> <span class='ocrx_word' id='word_1_253' title='bbox 900 1571 1000 1605; x_wconf 81' lang='lat' dir='ltr'>quam</span> <span class='ocrx_word' id='word_1_254' title='bbox 1037 1559 1122 1593; x_wconf 86' lang='lat' dir='ltr'>trina</span> <span class='ocrx_word' id='word_1_255' title='bbox 1152 1562 1213 1594; x_wconf 86' lang='lat' dir='ltr'>hac</span> <span class='ocrx_word' id='word_1_256' title='bbox 1244 1558 1491 1603; x_wconf 85' lang='lat' dir='ltr'>subscriptione</span> <span class='ocrx_word' id='word_1_257' title='bbox 1522 1554 1566 1590; x_wconf 84' lang='lat' dir='ltr'>si-</span> 
     </span>
     <span class='ocr_line' id='line_1_28' title="bbox 73 1604 1566 1655; baseline -0.003 -13"><span class='ocrx_word' id='word_1_258' title='bbox 73 1616 173 1655; x_wconf 78' lang='lat' dir='ltr'>gnata</span> <span class='ocrx_word' id='word_1_259' title='bbox 199 1605 315 1642; x_wconf 86' lang='lat' dir='ltr'>citatio</span> <span class='ocrx_word' id='word_1_260' title='bbox 340 1618 405 1642; x_wconf 91' lang='lat' dir='ltr'>non</span> <span class='ocrx_word' id='word_1_261' title='bbox 438 1606 560 1641; x_wconf 91' lang='lat' dir='ltr'>solum</span> <span class='ocrx_word' id='word_1_262' title='bbox 577 1609 781 1652; x_wconf 73' lang='lat' dir='ltr'>repr-oduei,</span> <span class='ocrx_word' id='word_1_263' title='bbox 812 1620 849 1642; x_wconf 86' lang='lat' dir='ltr'>ac</span> <span class='ocrx_word' id='word_1_264' title='bbox 878 1607 946 1653; x_wconf 81' lang='lat' dir='ltr'>legi</span> <span class='ocrx_word' id='word_1_265' title='bbox 971 1618 1037 1642; x_wconf 90' lang='lat' dir='ltr'>non</span> <span class='ocrx_word' id='word_1_266' title='bbox 1067 1607 1172 1653; x_wconf 88' lang='lat' dir='ltr'>possit</span> <span class='ocrx_word' id='word_1_267' title='bbox 1198 1607 1229 1642; x_wconf 91' lang='lat' dir='ltr'>in</span> <span class='ocrx_word' id='word_1_268' title='bbox 1262 1606 1474 1645; x_wconf 82' lang='lat' dir='ltr'>Audientia,</span> <span class='ocrx_word' id='word_1_269' title='bbox 1506 1604 1566 1638; x_wconf 87' lang='lat' dir='ltr'>sed</span> 
     </span>
     <span class='ocr_line' id='line_1_29' title="bbox 72 1652 1564 1702; baseline -0.002 -11"><span class='ocrx_word' id='word_1_270' title='bbox 72 1666 105 1691; x_wconf 90' lang='lat' dir='ltr'>et</span> <span class='ocrx_word' id='word_1_271' title='bbox 138 1656 208 1701; x_wconf 86' lang='lat' dir='ltr'>ipsa</span> <span class='ocrx_word' id='word_1_272' title='bbox 234 1680 244 1695; x_wconf 91' lang='lat'>,</span> <span class='ocrx_word' id='word_1_273' title='bbox 272 1664 306 1690; x_wconf 91' lang='lat' dir='ltr'>et</span> <span class='ocrx_word' id='word_1_274' title='bbox 332 1663 459 1690; x_wconf 80' lang='lat' dir='ltr'>caeterae</span> <span class='ocrx_word' id='word_1_275' title='bbox 491 1666 606 1689; x_wconf 89' lang='lat' dir='ltr'>omnes</span> <span class='ocrx_word' id='word_1_276' title='bbox 636 1655 810 1690; x_wconf 79' lang='lat' dir='ltr'>citationes</span> <span class='ocrx_word' id='word_1_277' title='bbox 841 1667 1062 1702; x_wconf 70' lang='lat' dir='ltr'>quaecumque</span> <span class='ocrx_word' id='word_1_278' title='bbox 1092 1667 1156 1701; x_wconf 87' lang='lat' dir='ltr'>pro</span> <span class='ocrx_word' id='word_1_279' title='bbox 1188 1668 1227 1691; x_wconf 83' lang='lat' dir='ltr'>ea</span> <span class='ocrx_word' id='word_1_280' title='bbox 1250 1655 1432 1691; x_wconf 87' lang='lat' dir='ltr'>obtinenda</span> <span class='ocrx_word' id='word_1_281' title='bbox 1461 1652 1564 1688; x_wconf 82' lang='lat' dir='ltr'>etiam</span> 
     </span>
     <span class='ocr_line' id='line_1_30' title="bbox 71 1701 1566 1750; baseline -0.003 -10"><span class='ocrx_word' id='word_1_282' title='bbox 71 1716 151 1740; x_wconf 89' lang='lat' dir='ltr'>cum</span> <span class='ocrx_word' id='word_1_283' title='bbox 182 1703 326 1738; x_wconf 77' lang='lat' dir='ltr'>inhiberi</span> <span class='ocrx_word' id='word_1_284' title='bbox 345 1728 356 1744; x_wconf 88' lang='lat'>‚</span> <span class='ocrx_word' id='word_1_285' title='bbox 397 1716 434 1739; x_wconf 85' lang='lat' dir='ltr'>ac</span> <span class='ocrx_word' id='word_1_286' title='bbox 472 1704 602 1738; x_wconf 89' lang='lat' dir='ltr'>etiamsi</span> <span class='ocrx_word' id='word_1_287' title='bbox 631 1715 650 1737; x_wconf 88' lang='lat' dir='ltr'>a</span> <span class='ocrx_word' id='word_1_288' title='bbox 680 1705 814 1738; x_wconf 90' lang='lat' dir='ltr'>duobus</span> <span class='ocrx_word' id='word_1_289' title='bbox 842 1713 972 1738; x_wconf 90' lang='lat' dir='ltr'>tanturn</span> <span class='ocrx_word' id='word_1_290' title='bbox 1015 1716 1135 1740; x_wconf 88' lang='lat' dir='ltr'>eorum</span> <span class='ocrx_word' id='word_1_291' title='bbox 1176 1704 1376 1750; x_wconf 68' lang='lat' dir='ltr'>subscriptae</span> <span class='ocrx_word' id='word_1_292' title='bbox 1403 1701 1533 1738; x_wconf 89' lang='lat' dir='ltr'>fuerint</span> <span class='ocrx_word' id='word_1_293' title='bbox 1552 1725 1566 1742; x_wconf 91' lang='lat'>,</span> 
     </span>
     <span class='ocr_line' id='line_1_31' title="bbox 71 1752 1571 1800; baseline -0.003 -12"><span class='ocrx_word' id='word_1_294' title='bbox 71 1753 209 1799; x_wconf 85' lang='lat' dir='ltr'>aliaeque</span> <span class='ocrx_word' id='word_1_295' title='bbox 234 1765 349 1788; x_wconf 87' lang='lat' dir='ltr'>omnes</span> <span class='ocrx_word' id='word_1_296' title='bbox 374 1752 550 1787; x_wconf 85' lang='lat' dir='ltr'>citationes</span> <span class='ocrx_word' id='word_1_297' title='bbox 577 1754 822 1797; x_wconf 78' lang='lat' dir='ltr'>cuiuscumque</span> <span class='ocrx_word' id='word_1_298' title='bbox 851 1753 980 1798; x_wconf 83' lang='lat' dir='ltr'>generis</span> <span class='ocrx_word' id='word_1_299' title='bbox 1015 1753 1106 1793; x_wconf 83' lang='lat' dir='ltr'>sint,</span> <span class='ocrx_word' id='word_1_300' title='bbox 1138 1753 1272 1800; x_wconf 89' lang='lat' dir='ltr'>quoties</span> <span class='ocrx_word' id='word_1_301' title='bbox 1314 1755 1355 1789; x_wconf 84' lang='lat' dir='ltr'>ad</span> <span class='ocrx_word' id='word_1_302' title='bbox 1389 1752 1571 1798; x_wconf 86' lang='lat' dir='ltr'>impetran-</span> 
     </span>
     <span class='ocr_line' id='line_1_32' title="bbox 70 1801 1569 1847; baseline -0.002 -11"><span class='ocrx_word' id='word_1_303' title='bbox 70 1803 145 1837; x_wconf 82' lang='lat' dir='ltr'>dam</span> <span class='ocrx_word' id='word_1_304' title='bbox 175 1801 373 1837; x_wconf 88' lang='lat' dir='ltr'>ulteriorem</span> <span class='ocrx_word' id='word_1_305' title='bbox 403 1801 677 1847; x_wconf 80' lang='lat' dir='ltr'>prorogationem</span> <span class='ocrx_word' id='word_1_306' title='bbox 696 1825 708 1841; x_wconf 92' lang='lat'>,</span> <span class='ocrx_word' id='word_1_307' title='bbox 736 1801 808 1836; x_wconf 89' lang='lat' dir='ltr'>sive</span> <span class='ocrx_word' id='word_1_308' title='bbox 830 1802 984 1841; x_wconf 87' lang='lat' dir='ltr'>directe,</span> <span class='ocrx_word' id='word_1_309' title='bbox 1013 1801 1085 1837; x_wconf 88' lang='lat' dir='ltr'>sive</span> <span class='ocrx_word' id='word_1_310' title='bbox 1116 1802 1307 1842; x_wconf 86' lang='lat' dir='ltr'>indirecte,</span> <span class='ocrx_word' id='word_1_311' title='bbox 1341 1810 1376 1836; x_wconf 90' lang='lat' dir='ltr'>et</span> <span class='ocrx_word' id='word_1_312' title='bbox 1402 1801 1465 1837; x_wconf 90' lang='lat' dir='ltr'>sub</span> <span class='ocrx_word' id='word_1_313' title='bbox 1482 1810 1569 1846; x_wconf 92' lang='lat' dir='ltr'>quo-</span> 
     </span>
     <span class='ocr_line' id='line_1_33' title="bbox 71 1849 1563 1896; baseline -0.002 -11"><span class='ocrx_word' id='word_1_314' title='bbox 71 1851 124 1885; x_wconf 89' lang='lat' dir='ltr'>vis</span> <span class='ocrx_word' id='word_1_315' title='bbox 153 1851 294 1896; x_wconf 86' lang='lat' dir='ltr'>quaesito</span> <span class='ocrx_word' id='word_1_316' title='bbox 312 1851 455 1891; x_wconf 89' lang='lat' dir='ltr'>colore,</span> <span class='ocrx_word' id='word_1_317' title='bbox 482 1852 642 1891; x_wconf 85' lang='lat' dir='ltr'>tendant,</span> <span class='ocrx_word' id='word_1_318' title='bbox 675 1859 733 1885; x_wconf 90' lang='lat' dir='ltr'>aut</span> <span class='ocrx_word' id='word_1_319' title='bbox 747 1850 886 1885; x_wconf 88' lang='lat' dir='ltr'>tendere</span> <span class='ocrx_word' id='word_1_320' title='bbox 914 1850 1117 1891; x_wconf 83' lang='lat' dir='ltr'>videantur,</span> <span class='ocrx_word' id='word_1_321' title='bbox 1145 1849 1238 1886; x_wconf 87' lang='lat' dir='ltr'>nullo</span> <span class='ocrx_word' id='word_1_322' title='bbox 1258 1851 1360 1886; x_wconf 91' lang='lat' dir='ltr'>modo</span> <span class='ocrx_word' id='word_1_323' title='bbox 1376 1849 1563 1888; x_wconf 86' lang='lat' dir='ltr'>inhibeant,</span> 
     </span>
     <span class='ocr_line' id='line_1_34' title="bbox 71 1898 1571 1945; baseline -0.001 -12"><span class='ocrx_word' id='word_1_324' title='bbox 71 1900 129 1934; x_wconf 92' lang='lat' dir='ltr'>sed</span> <span class='ocrx_word' id='word_1_325' title='bbox 159 1900 246 1944; x_wconf 83' lang='lat' dir='ltr'>parti</span> <span class='ocrx_word' id='word_1_326' title='bbox 274 1900 383 1935; x_wconf 86' lang='lat' dir='ltr'>citatae</span> <span class='ocrx_word' id='word_1_327' title='bbox 410 1912 464 1934; x_wconf 88' lang='lat' dir='ltr'>eas</span> <span class='ocrx_word' id='word_1_328' title='bbox 491 1899 630 1945; x_wconf 81' lang='lat' dir='ltr'>impune</span> <span class='ocrx_word' id='word_1_329' title='bbox 655 1910 812 1944; x_wconf 90' lang='lat' dir='ltr'>spernere</span> <span class='ocrx_word' id='word_1_330' title='bbox 837 1924 848 1939; x_wconf 94' lang='lat'><em>‚</em></span> <span class='ocrx_word' id='word_1_331' title='bbox 888 1898 1023 1945; x_wconf 87' lang='lat' dir='ltr'>illisque</span> <span class='ocrx_word' id='word_1_332' title='bbox 1047 1911 1113 1934; x_wconf 85' lang='lat' dir='ltr'>non</span> <span class='ocrx_word' id='word_1_333' title='bbox 1138 1899 1349 1935; x_wconf 85' lang='lat' dir='ltr'>obstantibus</span> <span class='ocrx_word' id='word_1_334' title='bbox 1383 1899 1423 1934; x_wconf 90' lang='lat' dir='ltr'>ad</span> <span class='ocrx_word' id='word_1_335' title='bbox 1450 1908 1571 1944; x_wconf 84' lang='lat' dir='ltr'>quam-</span> 
     </span>
     <span class='ocr_line' id='line_1_35' title="bbox 73 1947 1571 1995; baseline -0.001 -14"><span class='ocrx_word' id='word_1_336' title='bbox 73 1959 224 1992; x_wconf 88' lang='lat' dir='ltr'>cumque</span> <span class='ocrx_word' id='word_1_337' title='bbox 250 1950 514 1994; x_wconf 86' lang='lat' dir='ltr'>exequutionem</span> <span class='ocrx_word' id='word_1_338' title='bbox 530 1972 542 1988; x_wconf 89' lang='lat'>,</span> <span class='ocrx_word' id='word_1_339' title='bbox 568 1949 640 1984; x_wconf 90' lang='lat' dir='ltr'>sive</span> <span class='ocrx_word' id='word_1_340' title='bbox 653 1947 773 1983; x_wconf 87' lang='lat' dir='ltr'>realem</span> <span class='ocrx_word' id='word_1_341' title='bbox 791 1972 802 1989; x_wconf 88' lang='lat'>‚</span> <span class='ocrx_word' id='word_1_342' title='bbox 828 1948 901 1983; x_wconf 87' lang='lat' dir='ltr'>sive</span> <span class='ocrx_word' id='word_1_343' title='bbox 916 1948 1124 1995; x_wconf 87' lang='lat' dir='ltr'>personalem</span> <span class='ocrx_word' id='word_1_344' title='bbox 1154 1958 1453 1994; x_wconf 87' lang='lat' dir='ltr'>quorumcumque</span> <span class='ocrx_word' id='word_1_345' title='bbox 1480 1956 1571 1981; x_wconf 89' lang='lat' dir='ltr'>man-</span> 
     </span>
     <span class='ocr_line' id='line_1_36' title="bbox 73 1995 1569 2053; baseline -0.001 -23"><span class='ocrx_word' id='word_1_346' title='bbox 73 1997 227 2030; x_wconf 84' lang='lat' dir='ltr'>datorum</span> <span class='ocrx_word' id='word_1_347' title='bbox 246 2021 256 2037; x_wconf 91' lang='lat'>,</span> <span class='ocrx_word' id='word_1_348' title='bbox 285 2006 319 2032; x_wconf 89' lang='lat' dir='ltr'>et</span> <span class='ocrx_word' id='word_1_349' title='bbox 344 1999 385 2032; x_wconf 88' lang='lat' dir='ltr'>ad</span> <span class='ocrx_word' id='word_1_350' title='bbox 422 2009 656 2053; x_wconf 80' lang='lat' dir='ltr'>quoscumque</span> <span class='ocrx_word' id='word_1_351' title='bbox 689 1997 773 2032; x_wconf 87' lang='lat' dir='ltr'>alios</span> <span class='ocrx_word' id='word_1_352' title='bbox 802 2006 897 2033; x_wconf 87' lang='lat' dir='ltr'>actus</span> <span class='ocrx_word' id='word_1_353' title='bbox 923 2009 985 2043; x_wconf 90' lang='lat' dir='ltr'>pro</span> <span class='ocrx_word' id='word_1_354' title='bbox 1014 1997 1260 2033; x_wconf 88' lang='lat' dir='ltr'>Sententiarum</span> <span class='ocrx_word' id='word_1_355' title='bbox 1286 2021 1296 2037; x_wconf 96' lang='lat'>,</span> <span class='ocrx_word' id='word_1_356' title='bbox 1329 2005 1363 2031; x_wconf 87' lang='lat' dir='ltr'>et</span> <span class='ocrx_word' id='word_1_357' title='bbox 1394 1995 1569 2038; x_wconf 78' lang='lat' dir='ltr'>judicato-</span> 
     </span>
     <span class='ocr_line' id='line_1_37' title="bbox 74 2045 1569 2103; baseline 0 -25"><span class='ocrx_word' id='word_1_358' title='bbox 74 2054 145 2079; x_wconf 93' lang='lat' dir='ltr'>rum</span> <span class='ocrx_word' id='word_1_359' title='bbox 179 2047 408 2091; x_wconf 82' lang='lat' dir='ltr'>exequutione</span> <span class='ocrx_word' id='word_1_360' title='bbox 440 2046 643 2082; x_wconf 81' lang='lat' dir='ltr'>necessarios</span> <span class='ocrx_word' id='word_1_361' title='bbox 672 2047 861 2092; x_wconf 87' lang='lat' dir='ltr'>procedere</span> <span class='ocrx_word' id='word_1_362' title='bbox 886 2071 898 2103; x_wconf 90' lang='lat'>&#39;.</span> <span class='ocrx_word' id='word_1_363' title='bbox 923 2046 1146 2092; x_wconf 83' lang='lat' dir='ltr'>eamdemque</span> <span class='ocrx_word' id='word_1_364' title='bbox 1173 2045 1465 2092; x_wconf 87' lang='lat' dir='ltr'>exequutionem,</span> <span class='ocrx_word' id='word_1_365' title='bbox 1498 2054 1569 2079; x_wconf 84' lang='lat' dir='ltr'>eos-</span> 
     </span>
     <span class='ocr_line' id='line_1_38' title="bbox 77 2092 1569 2152; baseline 0 -26"><span class='ocrx_word' id='word_1_366' title='bbox 77 2092 222 2139; x_wconf 89' lang='lat' dir='ltr'>demque</span> <span class='ocrx_word' id='word_1_367' title='bbox 251 2102 344 2129; x_wconf 84' lang='lat' dir='ltr'>actus</span> <span class='ocrx_word' id='word_1_368' title='bbox 372 2095 523 2139; x_wconf 85' lang='lat' dir='ltr'>inceptos</span> <span class='ocrx_word' id='word_1_369' title='bbox 543 2118 554 2134; x_wconf 89' lang='lat'>‚</span> <span class='ocrx_word' id='word_1_370' title='bbox 579 2095 712 2129; x_wconf 85' lang='lat' dir='ltr'>etiamsi</span> <span class='ocrx_word' id='word_1_371' title='bbox 738 2096 861 2130; x_wconf 85' lang='lat' dir='ltr'>deinde</span> <span class='ocrx_word' id='word_1_372' title='bbox 890 2095 920 2130; x_wconf 87' lang='lat' dir='ltr'>in</span> <span class='ocrx_word' id='word_1_373' title='bbox 938 2094 1109 2152; x_wconf 84' lang='lat' dir='ltr'>praedictis</span> <span class='ocrx_word' id='word_1_374' title='bbox 1137 2095 1355 2131; x_wconf 86' lang='lat' dir='ltr'>citationibus</span> <span class='ocrx_word' id='word_1_375' title='bbox 1373 2095 1569 2134; x_wconf 70' lang='lat' dir='ltr'>cujuscum-</span> 
     </span>
     <span class='ocr_line' id='line_1_39' title="bbox 77 2141 1569 2189; baseline -0.001 -14"><span class='ocrx_word' id='word_1_376' title='bbox 77 2152 142 2187; x_wconf 88' lang='lat' dir='ltr'>que</span> <span class='ocrx_word' id='word_1_377' title='bbox 172 2141 302 2183; x_wconf 75' lang='lat' dir='ltr'>judicis</span> <span class='ocrx_word' id='word_1_378' title='bbox 333 2142 612 2188; x_wconf 89' lang='lat' dir='ltr'>superaccesserit</span> <span class='ocrx_word' id='word_1_379' title='bbox 647 2143 832 2178; x_wconf 88' lang='lat' dir='ltr'>Decretum</span> <span class='ocrx_word' id='word_1_380' title='bbox 861 2166 873 2181; x_wconf 89' lang='lat'>,</span> <span class='ocrx_word' id='word_1_381' title='bbox 903 2144 1002 2178; x_wconf 81' lang='lat' dir='ltr'>etiam</span> <span class='ocrx_word' id='word_1_382' title='bbox 1039 2156 1117 2179; x_wconf 90' lang='lat' dir='ltr'>cum</span> <span class='ocrx_word' id='word_1_383' title='bbox 1151 2155 1306 2189; x_wconf 80' lang='lat' dir='ltr'>expressa</span> <span class='ocrx_word' id='word_1_384' title='bbox 1339 2141 1569 2179; x_wconf 86' lang='lat' dir='ltr'>inhibitione,</span> 
     </span>
     <span class='ocr_line' id='line_1_40' title="bbox 77 2189 1572 2238; baseline -0.001 -14"><span class='ocrx_word' id='word_1_385' title='bbox 77 2189 150 2224; x_wconf 90' lang='lat' dir='ltr'>sive</span> <span class='ocrx_word' id='word_1_386' title='bbox 175 2202 261 2226; x_wconf 87' lang='lat' dir='ltr'>nova</span> <span class='ocrx_word' id='word_1_387' title='bbox 288 2193 526 2235; x_wconf 76' lang='lat' dir='ltr'>super-sessoria</span> <span class='ocrx_word' id='word_1_388' title='bbox 543 2216 554 2231; x_wconf 91' lang='lat'><strong>‚</strong></span> <span class='ocrx_word' id='word_1_389' title='bbox 580 2190 681 2226; x_wconf 85' lang='lat' dir='ltr'>etiam</span> <span class='ocrx_word' id='word_1_390' title='bbox 709 2192 743 2226; x_wconf 83' lang='lat' dir='ltr'>in</span> <span class='ocrx_word' id='word_1_391' title='bbox 771 2199 861 2226; x_wconf 79' lang='lat' dir='ltr'>statu</span> <span class='ocrx_word' id='word_1_392' title='bbox 888 2215 900 2232; x_wconf 92' lang='lat'>,</span> <span class='ocrx_word' id='word_1_393' title='bbox 930 2199 962 2226; x_wconf 77' lang='lat' dir='ltr'>et</span> <span class='ocrx_word' id='word_1_394' title='bbox 987 2192 1140 2227; x_wconf 80' lang='lat' dir='ltr'>terminis</span> <span class='ocrx_word' id='word_1_395' title='bbox 1174 2190 1334 2238; x_wconf 86' lang='lat' dir='ltr'>prosequi</span> <span class='ocrx_word' id='word_1_396' title='bbox 1364 2189 1496 2229; x_wconf 89' lang='lat' dir='ltr'>liceat,</span> <span class='ocrx_word' id='word_1_397' title='bbox 1525 2196 1572 2223; x_wconf 63' lang='grc' dir='ltr'>εἰ·</span> 
     </span>
     <span class='ocr_line' id='line_1_41' title="bbox 78 2239 1571 2286; baseline 0 -15"><span class='ocrx_word' id='word_1_398' title='bbox 78 2248 145 2283; x_wconf 86' lang='lat' dir='ltr'>que</span> <span class='ocrx_word' id='word_1_399' title='bbox 174 2239 303 2286; x_wconf 78' lang='lat' dir='ltr'>integre</span> <span class='ocrx_word' id='word_1_400' title='bbox 334 2250 531 2275; x_wconf 85' lang='lat' dir='ltr'>consumare</span> <span class='ocrx_word' id='word_1_401' title='bbox 555 2241 681 2285; x_wconf 83' lang='lat' dir='ltr'>absque</span> <span class='ocrx_word' id='word_1_402' title='bbox 708 2239 776 2274; x_wconf 89' lang='lat' dir='ltr'>ulla</span> <span class='ocrx_word' id='word_1_403' title='bbox 806 2252 904 2285; x_wconf 85' lang='lat' dir='ltr'>poena</span> <span class='ocrx_word' id='word_1_404' title='bbox 930 2240 1093 2277; x_wconf 82' lang='lat' dir='ltr'>nullitatis</span> <span class='ocrx_word' id='word_1_405' title='bbox 1120 2265 1133 2282; x_wconf 82' lang='lat'>,</span> <span class='ocrx_word' id='word_1_406' title='bbox 1158 2250 1192 2277; x_wconf 82' lang='lat' dir='ltr'>et</span> <span class='ocrx_word' id='word_1_407' title='bbox 1219 2240 1291 2276; x_wconf 89' lang='lat' dir='ltr'>sine</span> <span class='ocrx_word' id='word_1_408' title='bbox 1327 2240 1399 2276; x_wconf 91' lang='lat' dir='ltr'>ullo</span> <span class='ocrx_word' id='word_1_409' title='bbox 1433 2239 1571 2274; x_wconf 82' lang='lat' dir='ltr'>incursu</span> 
     </span>
     <span class='ocr_line' id='line_1_42' title="bbox 79 2294 340 2324; baseline 0.011 -3"><span class='ocrx_word' id='word_1_410' title='bbox 79 2294 312 2323; x_wconf 86' lang='lat' dir='ltr'>attentatorum</span> <span class='ocrx_word' id='word_1_411' title='bbox 330 2313 340 2324; x_wconf 69' lang='grc' dir='ltr'><strong><em>ο</em></strong></span> 
     </span>
    </p>

    <p class='ocr_par' dir='ltr' id='par_1_4' title="bbox 78 2332 1576 2580">
     <span class='ocr_line' id='line_1_43' title="bbox 127 2332 1574 2382; baseline 0 -14"><span class='ocrx_word' id='word_1_412' title='bbox 127 2335 191 2369; x_wconf 84' lang='grc' dir='ltr'><strong>ΙΙΙ.</strong></span> <span class='ocrx_word' id='word_1_413' title='bbox 240 2337 512 2373; x_wconf 76' lang='lat' dir='ltr'>Commissiones</span> <span class='ocrx_word' id='word_1_414' title='bbox 550 2347 612 2382; x_wconf 87' lang='lat' dir='ltr'>pro</span> <span class='ocrx_word' id='word_1_415' title='bbox 642 2336 794 2371; x_wconf 87' lang='lat' dir='ltr'>adeunda</span> <span class='ocrx_word' id='word_1_416' title='bbox 832 2335 1008 2382; x_wconf 82' lang='lat' dir='ltr'>Signatura</span> <span class='ocrx_word' id='word_1_417' title='bbox 1037 2335 1136 2382; x_wconf 86' lang='lat' dir='ltr'>plena</span> <span class='ocrx_word' id='word_1_418' title='bbox 1168 2336 1441 2374; x_wconf 83' lang='lat' dir='ltr'>transmittantur</span> <span class='ocrx_word' id='word_1_419' title='bbox 1464 2332 1574 2370; x_wconf 84' lang='lat' dir='ltr'>omni-</span> 
     </span>
     <span class='ocr_line' id='line_1_44' title="bbox 79 2385 1574 2433; baseline 0.002 -16"><span class='ocrx_word' id='word_1_420' title='bbox 79 2395 123 2418; x_wconf 86' lang='lat' dir='ltr'>no</span> <span class='ocrx_word' id='word_1_421' title='bbox 156 2395 216 2429; x_wconf 86' lang='lat' dir='ltr'>per</span> <span class='ocrx_word' id='word_1_422' title='bbox 241 2388 417 2422; x_wconf 86' lang='lat' dir='ltr'>tresdecim</span> <span class='ocrx_word' id='word_1_423' title='bbox 446 2387 517 2422; x_wconf 93' lang='lat' dir='ltr'>dies</span> <span class='ocrx_word' id='word_1_424' title='bbox 550 2395 625 2421; x_wconf 88' lang='lat' dir='ltr'>ante</span> <span class='ocrx_word' id='word_1_425' title='bbox 653 2386 743 2420; x_wconf 85' lang='lat' dir='ltr'>diem</span> <span class='ocrx_word' id='word_1_426' title='bbox 773 2385 982 2432; x_wconf 62' lang='lat' dir='ltr'>Signatum,</span> <span class='ocrx_word' id='word_1_427' title='bbox 1008 2386 1081 2421; x_wconf 91' lang='lat' dir='ltr'>sive</span> <span class='ocrx_word' id='word_1_428' title='bbox 1111 2386 1423 2433; x_wconf 88' lang='lat' dir='ltr'>Congregationis‚</span> <span class='ocrx_word' id='word_1_429' title='bbox 1453 2394 1574 2428; x_wconf 85' lang='lat' dir='ltr'>nempe</span> 
     </span>
     <span class='ocr_line' id='line_1_45' title="bbox 78 2433 1575 2481; baseline 0.001 -15"><span class='ocrx_word' id='word_1_430' title='bbox 78 2444 140 2479; x_wconf 90' lang='lat' dir='ltr'>per</span> <span class='ocrx_word' id='word_1_431' title='bbox 169 2442 274 2468; x_wconf 86' lang='lat' dir='ltr'>totam</span> <span class='ocrx_word' id='word_1_432' title='bbox 305 2435 566 2480; x_wconf 53' lang='lat' dir='ltr'>diemffiveneris</span> <span class='ocrx_word' id='word_1_433' title='bbox 583 2459 594 2476; x_wconf 95' lang='lat'>‚</span> <span class='ocrx_word' id='word_1_434' title='bbox 623 2434 815 2469; x_wconf 86' lang='lat' dir='ltr'>immediate</span> <span class='ocrx_word' id='word_1_435' title='bbox 840 2435 1068 2470; x_wconf 88' lang='lat' dir='ltr'>antecedentis</span> <span class='ocrx_word' id='word_1_436' title='bbox 1085 2436 1331 2472; x_wconf 88' lang='lat' dir='ltr'>hebdomadam</span> <span class='ocrx_word' id='word_1_437' title='bbox 1349 2462 1360 2477; x_wconf 95' lang='lat'><strong>‚</strong></span> <span class='ocrx_word' id='word_1_438' title='bbox 1392 2434 1423 2470; x_wconf 82' lang='lat' dir='ltr'>in</span> <span class='ocrx_word' id='word_1_439' title='bbox 1449 2446 1514 2481; x_wconf 91' lang='lat' dir='ltr'>qua</span> <span class='ocrx_word' id='word_1_440' title='bbox 1528 2433 1575 2467; x_wconf 84' lang='lat' dir='ltr'>fa-</span> 
     </span>
     <span class='ocr_line' id='line_1_46' title="bbox 81 2481 1576 2531; baseline 0.001 -15"><span class='ocrx_word' id='word_1_441' title='bbox 81 2482 199 2517; x_wconf 88' lang='lat' dir='ltr'>cienda</span> <span class='ocrx_word' id='word_1_442' title='bbox 225 2483 289 2517; x_wconf 88' lang='lat' dir='ltr'>erit</span> <span class='ocrx_word' id='word_1_443' title='bbox 315 2484 506 2519; x_wconf 90' lang='lat' dir='ltr'>distributio</span> <span class='ocrx_word' id='word_1_444' title='bbox 534 2483 829 2520; x_wconf 83' lang='lat' dir='ltr'>informationum</span> <span class='ocrx_word' id='word_1_445' title='bbox 844 2483 877 2518; x_wconf 90' lang='lat' dir='ltr'>in</span> <span class='ocrx_word' id='word_1_446' title='bbox 906 2483 1039 2530; x_wconf 87' lang='lat' dir='ltr'>scriptis</span> <span class='ocrx_word' id='word_1_447' title='bbox 1068 2508 1079 2524; x_wconf 92' lang='lat'>‚</span> <span class='ocrx_word' id='word_1_448' title='bbox 1124 2483 1316 2531; x_wconf 81' lang='lat' dir='ltr'>eaedemque</span> <span class='ocrx_word' id='word_1_449' title='bbox 1347 2481 1576 2519; x_wconf 80' lang='lat' dir='ltr'>Commissio-</span> 
     </span>
     <span class='ocr_line' id='line_1_47' title="bbox 85 2531 1574 2580; baseline 0.001 -15"><span class='ocrx_word' id='word_1_450' title='bbox 85 2542 142 2566; x_wconf 84' lang='lat' dir='ltr'>nes</span> <span class='ocrx_word' id='word_1_451' title='bbox 175 2544 217 2567; x_wconf 84' lang='lat' dir='ltr'>ex</span> <span class='ocrx_word' id='word_1_452' title='bbox 245 2531 301 2568; x_wconf 88' lang='lat' dir='ltr'>illa</span> <span class='ocrx_word' id='word_1_453' title='bbox 326 2533 381 2569; x_wconf 88' lang='lat' dir='ltr'>die</span> <span class='ocrx_word' id='word_1_454' title='bbox 396 2542 524 2569; x_wconf 86' lang='lat' dir='ltr'>tantum</span> <span class='ocrx_word' id='word_1_455' title='bbox 552 2534 745 2574; x_wconf 82' lang='lat' dir='ltr'>inhibeant,</span> <span class='ocrx_word' id='word_1_456' title='bbox 780 2542 813 2568; x_wconf 91' lang='lat' dir='ltr'>et</span> <span class='ocrx_word' id='word_1_457' title='bbox 845 2532 995 2569; x_wconf 87' lang='lat' dir='ltr'>inhibere</span> <span class='ocrx_word' id='word_1_458' title='bbox 1024 2542 1221 2570; x_wconf 88' lang='lat' dir='ltr'>censeantur</span> <span class='ocrx_word' id='word_1_459' title='bbox 1245 2558 1256 2575; x_wconf 89' lang='lat'>‚</span> <span class='ocrx_word' id='word_1_460' title='bbox 1286 2541 1391 2580; x_wconf 89' lang='lat' dir='ltr'>prout</span> <span class='ocrx_word' id='word_1_461' title='bbox 1418 2535 1574 2569; x_wconf 79' lang='lat' dir='ltr'>hactenus</span> 
     </span>
    </p>

    <p class='ocr_par' dir='ltr' id='par_1_5' title="bbox 919 2579 1580 2617">
     <span class='ocr_line' id='line_1_48' title="bbox 919 2579 1580 2617; baseline -0.003 0"><span class='ocrx_word' id='word_1_462' title='bbox 919 2581 930 2617; x_wconf 92' lang='lat' dir='ltr'>l</span> <span class='ocrx_word' id='word_1_463' title='bbox 954 2594 973 2616; x_wconf 86' lang='lat'>2</span> <span class='ocrx_word' id='word_1_464' title='bbox 1492 2579 1580 2616; x_wconf 79' lang='lat' dir='ltr'>inhi-</span> 
     </span>
    </p>
   </div>
  </div>
 </body>
</html>
