1993 3195
113 269 313 312 Cardinale
346 265 449 311 NN.
480 265 647 324 Prefetto
682 271 804 314 ordini
832 271 863 312 il
891 271 999 312 solito
1026 283 1202 326 processo
1222 298 1232 318 ,
1261 284 1282 311 e
1315 286 1363 312 ne
1376 276 1479 329 pat-li
1497 234 1580 327 ;³gt

109 330 235 370 Effius
252 328 474 370 Praefectus
492 361 504 380 ,
536 329 601 372 cui
622 332 833 374 exhibetur
863 329 1029 386 supplex
1048 329 1197 372 libellus
1233 344 1325 371 cum
1362 335 1547 390 rescripto
1566 367 1580 386 ‚

111 386 216 434 facto
242 386 322 443 jam
352 390 475 431 verbo
509 404 601 431 cnm
630 391 819 433 pontifice
850 389 1007 431 easdem
1039 403 1171 446 preces
1206 389 1367 431 remittit
1396 390 1580 434 Domino

109 445 352 488 Votantium
383 447 620 505 Signaturae
647 449 821 493 Decano
855 479 868 497 ,
901 449 962 490 his
990 448 1121 492 verbis
1153 450 1192 489 in
1222 449 1325 491 calce
1353 453 1581 493 earumdem

104 502 278 558 “adjectis
296 523 305 547 :
339 509 484 549 avendo
503 509 558 549 lv.
577 509 621 549 S.
631 509 736 565 satta
770 511 805 551 Ia
821 507 957 567 gratia
982 506 1051 550 all’
1066 508 1228 550 Oratore
1248 541 1260 559 ‚
1281 514 1399 566 potr&
1426 510 1584 551 Monsi-

108 579 213 622 gnor
235 565 396 608 Decano
410 578 648 610 commettere
667 599 680 617 ‚
712 571 778 612 che
809 568 978 622 sifaccia
1005 568 1034 609 il
1045 583 1222 624 processo
1246 566 1478 621 (triformem
1495 570 1584 609 Bul-

108 623 169 665 lae
190 655 198 665 .
238 623 295 665 N.
330 626 548 669 cardinalis
569 627 720 672 Corsiae·
739 661 749 671 .
781 628 878 684 Qua
915 627 1059 669 deinde
1088 627 1274 670 facultate
1290 627 1466 669 exhibita
1488 628 1583 669 tho

110 680 285 726 Decano
301 716 315 735 ,
350 685 518 742 deputat
544 686 602 729 ille
621 704 755 731 unum
780 703 827 730 ex
846 686 948 728 DD.
966 687 1302 744 Votantibus'per
1319 700 1486 729 turnum
1509 687 1584 728 hac

111 740 284 786 formula
307 759 317 785 :
362 745 412 785 R.
430 746 473 787 P.
496 747 551 787 D.
575 749 757 807 Negroni
771 780 784 797 ‚
812 757 957 789 servata
992 747 1031 788 in
1047 746 1224 790 omnibus
1242 743 1371 799 forma
1390 745 1586 787 Constitu-

109 800 226 844 tionis
251 819 333 846 san.
354 818 469 845 mem.
487 806 708 850 Alexandri
724 809 850 865 Papae
873 807 959 850 VII.
975 837 987 855 ‚
1014 822 1112 862 quae
1130 805 1267 864 incipit
1280 806 1384 848 Inter
1399 815 1586 852 caeteras,

110 859 333 905 Processum
351 862 531 920 conficiat
547 894 560 913 ‚
591 882 629 909 et
646 868 810 922 refhrat:
838 865 991 907 Datum
1007 866 1080 907 hac
1093 865 1155 907 elie
1173 894 1182 905 .
1200 895 1211 907 .
1223 894 1233 906 .
1262 864 1364 906 NN.
1384 865 1586 905 Decanus:

113 930 155 963 et
170 934 305 964 coram
325 922 506 964 Votante
536 926 590 968 sic
611 928 805 982 deputato
831 922 1062 967 efformatur
1079 939 1148 980 per
1164 937 1248 966 acta
1282 923 1434 979 proprii
1453 921 1588 962 Colle-

109 976 164 1034 gii
180 979 415 1034 Signaturae
431 980 593 1024 Notarii
621 999 855 1041 processus3
888 1000 972 1039 quo
1001 982 1213 1039 compilato
1237 982 1280 1023 fit
1304 996 1372 1038 per
1401 979 1588 1021 eumdem

109 1036 328 1077 Votantem
346 1037 482 1076 relatio
511 1039 553 1076 in
571 1042 687 1093 plena
706 1043 918 1095 signatura
940 1068 953 1085 ,
983 1054 1021 1080 et
1039 1054 1107 1093 per
1123 1053 1268 1080 secreta
1284 1037 1471 1094 suffragia
1493 1053 1589 1092 pro-

109 1092 256 1144 batur,
296 1093 360 1136 vel
377 1094 620 1149 reprobatur
647 1096 748 1139 illius
761 1096 974 1145 validitas3
1007 1096 1047 1135 in
1075 1094 1152 1140 alio
1171 1106 1306 1149 postea
1324 1097 1507 1150 sequenti
1527 1097 1589 1135 Si-

108 1166 303 1208 gnaturae
321 1168 537 1211 congressu
564 1154 787 1199 admittitur
818 1153 1119 1214 promovendus
1149 1151 1201 1193 ad
1219 1166 1390 1194 examen
1408 1184 1421 1203 ,
1454 1165 1499 1195 ut
1518 1168 1591 1195 su-

108 1225 182 1268 pra
208 1212 407 1261 diximus,
439 1226 476 1255 et
493 1214 599 1257 fiunt
616 1215 752 1258 omnia
770 1231 841 1266 ea,
873 1211 1074 1268 quaejam
1095 1213 1369 1255 recensuimus
1386 1242 1396 1253 .

229 1274 382 1329 Quoad
412 1272 635 1317 Advocatos
666 1275 980 1324 Consistoriales‚
1013 1287 1220 1331 processus
1255 1287 1329 1329 pro
1357 1273 1593 1315 eorumdem

111 1330 350 1376 admissione
386 1334 490 1375 inter
510 1335 811 1377 Referendarios
841 1334 985 1377 confici
1013 1346 1170 1375 tantum
1198 1331 1294 1373 solet
1341 1346 1460 1388 super
1494 1346 1591 1387 pro-

110 1389 273 1433 batione
302 1394 583 1451 assignamenti
615 1393 826 1436 Praelatitii
860 1394 914 1435 ad
939 1394 1110 1435 formam
1147 1391 1274 1433 dictae
1296 1389 1588 1432 Constitutionis.

110 1449 401 1499 Alexandrinae
421 1468 432 1502 ;
461 1468 498 1495 et
529 1469 601 1510 pro
623 1454 784 1496 caeteris
818 1453 1015 1508 requisitis
1035 1482 1047 1499 ‚
1068 1451 1107 1492 in
1130 1451 1268 1493 eadem
1285 1449 1591 1493 Constitutione

107 1511 359 1568 praescriptis
372 1544 384 1562 ,
402 1513 548 1557 sufficit
562 1511 776 1556 Attestatio
793 1512 953 1572 Collegii
968 1512 1063 1554 DD.
1089 1512 1378 1552 Aclvocatorum
1399 1511 1430 1552 C
1430 1507 1593 1551 onsisto-

106 1567 259 1612 rialium
277 1602 289 1620 ‚
306 1586 354 1614 ex
373 1587 420 1614 eo
439 1573 535 1626 quia
554 1604 566 1622 ,
597 1589 670 1631 pro
688 1572 926 1615 admissione
948 1573 988 1613 in
1009 1572 1115 1613 dicto
1135 1570 1318 1626 Collegio
1333 1599 1346 1617 ‚
1379 1567 1597 1620 hujusmo-

108 1627 147 1669 di
167 1630 357 1684 requisita
376 1634 547 1689 probata
567 1632 647 1674 iam
662 1632 831 1676 fuerunt
848 1663 858 1673 .
898 1632 943 1675 Et
964 1632 1015 1673 ita
1033 1628 1221 1670 Pontifex
1237 1627 1462 1670 Benedictus
1476 1626 1591 1669 XIV.

106 1689 254 1730 servari
289 1692 499 1736 mandavit
524 1707 598 1749 pro
627 1694 817 1734 Processu
859 1694 914 1733 D.
958 1688 1078 1730 Guicli
1106 1685 1337 1743 Calcagnini
1367 1686 1593 1727 ferrarien-

106 1744 185 1792 ³i82
206 1750 327 1788 modo
361 1751 598 1790 meritissimi
616 1750 850 1790 Cardinalis
870 1779 881 1796 ,
913 1762 951 1790 et
982 1745 1168 1802 Episcopi
1187 1744 1435 1791 Auximani‚
1468 1752 1505 1782 et
1534 1740 1593 1782 D.

106 1802 275 1858 Philippi
305 1805 465 1846 Mariae
505 1804 673 1854 Pii-ellii,
705 1805 780 1845 mei
811 1805 933 1853 civis,
958 1805 1029 1859 qui
1064 1804 1116 1843 ad
1130 1800 1421 1843 Cardinalatus
1439 1800 1596 1856 apicem

110 1859 228 1902 etiam
264 1874 429 1903 evectus
448 1890 463 1909 ‚
496 1865 616 1902 annis
636 1876 739 1902 retro
759 1863 914 1915 elapsis⁴
930 1864 1033 1905 diem
1062 1861 1162 1899 obiit
1177 1857 1409 1914 supremum
1431 1886 1443 1897 .

224 1919 288 1961 Ne
308 1932 442 1962 autem
460 1919 503 1960 in
520 1933 723 1978 posterum
743 1918 925 1961 haesitari
941 1918 1188 1974 contingeret
1204 1931 1287 1972 quo
1305 1917 1474 1973 quisque
1494 1929 1596 1960 tem-

108 1992 205 2036 pore
239 1977 281 2020 in
299 1979 514 2036 Signatura
533 1979 654 2020 fuerit
671 1978 868 2020 admissus
889 2008 902 2026 ‚
934 1978 1069 2020 Sixtus
1087 1977 1140 2018 V.
1162 1975 1354 2018 recensita
1375 1976 1593 2018 Constitu,-

109 2037 221 2080 tione
246 2050 320 2093 41.
339 2039 480 2082 statuit
497 2069 508 2084 ‚
537 2053 578 2080 ut
595 2038 869 2080 Referendarii
889 2038 931 2079 in
961 2037 1148 2078 futurum
1177 2035 1413 2077 admittendi
1447 2035 1595 2078 litteras

109 2096 361 2154 Apostolicas
390 2100 467 2142 sub
504 2098 671 2156 plumbo
704 2111 822 2155 snper
839 2097 1093 2140 concessione
1126 2095 1188 2137 sui
1219 2093 1595 2137 officiiReferenda-

110 2156 234 2199 riatus
263 2157 496 2212 hujusmodi
514 2157 692 2212 expediri
711 2170 926 2199 teneantur
941 2188 953 2206 ,
966 2170 1090 2211 quae,
1106 2170 1179 2213 pro
1196 2167 1369 2210 tempore
1388 2153 1593 2196 existentis

109 2214 288 2259 Romani
308 2216 510 2260 Pontificis
525 2217 683 2259 Datarii
714 2231 843 2258 manu
872 2216 1132 2269 subscriptae,
1146 2213 1325 2256 eamdem
1342 2213 1591 2261 firmitatem,

111 2288 158 2317 ac
190 2276 315 2319 robur
343 2277 539 2321 haberent
556 2308 570 2325 ,
603 2291 647 2318 ac
673 2276 704 2318 si
721 2275 835 2330 juxta
865 2275 997 2317 stilum
1018 2272 1293 2316 cancellariae
1312 2269 1593 2327 Apostolicae,

110 2349 181 2376 seu
202 2334 396 2378 camerae
415 2369 426 2385 ‚
457 2337 505 2379 ab
531 2335 721 2379 omnibus
737 2367 751 2385 ,
780 2347 817 2377 et
832 2333 998 2389 singulis
1017 2332 1265 2374 Officialibus
1282 2360 1295 2379 ‚
1328 2342 1365 2371 et
1391 2329 1473 2372 aliis
1488 2359 1504 2378 ‚
1541 2329 1593 2370 ad

112 2408 216 2448 quos
243 2393 458 2437 litterarum
478 2394 807 2452 Apostolicarum
844 2392 1047 2451 expeditio
1063 2391 1260 2449 pertineat
1279 2419 1292 2439 ‚
1330 2387 1402 2432 rite
1424 2418 1438 2438 ,
1473 2401 1518 2429 ac
1536 2387 1594 2428 le-

110 2452 247 2509 gitime
274 2450 405 2496 forent
423 2454 652 2512 expeditae.
1484 2506 1520 2548 Α
1555 2504 1565 2513 .

1526 2519 1587 2547 nx-
