1993 3195
633 330 948 377 CAPUT
1006 335 1038 379 Ι.

632 422 667 464 C
666 421 838 464 [tationis
872 425 1052 466 For-mula
1083 453 1095 466 .

246 481 292 522 In
309 480 444 525 Causz's
469 479 749 522 commissoriis
767 483 1001 524 Summariis
1017 485 1068 525 acl
1096 485 1283 528 terminos
1299 486 1563 532 substantiales
1581 504 1598 533 τ

425 540 475 581 R.
494 540 537 581 P.
555 540 611 580 D.
634 540 908 597 Eleplzasztzttio
939 543 971 583 Ι,
995 543 1270 588 Commissario
1288 575 1300 586 .

1544 357 1600 401 73

244 630 392 674 Citetur
413 630 466 671 D.
488 631 544 672 N.
561 630 690 673 N.‘ex
713 631 869 673 adverso
902 633 1135 675 Procurator
1170 635 1227 676 D.
1266 636 1322 677 N.
1357 649 1410 678 ex
1437 637 1595 680 adverso

125 687 354 747 principalis
372 692 426 732 ad
441 690 641 733 dicendum
664 705 798 732 contra
830 691 861 732 C
861 692 1142 735 ommissionem
1160 726 1173 744 ,
1205 709 1242 736 ez·
1258 693 1508 736 libellanclum
1541 697 1594 738 ad

125 749 292 805 primam
316 748 412 790 diem
435 781 447 799 ,
481 749 759 791 articulaadum
777 750 831 790 ad
844 762 1015 793 octavam
1033 784 1046 802 ,
1081 754 1283 795 dicendum
1306 765 1436 796 contra
1453 754 1597 797 artic-w

127 807 185 848 los
202 837 214 853 ‚
240 810 526 864 producendum
544 808 674 850 omnia
696 838 709 856 ‚
745 818 784 850 et
799 809 1006 852 (licendum
1028 823 1164 854 contra
1173 815 1365 868 producta
1395 815 1448 855 acl
1461 828 1592 855 secun·

127 865 216 907 dam
239 896 251 915 ,
283 884 428 910 necnon
448 868 719 910 declarandum
740 897 753 915 ,
782 869 1040 926 etsta-andum
1056 873 1103 912 de
1123 872 1317 914 calumnia
1336 872 1378 914 [a
1414 870 1591 915 terminis

126 926 439 969 substantialibus
457 928 512 969 ad
519 927 688 985 primam
719 927 818 969 diem
838 960 850 978 ,
886 929 1055 972 instante
1069 945 1141 973 etc.

249 988 294 1028 ln
325 988 501 1030 secunda
518 1018 532 1036 ,
564 1000 602 1028 et
621 986 733 1029 tertia
754 988 950 1030 instantia
979 990 1214 1032 earumdem
1244 1006 1462 1034 causarum
1489 991 1533 1032 fit
1548 988 1594 1031 si-

128 1043 231 1085 milis
247 1045 389 1087 citatio
405 1062 499 1088 curn
511 1046 683 1089 brevimi
707 1061 840 1088 tamen
861 1047 1051 1089 dilatione
1067 1065 1079 1098 ;
1094 1064 1190 1090 nam
1203 1063 1358 1106 praeter
1376 1049 1596 1092 terminum

129 1102 183 1144 ad
221 1103 522 1145 arriculandum
548 1117 760 1146 servantur
794 1105 937 1146 caeteri
965 1107 1124 1148 termini
1163 1110 1216 1150 ad
1248 1110 1419 1165 primam
1453 1108 1595 1156 diem,

126 1159 243 1213 juxta
265 1161 614 1200 Constitutionem
632 1163 802 1200 Martini
818 1163 871 1199 V.
896 1164 968 1214 (1)

249 1216 432 1273 Sequens
450 1216 585 1258 citatio
613 1213 743 1258 differt
758 1231 779 1257 a
807 1217 933 1273 prima
951 1250 965 1267 ,
997 1234 1046 1261 ex
1065 1234 1114 1261 eo
1134 1222 1231 1277 quia
1248 1221 1450 1279 judicium
1479 1225 1592 1266 Sum-

127 1276 301 1322 marium
323 1277 377 1330 ab*
394 1274 620 1318 Ordinatio
639 1273 794 1326 differt3
825 1290 863 1319 et
885 1278 1051 1332 quidem
1071 1293 1157 1321 non
1175 1286 1329 1324 ratione
1345 1282 1592 1339 cognitionis

129 1337 294 1380 Causae
314 1368 326 1385 ‚
362 1351 466 1392 quae
504 1335 545 1375 in
566 1336 676 1375 omni
704 1334 857 1391 judicio
889 1337 1125 1380 adhibenda
1158 1354 1242 1391 est,
1277 1356 1407 1397 neque
1434 1341 1590 1383 ratione

128 1398 421 1455 probationum
435 1427 448 1444 ,
479 1409 611 1450 quum
636 1409 787 1450 semper
806 1409 935 1451 partes
952 1399 1122 1453 probare
1154 1398 1325 1442 debeant
1361 1400 1561 1442 actionem
1576 1430 1591 1450 ,

129 1454 191 1499 vel
223 1456 499 1512 exceptionem
523 1454 794 1510 propositam,
829 1455 897 1495 sed
920 1456 1075 1497 ratione
1104 1456 1377 1508 dilationum,
1406 1474 1512 1515 quae
1548 1459 1591 1501 in

129 1514 358 1559 summariis
375 1513 573 1557 breviores
603 1524 700 1554 sunt
717 1544 730 1561 ,
764 1513 806 1553 in
830 1514 1046 1556 ordinariis
1061 1530 1157 1558 vero
1176 1516 1402 1575 longiorem
1437 1518 1479 1559 in
1497 1518 1592 1560 Cu-

130 1574 188 1626 ria
207 1572 361 1616 idcirco
380 1606 393 1623 ,
425 1573 596 1627 quando
621 1572 752 1629 agitur
773 1572 820 1613 de
848 1572 997 1615 Causis
1025 1575 1244 1619 ordinariis
1277 1578 1428 1620 dantur
1457 1577 1595 1620 decem

131 1632 290 1676 termini
318 1632 623 1681 substantiales,
653 1631 873 1674 scilicetad
903 1633 1122 1675 dicendum
1155 1649 1295 1680 contra
1329 1636 1595 1679 Commissio-

131 1708 226 1734 nem
241 1724 254 1743 ,
286 1706 324 1735 et
353 1692 616 1735 libellandum
631 1722 644 1740 ,
668 1691 997 1748 respondendum
1027 1692 1158 1736 libello
1176 1726 1189 1744 ,
1230 1695 1535 1738 contestandam
1554 1694 1596 1735 li-

127 1764 208 1796 tem
226 1784 240 1802 ,
274 1750 501 1805 jurandum
516 1752 563 1793 de
581 1751 782 1793 calumnia
801 1782 814 1800 ,
849 1752 1152 1795 articulandum
1170 1786 1182 1804 ‚
1212 1755 1434 1797 dicendum
1453 1766 1596 1796 contra

130 1813 350 1861 articulos,
375 1811 690 1869 producendum
722 1810 861 1852 omnia
893 1843 904 1860 ,
938 1808 1158 1854 dicendum
1189 1827 1330 1856 contra
1360 1813 1598 1867 producta,

130 1884 175 1911 ac
203 1871 491 1912 declarandum
511 1885 524 1915 ·,
554 1871 596 1906 'm
614 1869 842 1908 summariis
862 1869 962 1911 vero
978 1884 1194 1911 servantur
1210 1871 1472 1912 solummodo
1502 1882 1596 1913 octo

131 1928 291 1969 termini
323 1924 626 1974 substantiales3
660 1936 783 1981 prout
814 1924 948 1966 videre
981 1939 1037 1969 est
1053 1927 1097 1968 in
1130 1929 1316 1984 superius
1338 1930 1459 1972 relata
1497 1929 1600 1972 cita-

130 1984 254 2028 tionis
281 1984 453 2024 formula
473 2012 483 2021 .

248 2041 392 2086 Citatio
417 2042 470 2084 ad
486 2038 671 2082 terminos
705 2041 972 2086 substantiales
988 2044 1029 2086 in
1051 2044 1334 2089 Commissariis
1365 2045 1587 2090 Ordinariis

128 2102 292 2151 Iudiciis
311 2135 322 2145 .
699 2142 717 2159 ,.

428 2162 479 2203 R.
497 2160 541 2201 P.
563 2158 615 2199 D.
634 2159 912 2216 Elephantutio
931 2162 962 2203 l.
987 2162 1258 2207 Commissario
1281 2194 1292 2206 .
1606 2193 1612 2200 ,

252 2222 403 2265 Citetur
422 2219 556 2261 D.·N.
577 2216 635 2259 Ν.
650 2219 704 2260 ad
716 2216 916 2270 dieendum
935 2234 1067 2264 contra
1101 2223 1402 2267 commissionem
1418 2226 1523 2284 adp.
1544 2225 1585 2268 cl.

139 2281 443 2325 adlibellandum
462 2282 514 2321 acl
529 2281 570 2321 8.
587 2310 598 2327 ,
614 2281 919 2335 respondendum
939 2281 1075 2332 libello,
1089 2282 1193 2324 litem
1222 2287 1510 2326 contestandam
1526 2286 1580 2326 ad

133 2341 298 2399 primam
326 2340 423 2389 diem
442 2371 455 2389 ,
486 2337 769 2381 articularzclum
788 2341 839 2381 ad
877 2350 943 2394 15.
963 2373 975 2391 ,
1012 2342 1214 2384 dicendum
1233 2354 1368 2385 contra
1386 2344 1588 2391 articulos,

134 2401 418 2457 producendum
445 2399 576 2442 omnia
595 2429 607 2449 ,
633 2407 670 2439 et
686 2399 885 2442 dicendum
905 2413 1035 2442 contra
1044 2403 1235 2458 prodacta
1270 2404 1326 2443 acl
1338 2403 1541 2444 secundam
1574 2433 1588 2452 ,

1062 2459 1098 2499 K
1511 2476 1598 2504 nec-

147 2528 1598 2546 ———————***

190 2588 246 2630 (1)
271 2587 351 2620 Bull.
373 2599 402 2628 ς.
430 2586 465 2629 §,
485 2596 630 2622 21.tom.
651 2600 680 2621 ι.
