1993 3195
584 327 1000 370 capu-ru.
1445 346 1521 387 117

73 406 111 437 et
128 404 331 435 recursum
362 387 512 429 nullam
530 387 691 444 reperiri
729 387 769 428 in
789 387 1014 429 substantia
1050 383 1341 433 differentiam,
1374 399 1527 432 certum

73 465 154 500 est,
182 463 310 504 quum
334 461 515 489 recursus
544 446 586 487 in
611 446 889 503 appellationis
918 445 1051 487 locum
1087 444 1304 493 succedat,
1332 457 1379 485 ex
1409 444 1527 489 dictis.

70 523 138 566 per
167 506 414 550 Menocbium
447 506 519 563 (ι)
540 533 551 552 ,
579 518 616 548 et
634 505 909 548 Lancellottum
938 504 1041 561 (2);
1078 515 1252 545 attamen
1281 518 1327 545 ea
1347 501 1525 544 differem.

69 567 122 609 tia
150 565 400 622 dignoscitur
419 596 432 614 ,
463 564 578 620 quod
608 565 691 607 illae
730 563 931 607 terminari
961 564 1107 605 debent
1124 576 1196 619 per
1231 575 1316 604 acta
1347 560 1525 617 ejusdem

67 625 229 668 Notarii
251 654 263 672 ‚
292 624 375 666 sine
409 623 607 667 solutione
641 624 812 683 regesti,
845 635 884 665 et
909 622 1104 680 propinae
1122 652 1136 672 ,
1160 634 1272 663 secus
1294 632 1392 662 vero
1411 620 1529 663 estin

70 684 335 742 appellatione
359 715 367 724 .

188 743 341 799 Quoad
357 741 592 796 hujusmodi
629 746 790 789 Causas
809 740 1060 787 recurribiles
1079 742 1283 785 sancitum
1315 741 1449 784 itidem
1465 755 1526 782 reo

67 802 219 861 peritur
236 834 249 852 ,
283 814 331 844 ut
349 803 389 844 in
408 803 454 844 iis
472 836 485 854 ,
525 804 653 848 sitam
689 820 710 846 a
728 803 873 861 Capite
908 801 1144 844 Tribunalis
1160 832 1173 851 ,
1207 816 1228 841 a
1253 815 1337 857 quo
1356 800 1526 842 recurri-

66 875 132 905 tur
150 893 163 912 ‚
189 876 315 918 quam
333 864 382 905 ab
403 861 603 906 Auditore
638 865 874 920 Signaturae
898 860 1018 904 fuerit
1036 861 1255 916 denegatus
1300 874 1485 902 recursus
1513 889 1527 909 ,

65 934 138 962 seu
156 932 313 963 tant-um
354 921 545 965 admissus
560 923 601 963 in
621 922 853 967 devolutivo
870 951 883 971 ,
916 919 1120 963 citationes
1135 919 1263 961 factae
1279 949 1293 968 ,
1325 917 1528 960 etfacien-

67 978 142 1020 dae
161 994 296 1022 coram
316 996 577 1038 quocumque
596 982 694 1031 alio,
714 982 885 1024 habente
905 979 1022 1022 etiam
1037 978 1282 1034 superiorem
1295 988 1527 1033 potestatem

64 1037 236 1094 impune
258 1041 391 1094 sperni
414 1041 593 1097 possint,
623 1044 772 1097 absque
789 1039 889 1082 vitio
911 1049 1229 1084 attentatorutn,
1247 1035 1348 1077 itaut
1366 1034 1527 1078 ulterior

65 1111 250 1140 recursus
268 1098 308 1138 in
329 1098 542 1154 praedictis
560 1100 708 1143 Causis
728 1097 967 1152 intelligatur
984 1096 1200 1152 denegatus
1221 1108 1232 1143 ;
1268 1107 1311 1135 ut
1326 1093 1465 1149 legitur
1485 1092 1528 1135 in

62 1155 371 1196 confirmatione
405 1159 638 1198 decretorum
657 1154 955 1209 Reformationis
985 1152 1249 1194 Tribunalium
1282 1153 1419 1200 Urbis,
1456 1153 1529 1193 lta·-

62 1212 163 1254 bitae
178 1214 246 1254 sub
261 1211 321 1254 die
353 1227 419 1267 13.
442 1213 654 1257 novembris
668 1245 681 1264 ,
717 1225 959 1257 extens-orum
978 1212 1044 1253 sub
1063 1210 1124 1250 die
1143 1220 1211 1264 15.
1233 1209 1398 1265 ejusdem
1419 1224 1539 1258 men-ff>

59 1271 115 1314 sis
128 1272 222 1314 anni
246 1285 371 1330 1732.
390 1271 425 1330 §
451 1274 518 1315 18.

181 1330 422 1388 Antiquitus
471 1336 639 1391 quando
668 1338 761 1377 Pars
789 1333 922 1389 aliqua
957 1331 1281 1388 conquerebatur
1314 1328 1361 1369 de
1389 1329 1528 1376 Judice

61 1391 287 1434 retardante
320 1394 617 1448 expeditionem
645 1395 807 1437 Causae
827 1422 839 1440 ‚
878 1406 1061 1434 recursus
1079 1391 1304 1432 habebatur
1326 1387 1378 1427 ad
1394 1386 1529 1428 Audi-

59 1462 186 1493 ῐΟΓθῐΠ
203 1482 215 1500 ³
249 1466 270 1492 a
291 1468 375 1507 quo
393 1453 712 1495 demandabatur
733 1451 879 1509 signari
907 1449 1242 1491 Commissionem
1259 1445 1532 1501 appellationis

59 1509 289 1568 adenega-ta
308 1511 461 1567 justitia·
478 1545 492 1562 ,
522 1525 559 1554 et
577 1511 718 1554 Causa
737 1509 846 1552 alteri
873 1509 1011 1557 ,ludici
1035 1507 1323 1562 delegabatut3
1355 1517 1530 1546 attamen

58 1568 104 1609 de
119 1583 222 1610 anno
262 1569 385 1611 1608.
416 1572 475 1614 clie
499 1586 565 1627 17.
618 1569 833 1613 novembris
860 1597 873 1616 ‚
904 1583 952 1610 ex
979 1565 1295 1609 adnotationibus
1329 1562 1532 1605 decisionis

49 1628 217 1674 Ioannis
234 1630 431 1687 Baptistae
468 1630 621 1674 Coccini
636 1630 708 1688 (3)
734 1629 932 1670 habemus
962 1627 1003 1668 in
1029 1628 1130 1667 Rota
1159 1637 1352 1667 statutum
1383 1623 1502 1664 fuisse
1520 1653 1535 1671 ,

57 1690 160 1742 quod
173 1690 424 1732 adnotaretur
447 1690 487 1732 in
508 1690 602 1732 libro
623 1720 637 1739 ,
669 1689 770 1746 quod
794 1687 853 1729 clie
874 1701 941 1741 13⁴.
964 1685 1133 1740 ejusdem
1164 1682 1305 1723 mensis
1323 1680 1366 1721 in
1378 1681 1531 1738 Signa-

55 1755 144 1786 ffw‘ss
167 1747 346 1792 Iustitiae
373 1749 594 1792 ordinatum
616 1749 698 1804 fuit
730 1748 775 1788 R.
796 1748 840 1787 P.
878 1746 931 1787 D.
952 1744 1178 1786 Alexandro
1204 1741 1311 1786 Iusto
1343 1740 1530 1781 Auclitore

55 1813 149 1845 tunc
166 1803 219 1844 ibi
232 1804 422 1845 assistenti
434 1833 447 1850 ‚
482 1817 526 1846 ut
541 1807 826 1847 commissiones
846 1813 1086 1847 occurrentes
1106 1832 1119 1850 ,
1136 1801 1176 1842 in
1193 1798 1328 1855 quibus
1344 1799 1529 1839 Procura-

55 1871 160 1903 tores
176 1863 244 1903 sub
256 1871 464 1917 praetextu
485 1863 752 1916 appellationis
781 1876 804 1900 a
822 1864 1013 1917 denegata
1024 1858 1181 1913 justitia
1197 1856 1367 1898 obtinent
1386 1887 1397 1905 ,
1413 1856 1529 1898 alteri

54 1919 236 1961 Auditori
252 1921 417 1960 directae
429 1951 440 1967 ,
454 1919 591 1974 absque
609 1929 695 1960 voto
714 1917 827 1959 totius
841 1919 1078 1976 Signaturae
1096 1930 1174 1957 non⁴
1188 1915 1448 1964 attendantur,
1465 1917 1530 1957 secl

49 1978 283 2034 procedatur
303 1976 342 2016 in
363 1975 487 2016 Causa
506 1978 557 2016 ad
571 1977 750 2017 ulteriora
774 1975 895 2029 juxta
913 1975 1082 2030 fhrmam
1110 1972 1285 2029 priorum
1302 1973 1529 2014 commissio-

55 2050 164 2083 num,
182 2045 219 2077 et
236 2035 406 2091 regulam
426 2032 686 2075 cancellariae
704 2048 727 2088 3
737 2045 759 2088 5
771 2050 903 2090 ¹³quae
914 2032 1063 2090 incipit,
1077 2033 1167 2073 Item
1181 2029 1374 2072 Dominus
1386 2041 1524 2072 noster.

172 2092 404 2151 Apostolica
435 2093 532 2135 Sede
556 2106 750 2139 vacante,
790 2107 838 2134 ex
857 2107 905 2134 eo
924 2092 1021 2148 quia
1046 2089 1270 2147 jurisdictio
1295 2089 1424 2139 illius,
1455 2091 1528 2145 qui

56 2169 204 2197 munus
239 2152 451 2195 Auditoris
477 2150 678 2193 Pontificis
712 2151 901 2209 gerebat,
934 2150 1051 2205 plane
1084 2148 1368 2205 extinguitur'‚.
1396 2162 1441 2190 ac
1472 2148 1530 2189 id-

57 2210 163 2256 circo
198 2212 378 2273 plurium
410 2211 644 2253 Causarum
662 2209 883 2252 forensium
902 2207 1108 2251 audientia
1127 2235 1140 2254 ‚
1170 2221 1215 2247 ac
1245 2205 1418 2259 justitiae
1435 2221 1530 2250 cur-

57 2286 124 2313 sus
141 2287 224 2314 non
242 2271 326 2315 sine
345 2269 498 2327 ingenti
530 2267 774 2326 litigantium
806 2266 962 2321 jactura
995 2265 1299 2322 impediuntur3
1337 2265 1426 2308 ideo
1451 2280 1528 2324 pro

57 2342 231 2388 tempore
245 2329 426 2374 existenti
452 2327 646 2372 Auditori
673 2328 907 2387 Signaturae
935 2324 1118 2381 Justitiae
1152 2323 1339 2368 Clemens
1368 2340 1448 2425 Χιὲ
1484 2340 1527 2366 ιη

1451 2397 1530 2424 on—

845 2460 1146 2476 ψ*

368 2463 520 2479 -μ

51 2536 58 2563 ;
100 2525 154 2562 (1)
179 2521 785 2562 De'Arbitr.1uclic.lib>.1.q.70.n.20.
831 2520 923 2553 dente
944 2529 1068 2551 recursu
1097 2526 1165 2559 cap.
1185 2527 1235 2558 19.
1261 2525 1348 2550 num.
1370 2523 1424 2555 172

102 2566 156 2609 (2)
181 2570 226 2601 Dc
249 2568 421 2602 attentatis
436 2566 498 2600 Tit.
514 2566 551 2599 de
568 2567 689 2602 Anem-
702 2574 785 2610 pen·
878 2565 932 2607 (3)
956 2564 1074 2600 Adnot.
1095 2562 1172 2603 184.
