<?xml version="1.0" encoding="UTF-8"?>
<!DOCTYPE html PUBLIC "-//W3C//DTD XHTML 1.0 Transitional//EN"
    "http://www.w3.org/TR/xhtml1/DTD/xhtml1-transitional.dtd">
<html xmlns="http://www.w3.org/1999/xhtml" xml:lang="en" lang="en">
 <head>
  <title>
</title>
<meta http-equiv="Content-Type" content="text/html;charset=utf-8" />
  <meta name='ocr-system' content='tesseract 3.04.00' />
  <meta name='ocr-capabilities' content='ocr_page ocr_carea ocr_par ocr_line ocrx_word'/>
</head>
<body>
  <div class='ocr_page' id='page_1' title='image "./dejuresignaturae00vita_0325.png"; bbox 0 0 1993 3195; ppageno 0'>
   <div class='ocr_carea' id='block_1_1' title="bbox 137 285 1664 2511">
    <p class='ocr_par' dir='ltr' id='par_1_1' title="bbox 155 285 1632 524">
     <span class='ocr_line' id='line_1_1' title="bbox 647 285 1623 324; baseline 0.005 -6"><span class='ocrx_word' id='word_1_1' title='bbox 647 287 675 319; x_wconf 88' lang='lat' dir='ltr'>A</span> <span class='ocrx_word' id='word_1_2' title='bbox 716 287 741 319; x_wconf 87' lang='lat' dir='ltr'>P</span> <span class='ocrx_word' id='word_1_3' title='bbox 781 286 806 319; x_wconf 85' lang='grc' dir='ltr'>Ρ</span> <span class='ocrx_word' id='word_1_4' title='bbox 845 286 868 319; x_wconf 84' lang='grc' dir='ltr'>Ε</span> <span class='ocrx_word' id='word_1_5' title='bbox 906 286 939 319; x_wconf 90' lang='lat' dir='ltr'>N</span> <span class='ocrx_word' id='word_1_6' title='bbox 980 287 1012 319; x_wconf 94' lang='lat' dir='ltr'>D</span> <span class='ocrx_word' id='word_1_7' title='bbox 1053 287 1068 321; x_wconf 88' lang='lat'>1</span> <span class='ocrx_word' id='word_1_8' title='bbox 1108 285 1139 321; x_wconf 57' lang='grc' dir='ltr'><em>Ἃ</em></span> <span class='ocrx_word' id='word_1_9' title='bbox 1583 299 1623 324; x_wconf 81' lang='lat'>21</span> 
     </span>
     <span class='ocr_line' id='line_1_2' title="bbox 161 332 1625 377; baseline 0.001 -8"><span class='ocrx_word' id='word_1_10' title='bbox 161 333 208 369; x_wconf 82' lang='lat' dir='ltr'>ies</span> <span class='ocrx_word' id='word_1_11' title='bbox 222 359 232 374; x_wconf 95' lang='lat'>,</span> <span class='ocrx_word' id='word_1_12' title='bbox 258 333 386 368; x_wconf 84' lang='lat' dir='ltr'>sublata</span> <span class='ocrx_word' id='word_1_13' title='bbox 409 333 477 371; x_wconf 81' lang='lat' dir='ltr'>eis,</span> <span class='ocrx_word' id='word_1_14' title='bbox 506 339 539 366; x_wconf 90' lang='lat' dir='ltr'>et</span> <span class='ocrx_word' id='word_1_15' title='bbox 558 334 680 367; x_wconf 82' lang='lat' dir='ltr'>eorum‘</span> <span class='ocrx_word' id='word_1_16' title='bbox 701 332 843 366; x_wconf 80' lang='lat' dir='ltr'>cuilibet</span> <span class='ocrx_word' id='word_1_17' title='bbox 857 333 973 377; x_wconf 85' lang='lat' dir='ltr'>quavis</span> <span class='ocrx_word' id='word_1_18' title='bbox 989 332 1272 372; x_wconf 70' lang='lat' dir='ltr'>aliter-judicandi</span> <span class='ocrx_word' id='word_1_19' title='bbox 1288 357 1298 373; x_wconf 86' lang='lat'>‚</span> <span class='ocrx_word' id='word_1_20' title='bbox 1335 340 1367 366; x_wconf 89' lang='lat' dir='ltr'>ct</span> <span class='ocrx_word' id='word_1_21' title='bbox 1385 333 1625 375; x_wconf 66' lang='lat' dir='ltr'>interpretandi</span> 
     </span>
     <span class='ocr_line' id='line_1_3' title="bbox 157 380 1632 426; baseline -0.001 -9"><span class='ocrx_word' id='word_1_22' title='bbox 157 382 315 417; x_wconf 80' lang='lat' dir='ltr'>facultate</span> <span class='ocrx_word' id='word_1_23' title='bbox 334 404 344 420; x_wconf 82' lang='lat'>,</span> <span class='ocrx_word' id='word_1_24' title='bbox 368 390 400 416; x_wconf 84' lang='lat' dir='ltr'>et</span> <span class='ocrx_word' id='word_1_25' title='bbox 415 380 616 415; x_wconf 83' lang='lat' dir='ltr'>auctoritate</span> <span class='ocrx_word' id='word_1_26' title='bbox 637 405 647 421; x_wconf 89' lang='lat'>‚</span> <span class='ocrx_word' id='word_1_27' title='bbox 673 380 842 420; x_wconf 84' lang='lat' dir='ltr'>judicari,</span> <span class='ocrx_word' id='word_1_28' title='bbox 870 389 903 414; x_wconf 86' lang='lat' dir='ltr'>et</span> <span class='ocrx_word' id='word_1_29' title='bbox 917 380 1046 414; x_wconf 83' lang='lat' dir='ltr'>definiri</span> <span class='ocrx_word' id='word_1_30' title='bbox 1073 382 1219 418; x_wconf 83' lang='lat' dir='ltr'>debere,</span> <span class='ocrx_word' id='word_1_31' title='bbox 1245 380 1374 415; x_wconf 85' lang='lat' dir='ltr'>irritum</span> <span class='ocrx_word' id='word_1_32' title='bbox 1407 394 1568 426; x_wconf 86' lang='lat' dir='ltr'>quoque,</span> <span class='ocrx_word' id='word_1_33' title='bbox 1598 393 1632 418; x_wconf 77' lang='lat' dir='ltr'>et</span> 
     </span>
     <span class='ocr_line' id='line_1_4' title="bbox 158 428 1632 476; baseline 0.001 -13"><span class='ocrx_word' id='word_1_34' title='bbox 158 429 251 464; x_wconf 83' lang='lat' dir='ltr'>inane</span> <span class='ocrx_word' id='word_1_35' title='bbox 265 452 275 468; x_wconf 89' lang='lat'>‚</span> <span class='ocrx_word' id='word_1_36' title='bbox 302 433 326 464; x_wconf 83' lang='lat' dir='ltr'>si</span> <span class='ocrx_word' id='word_1_37' title='bbox 342 442 436 464; x_wconf 80' lang='lat' dir='ltr'>secus</span> <span class='ocrx_word' id='word_1_38' title='bbox 452 440 554 474; x_wconf 86' lang='lat' dir='ltr'>super</span> <span class='ocrx_word' id='word_1_39' title='bbox 582 431 632 464; x_wconf 87' lang='lat' dir='ltr'>his</span> <span class='ocrx_word' id='word_1_40' title='bbox 663 442 681 464; x_wconf 87' lang='lat' dir='ltr'>a</span> <span class='ocrx_word' id='word_1_41' title='bbox 694 441 862 476; x_wconf 86' lang='lat' dir='ltr'>quoquam</span> <span class='ocrx_word' id='word_1_42' title='bbox 883 454 893 471; x_wconf 90' lang='lat'>,</span> <span class='ocrx_word' id='word_1_43' title='bbox 911 429 1028 475; x_wconf 85' lang='lat' dir='ltr'>quavis</span> <span class='ocrx_word' id='word_1_44' title='bbox 1044 428 1246 464; x_wconf 83' lang='lat' dir='ltr'>auctoritate</span> <span class='ocrx_word' id='word_1_45' title='bbox 1265 428 1411 463; x_wconf 84' lang='lat' dir='ltr'>scienter</span> <span class='ocrx_word' id='word_1_46' title='bbox 1424 453 1434 468; x_wconf 84' lang='lat'>‚</span> <span class='ocrx_word' id='word_1_47' title='bbox 1467 430 1519 464; x_wconf 72' lang='lat' dir='ltr'>vel</span> <span class='ocrx_word' id='word_1_48' title='bbox 1539 430 1632 476; x_wconf 75' lang='lat' dir='ltr'>igno-</span> 
     </span>
     <span class='ocr_line' id='line_1_5' title="bbox 155 479 682 524; baseline -0.002 -12"><span class='ocrx_word' id='word_1_49' title='bbox 155 486 269 512; x_wconf 85' lang='lat' dir='ltr'>ranter</span> <span class='ocrx_word' id='word_1_50' title='bbox 295 479 475 524; x_wconf 68' lang='lat' dir='ltr'>contigerit</span> <span class='ocrx_word' id='word_1_51' title='bbox 499 479 652 513; x_wconf 84' lang='lat' dir='ltr'>attentari</span> <span class='ocrx_word' id='word_1_52' title='bbox 672 501 682 511; x_wconf 90' lang='lat'><strong>.</strong></span> 
     </span>
    </p>

    <p class='ocr_par' dir='ltr' id='par_1_2' title="bbox 144 525 1634 1395">
     <span class='ocr_line' id='line_1_6' title="bbox 255 525 1634 573; baseline 0.001 -12"><span class='ocrx_word' id='word_1_53' title='bbox 255 527 364 562; x_wconf 89' lang='lat' dir='ltr'>XVll.</span> <span class='ocrx_word' id='word_1_54' title='bbox 394 527 567 572; x_wconf 79' lang='lat' dir='ltr'>Quocirca</span> <span class='ocrx_word' id='word_1_55' title='bbox 593 527 779 567; x_wconf 82' lang='lat' dir='ltr'>universis,</span> <span class='ocrx_word' id='word_1_56' title='bbox 807 536 838 562; x_wconf 85' lang='lat' dir='ltr'>et</span> <span class='ocrx_word' id='word_1_57' title='bbox 855 527 996 573; x_wconf 81' lang='lat' dir='ltr'>singulis</span> <span class='ocrx_word' id='word_1_58' title='bbox 1024 527 1278 562; x_wconf 85' lang='lat' dir='ltr'>Venerabilibus</span> <span class='ocrx_word' id='word_1_59' title='bbox 1307 525 1479 561; x_wconf 82' lang='lat' dir='ltr'>Fratribus</span> <span class='ocrx_word' id='word_1_60' title='bbox 1506 529 1634 563; x_wconf 78' lang='lat' dir='ltr'>nostris-</span> 
     </span>
     <span class='ocr_line' id='line_1_7' title="bbox 153 573 1631 621; baseline 0.001 -12"><span class='ocrx_word' id='word_1_61' title='bbox 153 574 383 616; x_wconf 85' lang='lat' dir='ltr'>Patriarchis,</span> <span class='ocrx_word' id='word_1_62' title='bbox 413 573 712 621; x_wconf 79' lang='lat' dir='ltr'>Archiepiscopis‚</span> <span class='ocrx_word' id='word_1_63' title='bbox 742 585 774 610; x_wconf 90' lang='lat' dir='ltr'>et</span> <span class='ocrx_word' id='word_1_64' title='bbox 788 575 958 621; x_wconf 87' lang='lat' dir='ltr'>Episcopis</span> <span class='ocrx_word' id='word_1_65' title='bbox 985 601 994 615; x_wconf 92' lang='lat'>,</span> <span class='ocrx_word' id='word_1_66' title='bbox 1027 588 1087 611; x_wconf 88' lang='lat' dir='ltr'>nec</span> <span class='ocrx_word' id='word_1_67' title='bbox 1109 589 1173 610; x_wconf 87' lang='lat' dir='ltr'>non</span> <span class='ocrx_word' id='word_1_68' title='bbox 1207 575 1336 610; x_wconf 87' lang='lat' dir='ltr'>dilectis</span> <span class='ocrx_word' id='word_1_69' title='bbox 1379 574 1456 610; x_wconf 87' lang='lat' dir='ltr'>filiis</span> <span class='ocrx_word' id='word_1_70' title='bbox 1497 577 1631 612; x_wconf 81' lang='lat' dir='ltr'>Abbati-</span> 
     </span>
     <span class='ocr_line' id='line_1_8' title="bbox 154 623 1631 670; baseline 0.001 -12"><span class='ocrx_word' id='word_1_71' title='bbox 154 625 241 664; x_wconf 90' lang='lat' dir='ltr'>bus,</span> <span class='ocrx_word' id='word_1_72' title='bbox 271 625 439 659; x_wconf 78' lang='lat' dir='ltr'>Prioribus</span> <span class='ocrx_word' id='word_1_73' title='bbox 459 646 468 662; x_wconf 89' lang='lat'>,</span> <span class='ocrx_word' id='word_1_74' title='bbox 495 632 530 658; x_wconf 88' lang='lat' dir='ltr'>et</span> <span class='ocrx_word' id='word_1_75' title='bbox 545 623 720 668; x_wconf 87' lang='lat' dir='ltr'>quibusvis</span> <span class='ocrx_word' id='word_1_76' title='bbox 756 624 826 658; x_wconf 87' lang='lat' dir='ltr'>aliis</span> <span class='ocrx_word' id='word_1_77' title='bbox 857 624 1007 670; x_wconf 83' lang='lat' dir='ltr'>personis</span> <span class='ocrx_word' id='word_1_78' title='bbox 1037 625 1069 659; x_wconf 92' lang='lat' dir='ltr'>in</span> <span class='ocrx_word' id='word_1_79' title='bbox 1095 625 1257 670; x_wconf 82' lang='lat' dir='ltr'>dignitate</span> <span class='ocrx_word' id='word_1_80' title='bbox 1292 623 1552 664; x_wconf 86' lang='lat' dir='ltr'>Ecclesiastica,</span> <span class='ocrx_word' id='word_1_81' title='bbox 1596 633 1631 660; x_wconf 79' lang='lat' dir='ltr'>et</span> 
     </span>
     <span class='ocr_line' id='line_1_9' title="bbox 153 671 1630 718; baseline 0.001 -12"><span class='ocrx_word' id='word_1_82' title='bbox 153 672 361 718; x_wconf 86' lang='lat' dir='ltr'>ubicumque</span> <span class='ocrx_word' id='word_1_83' title='bbox 384 671 537 706; x_wconf 85' lang='lat' dir='ltr'>locorum</span> <span class='ocrx_word' id='word_1_84' title='bbox 567 672 787 712; x_wconf 82' lang='lat' dir='ltr'>constitutis,</span> <span class='ocrx_word' id='word_1_85' title='bbox 817 685 876 717; x_wconf 88' lang='lat' dir='ltr'>per</span> <span class='ocrx_word' id='word_1_86' title='bbox 896 682 1071 718; x_wconf 74' lang='lat' dir='ltr'>praesentes</span> <span class='ocrx_word' id='word_1_87' title='bbox 1100 674 1346 708; x_wconf 84' lang='lat' dir='ltr'>committimus</span> <span class='ocrx_word' id='word_1_88' title='bbox 1376 695 1386 711; x_wconf 91' lang='lat'><em>‚</em></span> <span class='ocrx_word' id='word_1_89' title='bbox 1433 681 1467 707; x_wconf 87' lang='lat' dir='ltr'>et</span> <span class='ocrx_word' id='word_1_90' title='bbox 1494 675 1630 708; x_wconf 75' lang='lat' dir='ltr'>manda-</span> 
     </span>
     <span class='ocr_line' id='line_1_10' title="bbox 151 720 1631 766; baseline 0.001 -10"><span class='ocrx_word' id='word_1_91' title='bbox 151 732 253 760; x_wconf 73' lang='lat' dir='ltr'>xnus,</span> <span class='ocrx_word' id='word_1_92' title='bbox 280 721 547 766; x_wconf 84' lang='lat' dir='ltr'>quatenusipsi,</span> <span class='ocrx_word' id='word_1_93' title='bbox 575 722 628 756; x_wconf 89' lang='lat' dir='ltr'>vel</span> <span class='ocrx_word' id='word_1_94' title='bbox 663 723 755 762; x_wconf 86' lang='lat' dir='ltr'>duo,</span> <span class='ocrx_word' id='word_1_95' title='bbox 790 730 847 755; x_wconf 82' lang='lat' dir='ltr'>aut</span> <span class='ocrx_word' id='word_1_96' title='bbox 872 734 956 756; x_wconf 89' lang='lat' dir='ltr'>unus</span> <span class='ocrx_word' id='word_1_97' title='bbox 986 733 1102 757; x_wconf 56' lang='lat' dir='ltr'>eorunm</span> <span class='ocrx_word' id='word_1_98' title='bbox 1130 734 1190 766; x_wconf 88' lang='lat' dir='ltr'>per</span> <span class='ocrx_word' id='word_1_99' title='bbox 1212 734 1247 756; x_wconf 85' lang='lat' dir='ltr'>se</span> <span class='ocrx_word' id='word_1_100' title='bbox 1280 747 1292 762; x_wconf 86' lang='lat'><strong>‚</strong></span> <span class='ocrx_word' id='word_1_101' title='bbox 1323 721 1376 755; x_wconf 92' lang='lat' dir='ltr'>vel</span> <span class='ocrx_word' id='word_1_102' title='bbox 1409 720 1539 762; x_wconf 72' lang='lat' dir='ltr'>aHun1‚</span> <span class='ocrx_word' id='word_1_103' title='bbox 1571 735 1631 757; x_wconf 74' lang='lat' dir='ltr'>seu</span> 
     </span>
     <span class='ocr_line' id='line_1_11' title="bbox 150 768 1628 816; baseline 0 -12"><span class='ocrx_word' id='word_1_104' title='bbox 150 769 235 804; x_wconf 85' lang='lat' dir='ltr'>alios</span> <span class='ocrx_word' id='word_1_105' title='bbox 250 778 425 814; x_wconf 83' lang='lat' dir='ltr'>praesentes</span> <span class='ocrx_word' id='word_1_106' title='bbox 448 768 556 803; x_wconf 81' lang='lat' dir='ltr'>literas</span> <span class='ocrx_word' id='word_1_107' title='bbox 573 793 583 808; x_wconf 90' lang='lat'>,</span> <span class='ocrx_word' id='word_1_108' title='bbox 614 778 646 804; x_wconf 87' lang='lat' dir='ltr'>et</span> <span class='ocrx_word' id='word_1_109' title='bbox 667 771 699 804; x_wconf 92' lang='lat' dir='ltr'>in</span> <span class='ocrx_word' id='word_1_110' title='bbox 717 770 763 804; x_wconf 92' lang='lat' dir='ltr'>eis</span> <span class='ocrx_word' id='word_1_111' title='bbox 789 778 945 804; x_wconf 86' lang='lat' dir='ltr'>contenta</span> <span class='ocrx_word' id='word_1_112' title='bbox 958 781 1180 816; x_wconf 83' lang='lat' dir='ltr'>quaecumque</span> <span class='ocrx_word' id='word_1_113' title='bbox 1207 770 1262 804; x_wconf 83' lang='lat' dir='ltr'>ubi</span> <span class='ocrx_word' id='word_1_114' title='bbox 1288 794 1296 806; x_wconf 74' lang='grc'>,</span> <span class='ocrx_word' id='word_1_115' title='bbox 1323 778 1357 803; x_wconf 83' lang='lat' dir='ltr'>et</span> <span class='ocrx_word' id='word_1_116' title='bbox 1383 771 1516 814; x_wconf 87' lang='lat' dir='ltr'>quando</span> <span class='ocrx_word' id='word_1_117' title='bbox 1543 783 1628 815; x_wconf 87' lang='lat' dir='ltr'>opus</span> 
     </span>
     <span class='ocr_line' id='line_1_12' title="bbox 149 818 1631 864; baseline 0 -11"><span class='ocrx_word' id='word_1_118' title='bbox 149 818 280 858; x_wconf 79' lang='lat' dir='ltr'>fuerit,</span> <span class='ocrx_word' id='word_1_119' title='bbox 309 827 367 853; x_wconf 89' lang='lat' dir='ltr'>aut</span> <span class='ocrx_word' id='word_1_120' title='bbox 393 818 527 864; x_wconf 86' lang='lat' dir='ltr'>quoties</span> <span class='ocrx_word' id='word_1_121' title='bbox 556 829 618 863; x_wconf 86' lang='lat' dir='ltr'>pro</span> <span class='ocrx_word' id='word_1_122' title='bbox 644 827 736 863; x_wconf 83' lang='lat' dir='ltr'>parte</span> <span class='ocrx_word' id='word_1_123' title='bbox 769 818 1088 854; x_wconf 83' lang='lat' dir='ltr'>Referendariorum</span> <span class='ocrx_word' id='word_1_124' title='bbox 1118 819 1354 862; x_wconf 60' lang='lat' dir='ltr'>praedictorum</span> <span class='ocrx_word' id='word_1_125' title='bbox 1376 841 1385 857; x_wconf 78' lang='lat'>‚</span> <span class='ocrx_word' id='word_1_126' title='bbox 1408 820 1459 852; x_wconf 90' lang='lat' dir='ltr'>vel</span> <span class='ocrx_word' id='word_1_127' title='bbox 1486 819 1631 858; x_wconf 81' lang='lat' dir='ltr'>alicujus</span> 
     </span>
     <span class='ocr_line' id='line_1_13' title="bbox 155 866 1630 913; baseline 0.001 -12"><span class='ocrx_word' id='word_1_128' title='bbox 155 866 416 901; x_wconf 84' lang='lat' dir='ltr'>eorumfuerint</span> <span class='ocrx_word' id='word_1_129' title='bbox 436 866 617 909; x_wconf 87' lang='lat' dir='ltr'>requisiti,</span> <span class='ocrx_word' id='word_1_130' title='bbox 644 866 839 902; x_wconf 90' lang='lat' dir='ltr'>solemniter</span> <span class='ocrx_word' id='word_1_131' title='bbox 853 869 1083 912; x_wconf 74' lang='lat' dir='ltr'>publicantes,</span> <span class='ocrx_word' id='word_1_132' title='bbox 1114 868 1226 913; x_wconf 78' lang='lat' dir='ltr'>eisque</span> <span class='ocrx_word' id='word_1_133' title='bbox 1257 867 1288 901; x_wconf 91' lang='lat' dir='ltr'>in</span> <span class='ocrx_word' id='word_1_134' title='bbox 1320 866 1496 911; x_wconf 78' lang='lat' dir='ltr'>praemissis</span> <span class='ocrx_word' id='word_1_135' title='bbox 1525 867 1630 902; x_wconf 83' lang='lat' dir='ltr'>effica-</span> 
     </span>
     <span class='ocr_line' id='line_1_14' title="bbox 152 914 1630 963; baseline 0 -13"><span class='ocrx_word' id='word_1_136' title='bbox 152 914 200 950; x_wconf 91' lang='lat' dir='ltr'>cis</span> <span class='ocrx_word' id='word_1_137' title='bbox 228 915 434 950; x_wconf 65' lang='lat' dir='ltr'>defensionis</span> <span class='ocrx_word' id='word_1_138' title='bbox 448 914 603 961; x_wconf 80' lang='lat' dir='ltr'>praesidio</span> <span class='ocrx_word' id='word_1_139' title='bbox 632 915 839 963; x_wconf 85' lang='lat' dir='ltr'>assistentes,</span> <span class='ocrx_word' id='word_1_140' title='bbox 857 915 978 950; x_wconf 80' lang='lat' dir='ltr'>faciant</span> <span class='ocrx_word' id='word_1_141' title='bbox 1005 915 1204 951; x_wconf 86' lang='lat' dir='ltr'>auctoritate</span> <span class='ocrx_word' id='word_1_142' title='bbox 1230 925 1338 949; x_wconf 84' lang='lat' dir='ltr'>nostra</span> <span class='ocrx_word' id='word_1_143' title='bbox 1363 923 1540 958; x_wconf 87' lang='lat' dir='ltr'>praesentes</span> <span class='ocrx_word' id='word_1_144' title='bbox 1557 916 1630 950; x_wconf 88' lang='lat' dir='ltr'>lite-</span> 
     </span>
     <span class='ocr_line' id='line_1_15' title="bbox 148 963 1629 1008; baseline 0 -10"><span class='ocrx_word' id='word_1_145' title='bbox 148 974 202 998; x_wconf 87' lang='lat' dir='ltr'>ras</span> <span class='ocrx_word' id='word_1_146' title='bbox 218 987 228 1003; x_wconf 83' lang='lat'>,</span> <span class='ocrx_word' id='word_1_147' title='bbox 257 973 290 998; x_wconf 88' lang='lat' dir='ltr'>et</span> <span class='ocrx_word' id='word_1_148' title='bbox 309 963 340 998; x_wconf 90' lang='lat' dir='ltr'>in</span> <span class='ocrx_word' id='word_1_149' title='bbox 371 964 417 998; x_wconf 87' lang='lat' dir='ltr'>eis</span> <span class='ocrx_word' id='word_1_150' title='bbox 436 972 594 999; x_wconf 84' lang='lat' dir='ltr'>contenta</span> <span class='ocrx_word' id='word_1_151' title='bbox 612 963 803 1003; x_wconf 82' lang='lat' dir='ltr'>hujusmodi</span> <span class='ocrx_word' id='word_1_152' title='bbox 819 965 858 997; x_wconf 87' lang='lat' dir='ltr'>ab</span> <span class='ocrx_word' id='word_1_153' title='bbox 882 965 1038 998; x_wconf 90' lang='lat' dir='ltr'>omnibus</span> <span class='ocrx_word' id='word_1_154' title='bbox 1053 988 1063 1003; x_wconf 88' lang='lat'>,</span> <span class='ocrx_word' id='word_1_155' title='bbox 1092 967 1131 998; x_wconf 78' lang='lat' dir='ltr'>ad</span> <span class='ocrx_word' id='word_1_156' title='bbox 1147 976 1229 1008; x_wconf 86' lang='lat' dir='ltr'>quos</span> <span class='ocrx_word' id='word_1_157' title='bbox 1250 971 1400 1007; x_wconf 81' lang='lat' dir='ltr'>spectat,</span> <span class='ocrx_word' id='word_1_158' title='bbox 1420 972 1452 997; x_wconf 90' lang='lat' dir='ltr'>et</span> <span class='ocrx_word' id='word_1_159' title='bbox 1467 975 1527 1007; x_wconf 86' lang='lat' dir='ltr'>pro</span> <span class='ocrx_word' id='word_1_160' title='bbox 1549 973 1629 998; x_wconf 78' lang='lat' dir='ltr'>tem·</span> 
     </span>
     <span class='ocr_line' id='line_1_16' title="bbox 149 1011 1626 1058; baseline 0.001 -13"><span class='ocrx_word' id='word_1_161' title='bbox 149 1023 235 1058; x_wconf 88' lang='lat' dir='ltr'>pore</span> <span class='ocrx_word' id='word_1_162' title='bbox 250 1013 417 1057; x_wconf 83' lang='lat' dir='ltr'>spectabit</span> <span class='ocrx_word' id='word_1_163' title='bbox 447 1012 687 1046; x_wconf 90' lang='lat' dir='ltr'>inviolabiliter</span> <span class='ocrx_word' id='word_1_164' title='bbox 717 1011 914 1052; x_wconf 87' lang='lat' dir='ltr'>observari,</span> <span class='ocrx_word' id='word_1_165' title='bbox 933 1013 1091 1057; x_wconf 86' lang='lat' dir='ltr'>ipsosque</span> <span class='ocrx_word' id='word_1_166' title='bbox 1123 1011 1382 1046; x_wconf 87' lang='lat' dir='ltr'>Referendarios</span> <span class='ocrx_word' id='word_1_167' title='bbox 1401 1035 1413 1051; x_wconf 84' lang='lat'>,</span> <span class='ocrx_word' id='word_1_168' title='bbox 1442 1022 1478 1045; x_wconf 86' lang='lat' dir='ltr'>ac</span> <span class='ocrx_word' id='word_1_169' title='bbox 1507 1022 1626 1047; x_wconf 88' lang='lat' dir='ltr'>eorum</span> 
     </span>
     <span class='ocr_line' id='line_1_17' title="bbox 148 1060 1628 1106; baseline -0.001 -12"><span class='ocrx_word' id='word_1_170' title='bbox 148 1060 381 1105; x_wconf 75' lang='lat' dir='ltr'>singulosillis</span> <span class='ocrx_word' id='word_1_171' title='bbox 398 1061 538 1105; x_wconf 87' lang='lat' dir='ltr'>pacifice</span> <span class='ocrx_word' id='word_1_172' title='bbox 550 1061 618 1095; x_wconf 91' lang='lat' dir='ltr'>frui</span> <span class='ocrx_word' id='word_1_173' title='bbox 635 1085 644 1100; x_wconf 90' lang='lat'>,</span> <span class='ocrx_word' id='word_1_174' title='bbox 674 1069 709 1095; x_wconf 89' lang='lat' dir='ltr'>et</span> <span class='ocrx_word' id='word_1_175' title='bbox 725 1065 894 1105; x_wconf 75' lang='lat' dir='ltr'>gaudere,</span> <span class='ocrx_word' id='word_1_176' title='bbox 923 1072 989 1095; x_wconf 90' lang='lat' dir='ltr'>non</span> <span class='ocrx_word' id='word_1_177' title='bbox 1022 1060 1251 1106; x_wconf 82' lang='lat' dir='ltr'>permittentes</span> <span class='ocrx_word' id='word_1_178' title='bbox 1270 1084 1278 1099; x_wconf 91' lang='lat'>‚</span> <span class='ocrx_word' id='word_1_179' title='bbox 1303 1071 1360 1094; x_wconf 87' lang='lat' dir='ltr'>eos</span> <span class='ocrx_word' id='word_1_180' title='bbox 1389 1061 1532 1103; x_wconf 79' lang='lat' dir='ltr'>desuper</span> <span class='ocrx_word' id='word_1_181' title='bbox 1570 1071 1628 1102; x_wconf 83' lang='lat' dir='ltr'>per</span> 
     </span>
     <span class='ocr_line' id='line_1_18' title="bbox 147 1108 1628 1154; baseline -0.001 -11"><span class='ocrx_word' id='word_1_182' title='bbox 147 1120 381 1154; x_wconf 88' lang='lat' dir='ltr'>quoscumque</span> <span class='ocrx_word' id='word_1_183' title='bbox 410 1109 668 1153; x_wconf 85' lang='lat' dir='ltr'>quomodolibet</span> <span class='ocrx_word' id='word_1_184' title='bbox 686 1109 832 1144; x_wconf 77' lang='lat' dir='ltr'>indebite</span> <span class='ocrx_word' id='word_1_185' title='bbox 850 1109 1018 1143; x_wconf 90' lang='lat' dir='ltr'>molestari</span> <span class='ocrx_word' id='word_1_186' title='bbox 1038 1134 1048 1143; x_wconf 94' lang='lat'>.</span> <span class='ocrx_word' id='word_1_187' title='bbox 1078 1108 1361 1143; x_wconf 85' lang='lat' dir='ltr'>Contradictores.</span> <span class='ocrx_word' id='word_1_188' title='bbox 1374 1108 1565 1152; x_wconf 84' lang='lat' dir='ltr'>quoslibet,</span> <span class='ocrx_word' id='word_1_189' title='bbox 1594 1117 1628 1142; x_wconf 92' lang='lat' dir='ltr'>et</span> 
     </span>
     <span class='ocr_line' id='line_1_19' title="bbox 148 1154 1627 1201; baseline -0.001 -11"><span class='ocrx_word' id='word_1_190' title='bbox 148 1158 584 1200; x_wconf 63' lang='lat' dir='ltr'>rebeHespersentenffias,</span> <span class='ocrx_word' id='word_1_191' title='bbox 607 1168 787 1194; x_wconf 83' lang='lat' dir='ltr'>censuras,</span> <span class='ocrx_word' id='word_1_192' title='bbox 817 1156 1256 1201; x_wconf 52' lang='lat' dir='ltr'>etfnrnaseccledasdcas,</span> <span class='ocrx_word' id='word_1_193' title='bbox 1286 1154 1627 1201; x_wconf 76' lang='lat' dir='ltr'>aHaque·opp0rtuna</span> 
     </span>
     <span class='ocr_line' id='line_1_20' title="bbox 145 1203 1627 1248; baseline -0.001 -9"><span class='ocrx_word' id='word_1_194' title='bbox 145 1205 253 1246; x_wconf 77' lang='lat' dir='ltr'>iuris,</span> <span class='ocrx_word' id='word_1_195' title='bbox 284 1213 317 1239; x_wconf 89' lang='lat' dir='ltr'>et</span> <span class='ocrx_word' id='word_1_196' title='bbox 331 1205 409 1239; x_wconf 83' lang='lat' dir='ltr'>facti</span> <span class='ocrx_word' id='word_1_197' title='bbox 438 1205 585 1239; x_wconf 87' lang='lat' dir='ltr'>remedia</span> <span class='ocrx_word' id='word_1_198' title='bbox 612 1203 835 1248; x_wconf 78' lang='lat' dir='ltr'>appellatione</span> <span class='ocrx_word' id='word_1_199' title='bbox 865 1204 1075 1248; x_wconf 80' lang='lat' dir='ltr'>postposita,</span> <span class='ocrx_word' id='word_1_200' title='bbox 1104 1211 1350 1248; x_wconf 76' lang='lat' dir='ltr'>compescendo</span> <span class='ocrx_word' id='word_1_201' title='bbox 1367 1228 1382 1244; x_wconf 70' lang='grc'><strong><em>,</em></strong></span> <span class='ocrx_word' id='word_1_202' title='bbox 1406 1216 1464 1239; x_wconf 90' lang='lat' dir='ltr'>nec</span> <span class='ocrx_word' id='word_1_203' title='bbox 1490 1217 1551 1238; x_wconf 86' lang='lat' dir='ltr'>non</span> <span class='ocrx_word' id='word_1_204' title='bbox 1581 1203 1627 1238; x_wconf 89' lang='lat' dir='ltr'>le-</span> 
     </span>
     <span class='ocr_line' id='line_1_21' title="bbox 147 1251 1627 1298; baseline 0.001 -12"><span class='ocrx_word' id='word_1_205' title='bbox 147 1253 305 1298; x_wconf 65' lang='lat' dir='ltr'>githuids</span> <span class='ocrx_word' id='word_1_206' title='bbox 333 1264 433 1298; x_wconf 91' lang='lat' dir='ltr'>super</span> <span class='ocrx_word' id='word_1_207' title='bbox 450 1254 500 1288; x_wconf 92' lang='lat' dir='ltr'>his</span> <span class='ocrx_word' id='word_1_208' title='bbox 530 1253 687 1287; x_wconf 85' lang='lat' dir='ltr'>habendis</span> <span class='ocrx_word' id='word_1_209' title='bbox 713 1251 852 1287; x_wconf 57' lang='lat' dir='ltr'>servans</span> <span class='ocrx_word' id='word_1_210' title='bbox 876 1254 1089 1296; x_wconf 82' lang='lat' dir='ltr'>processibus</span> <span class='ocrx_word' id='word_1_211' title='bbox 1117 1276 1127 1290; x_wconf 86' lang='lat'>‚</span> <span class='ocrx_word' id='word_1_212' title='bbox 1149 1251 1326 1287; x_wconf 65' lang='lat' dir='ltr'>sentenuas</span> <span class='ocrx_word' id='word_1_213' title='bbox 1346 1275 1357 1291; x_wconf 93' lang='lat'>‚</span> <span class='ocrx_word' id='word_1_214' title='bbox 1386 1264 1571 1292; x_wconf 79' lang='lat' dir='ltr'>censuraS,</span> <span class='ocrx_word' id='word_1_215' title='bbox 1593 1261 1627 1287; x_wconf 87' lang='lat' dir='ltr'>et</span> 
     </span>
     <span class='ocr_line' id='line_1_22' title="bbox 145 1300 1627 1346; baseline -0.001 -10"><span class='ocrx_word' id='word_1_216' title='bbox 145 1313 259 1346; x_wconf 73' lang='lat' dir='ltr'>poenas</span> <span class='ocrx_word' id='word_1_217' title='bbox 287 1300 396 1345; x_wconf 84' lang='lat' dir='ltr'>ipsas,</span> <span class='ocrx_word' id='word_1_218' title='bbox 424 1300 522 1335; x_wconf 87' lang='lat' dir='ltr'>etiam</span> <span class='ocrx_word' id='word_1_219' title='bbox 546 1301 668 1335; x_wconf 83' lang='lat' dir='ltr'>iteratis</span> <span class='ocrx_word' id='word_1_220' title='bbox 686 1300 817 1335; x_wconf 85' lang='lat' dir='ltr'>vicibus</span> <span class='ocrx_word' id='word_1_221' title='bbox 833 1303 1069 1346; x_wconf 82' lang='lat' dir='ltr'>aggravando,</span> <span class='ocrx_word' id='word_1_222' title='bbox 1109 1300 1267 1337; x_wconf 86' lang='lat' dir='ltr'>invocato</span> <span class='ocrx_word' id='word_1_223' title='bbox 1282 1300 1382 1337; x_wconf 78' lang='lat' dir='ltr'>etiam</span> <span class='ocrx_word' id='word_1_224' title='bbox 1411 1302 1452 1336; x_wconf 90' lang='lat' dir='ltr'>ad</span> <span class='ocrx_word' id='word_1_225' title='bbox 1479 1302 1571 1340; x_wconf 87' lang='lat' dir='ltr'>hoc,</span> <span class='ocrx_word' id='word_1_226' title='bbox 1598 1301 1627 1335; x_wconf 84' lang='lat' dir='ltr'>si</span> 
     </span>
     <span class='ocr_line' id='line_1_23' title="bbox 144 1348 880 1395; baseline -0.001 -11"><span class='ocrx_word' id='word_1_227' title='bbox 144 1361 231 1395; x_wconf 90' lang='lat' dir='ltr'>opus</span> <span class='ocrx_word' id='word_1_228' title='bbox 249 1350 377 1387; x_wconf 89' lang='lat' dir='ltr'>fuerit,</span> <span class='ocrx_word' id='word_1_229' title='bbox 404 1348 530 1383; x_wconf 84' lang='lat' dir='ltr'>auxilio</span> <span class='ocrx_word' id='word_1_230' title='bbox 546 1349 672 1383; x_wconf 87' lang='lat' dir='ltr'>brachii</span> <span class='ocrx_word' id='word_1_231' title='bbox 699 1348 880 1384; x_wconf 87' lang='lat' dir='ltr'>secularis.</span> 
     </span>
    </p>

    <p class='ocr_par' dir='ltr' id='par_1_3' title="bbox 137 1395 1664 2511">
     <span class='ocr_line' id='line_1_24' title="bbox 194 1395 1624 1444; baseline 0.001 -13"><span class='ocrx_word' id='word_1_232' title='bbox 194 1396 323 1431; x_wconf 86' lang='lat' dir='ltr'><strong>XVIII.</strong></span> <span class='ocrx_word' id='word_1_233' title='bbox 368 1395 453 1431; x_wconf 73' lang='lat' dir='ltr'>Non‘</span> <span class='ocrx_word' id='word_1_234' title='bbox 472 1397 682 1430; x_wconf 89' lang='lat' dir='ltr'>obstantibus</span> <span class='ocrx_word' id='word_1_235' title='bbox 709 1399 913 1442; x_wconf 87' lang='lat' dir='ltr'>praernissis,</span> <span class='ocrx_word' id='word_1_236' title='bbox 943 1411 979 1434; x_wconf 86' lang='lat' dir='ltr'>ac</span> <span class='ocrx_word' id='word_1_237' title='bbox 996 1400 1121 1444; x_wconf 78' lang='lat' dir='ltr'>praefati</span> <span class='ocrx_word' id='word_1_238' title='bbox 1146 1399 1310 1434; x_wconf 77' lang='lat' dir='ltr'>Bonifacii</span> <span class='ocrx_word' id='word_1_239' title='bbox 1341 1398 1595 1443; x_wconf 58' lang='lat' dir='ltr'>praedecessoris</span> <span class='ocrx_word' id='word_1_240' title='bbox 1613 1422 1624 1438; x_wconf 91' lang='lat'>,</span> 
     </span>
     <span class='ocr_line' id='line_1_25' title="bbox 144 1444 1626 1490; baseline 0 -10"><span class='ocrx_word' id='word_1_241' title='bbox 144 1446 187 1481; x_wconf 89' lang='lat' dir='ltr'>de</span> <span class='ocrx_word' id='word_1_242' title='bbox 213 1458 301 1484; x_wconf 86' lang='lat' dir='ltr'>una,</span> <span class='ocrx_word' id='word_1_243' title='bbox 325 1453 356 1480; x_wconf 90' lang='lat' dir='ltr'>et</span> <span class='ocrx_word' id='word_1_244' title='bbox 389 1446 420 1480; x_wconf 87' lang='lat' dir='ltr'>in</span> <span class='ocrx_word' id='word_1_245' title='bbox 447 1444 607 1479; x_wconf 88' lang='lat' dir='ltr'>Concilio</span> <span class='ocrx_word' id='word_1_246' title='bbox 633 1444 778 1490; x_wconf 82' lang='lat' dir='ltr'>generali</span> <span class='ocrx_word' id='word_1_247' title='bbox 807 1446 896 1481; x_wconf 87' lang='lat' dir='ltr'>edita</span> <span class='ocrx_word' id='word_1_248' title='bbox 932 1447 977 1480; x_wconf 83' lang='lat' dir='ltr'>de</span> <span class='ocrx_word' id='word_1_249' title='bbox 999 1449 1126 1482; x_wconf 87' lang='lat' dir='ltr'>duabus</span> <span class='ocrx_word' id='word_1_250' title='bbox 1157 1446 1253 1481; x_wconf 83' lang='lat' dir='ltr'>dietis</span> <span class='ocrx_word' id='word_1_251' title='bbox 1274 1471 1284 1485; x_wconf 91' lang='lat'>,</span> <span class='ocrx_word' id='word_1_252' title='bbox 1315 1447 1503 1481; x_wconf 87' lang='lat' dir='ltr'>dummodo</span> <span class='ocrx_word' id='word_1_253' title='bbox 1535 1447 1626 1480; x_wconf 82' lang='lat' dir='ltr'>ultra</span> 
     </span>
     <span class='ocr_line' id='line_1_26' title="bbox 145 1493 1624 1540; baseline 0.001 -12"><span class='ocrx_word' id='word_1_254' title='bbox 145 1502 211 1529; x_wconf 84' lang='lat' dir='ltr'>tres</span> <span class='ocrx_word' id='word_1_255' title='bbox 239 1493 342 1528; x_wconf 85' lang='lat' dir='ltr'>dietas</span> <span class='ocrx_word' id='word_1_256' title='bbox 357 1493 556 1529; x_wconf 87' lang='lat' dir='ltr'>auctoritate</span> <span class='ocrx_word' id='word_1_257' title='bbox 585 1496 801 1540; x_wconf 71' lang='lat' dir='ltr'>praesentium</span> <span class='ocrx_word' id='word_1_258' title='bbox 827 1495 1047 1535; x_wconf 82' lang='lat' dir='ltr'>adjudicium</span> <span class='ocrx_word' id='word_1_259' title='bbox 1076 1508 1139 1530; x_wconf 88' lang='lat' dir='ltr'>non</span> <span class='ocrx_word' id='word_1_260' title='bbox 1155 1498 1305 1530; x_wconf 84' lang='lat' dir='ltr'>trahatur</span> <span class='ocrx_word' id='word_1_261' title='bbox 1321 1520 1330 1535; x_wconf 84' lang='lat'>‚</span> <span class='ocrx_word' id='word_1_262' title='bbox 1362 1507 1421 1531; x_wconf 88' lang='lat' dir='ltr'>nec</span> <span class='ocrx_word' id='word_1_263' title='bbox 1438 1507 1501 1529; x_wconf 88' lang='lat' dir='ltr'>non</span> <span class='ocrx_word' id='word_1_264' title='bbox 1533 1496 1624 1530; x_wconf 81' lang='lat' dir='ltr'>Late-</span> 
     </span>
     <span class='ocr_line' id='line_1_27' title="bbox 141 1541 1624 1591; baseline -0.001 -13"><span class='ocrx_word' id='word_1_265' title='bbox 141 1541 289 1578; x_wconf 88' lang='lat' dir='ltr'>ranensis</span> <span class='ocrx_word' id='word_1_266' title='bbox 304 1542 402 1577; x_wconf 88' lang='lat' dir='ltr'>etiam</span> <span class='ocrx_word' id='word_1_267' title='bbox 423 1543 605 1579; x_wconf 87' lang='lat' dir='ltr'>novissime</span> <span class='ocrx_word' id='word_1_268' title='bbox 633 1544 792 1579; x_wconf 80' lang='lat' dir='ltr'>celebrati</span> <span class='ocrx_word' id='word_1_269' title='bbox 810 1568 820 1583; x_wconf 92' lang='lat'>‚</span> <span class='ocrx_word' id='word_1_270' title='bbox 853 1554 885 1579; x_wconf 89' lang='lat' dir='ltr'>et</span> <span class='ocrx_word' id='word_1_271' title='bbox 905 1545 1030 1588; x_wconf 73' lang='lat' dir='ltr'>praefati</span> <span class='ocrx_word' id='word_1_272' title='bbox 1048 1544 1209 1591; x_wconf 73' lang='lat' dir='ltr'>generalis</span> <span class='ocrx_word' id='word_1_273' title='bbox 1227 1568 1236 1583; x_wconf 89' lang='lat'>,</span> <span class='ocrx_word' id='word_1_274' title='bbox 1264 1553 1296 1578; x_wconf 89' lang='lat' dir='ltr'>et</span> <span class='ocrx_word' id='word_1_275' title='bbox 1320 1543 1460 1578; x_wconf 65' lang='lat' dir='ltr'>aliorum</span> <span class='ocrx_word' id='word_1_276' title='bbox 1495 1543 1624 1576; x_wconf 82' lang='lat' dir='ltr'>Conci-</span> 
     </span>
     <span class='ocr_line' id='line_1_28' title="bbox 143 1591 1664 1636; baseline -0.001 -10"><span class='ocrx_word' id='word_1_277' title='bbox 143 1591 268 1626; x_wconf 86' lang='lat' dir='ltr'>liorum</span> <span class='ocrx_word' id='word_1_278' title='bbox 283 1614 293 1630; x_wconf 94' lang='lat'>,</span> <span class='ocrx_word' id='word_1_279' title='bbox 309 1603 346 1626; x_wconf 87' lang='lat' dir='ltr'>ac</span> <span class='ocrx_word' id='word_1_280' title='bbox 361 1591 422 1636; x_wconf 83' lang='lat' dir='ltr'>piae</span> <span class='ocrx_word' id='word_1_281' title='bbox 437 1603 536 1626; x_wconf 85' lang='lat' dir='ltr'>mem.</span> <span class='ocrx_word' id='word_1_282' title='bbox 557 1592 744 1626; x_wconf 80' lang='lat' dir='ltr'>Innocentii</span> <span class='ocrx_word' id='word_1_283' title='bbox 765 1593 826 1628; x_wconf 91' lang='lat' dir='ltr'>IV.</span> <span class='ocrx_word' id='word_1_284' title='bbox 843 1617 854 1633; x_wconf 92' lang='lat'>,</span> <span class='ocrx_word' id='word_1_285' title='bbox 878 1592 963 1627; x_wconf 84' lang='lat' dir='ltr'>Sixti</span> <span class='ocrx_word' id='word_1_286' title='bbox 978 1595 1074 1628; x_wconf 88' lang='lat' dir='ltr'>etiam</span> <span class='ocrx_word' id='word_1_287' title='bbox 1092 1593 1155 1627; x_wconf 88' lang='lat' dir='ltr'>IV.</span> <span class='ocrx_word' id='word_1_288' title='bbox 1169 1617 1179 1633; x_wconf 90' lang='lat'>,</span> <span class='ocrx_word' id='word_1_289' title='bbox 1201 1592 1386 1627; x_wconf 85' lang='lat' dir='ltr'>Innocentii</span> <span class='ocrx_word' id='word_1_290' title='bbox 1407 1592 1501 1625; x_wconf 88' lang='lat' dir='ltr'>Vlll.</span> <span class='ocrx_word' id='word_1_291' title='bbox 1515 1615 1525 1630; x_wconf 93' lang='lat'>,</span> <span class='ocrx_word' id='word_1_292' title='bbox 1540 1591 1624 1626; x_wconf 85' lang='lat' dir='ltr'>Pau·</span> <span class='ocrx_word' id='word_1_293' title='bbox 1661 1633 1664 1635; x_wconf 19' lang='lat' dir='ltr'>v</span> 
     </span>
     <span class='ocr_line' id='line_1_29' title="bbox 140 1639 1621 1685; baseline 0 -11"><span class='ocrx_word' id='word_1_294' title='bbox 140 1639 164 1674; x_wconf 89' lang='lat' dir='ltr'>li</span> <span class='ocrx_word' id='word_1_295' title='bbox 194 1641 238 1675; x_wconf 84' lang='grc' dir='ltr'>ΙΙ.</span> <span class='ocrx_word' id='word_1_296' title='bbox 258 1664 268 1679; x_wconf 89' lang='grc'><em>,</em></span> <span class='ocrx_word' id='word_1_297' title='bbox 297 1649 329 1674; x_wconf 91' lang='lat' dir='ltr'>et</span> <span class='ocrx_word' id='word_1_298' title='bbox 347 1652 642 1685; x_wconf 86' lang='lat' dir='ltr'>quorumcumque</span> <span class='ocrx_word' id='word_1_299' title='bbox 672 1639 813 1676; x_wconf 86' lang='lat' dir='ltr'>aliorum</span> <span class='ocrx_word' id='word_1_300' title='bbox 840 1642 1071 1676; x_wconf 85' lang='lat' dir='ltr'>Romanorum</span> <span class='ocrx_word' id='word_1_301' title='bbox 1109 1642 1313 1676; x_wconf 85' lang='lat' dir='ltr'>Pontificum</span> <span class='ocrx_word' id='word_1_302' title='bbox 1336 1640 1621 1683; x_wconf 69' lang='lat' dir='ltr'>praedecessorurn</span> 
     </span>
     <span class='ocr_line' id='line_1_30' title="bbox 140 1688 1621 1736; baseline 0 -13"><span class='ocrx_word' id='word_1_303' title='bbox 140 1697 334 1723; x_wconf 86' lang='lat' dir='ltr'>nostrorum</span> <span class='ocrx_word' id='word_1_304' title='bbox 353 1697 469 1723; x_wconf 85' lang='lat' dir='ltr'>contra</span> <span class='ocrx_word' id='word_1_305' title='bbox 498 1697 674 1734; x_wconf 82' lang='lat' dir='ltr'>exemptos</span> <span class='ocrx_word' id='word_1_306' title='bbox 701 1690 820 1730; x_wconf 84' lang='lat' dir='ltr'>editis,</span> <span class='ocrx_word' id='word_1_307' title='bbox 850 1701 987 1736; x_wconf 87' lang='lat' dir='ltr'>necnon</span> <span class='ocrx_word' id='word_1_308' title='bbox 1018 1690 1069 1724; x_wconf 89' lang='lat' dir='ltr'>Pii</span> <span class='ocrx_word' id='word_1_309' title='bbox 1094 1691 1154 1724; x_wconf 84' lang='lat' dir='ltr'>lv.</span> <span class='ocrx_word' id='word_1_310' title='bbox 1186 1690 1347 1725; x_wconf 84' lang='lat' dir='ltr'>similiter</span> <span class='ocrx_word' id='word_1_311' title='bbox 1367 1688 1621 1732; x_wconf 70' lang='lat' dir='ltr'>praedecessoris</span> 
     </span>
     <span class='ocr_line' id='line_1_31' title="bbox 138 1736 1622 1782; baseline -0.001 -10"><span class='ocrx_word' id='word_1_312' title='bbox 138 1736 245 1773; x_wconf 86' lang='lat' dir='ltr'>nostri</span> <span class='ocrx_word' id='word_1_313' title='bbox 271 1738 313 1771; x_wconf 85' lang='lat' dir='ltr'>de</span> <span class='ocrx_word' id='word_1_314' title='bbox 340 1737 451 1782; x_wconf 88' lang='lat' dir='ltr'>gratiis</span> <span class='ocrx_word' id='word_1_315' title='bbox 481 1737 638 1772; x_wconf 87' lang='lat' dir='ltr'>interesse</span> <span class='ocrx_word' id='word_1_316' title='bbox 656 1738 754 1773; x_wconf 82' lang='lat' dir='ltr'>dictae</span> <span class='ocrx_word' id='word_1_317' title='bbox 768 1739 921 1774; x_wconf 75' lang='lat' dir='ltr'>Camerae</span> <span class='ocrx_word' id='word_1_318' title='bbox 947 1740 1227 1774; x_wconf 85' lang='lat' dir='ltr'>concernentibus</span> <span class='ocrx_word' id='word_1_319' title='bbox 1244 1763 1253 1778; x_wconf 89' lang='lat'>‚</span> <span class='ocrx_word' id='word_1_320' title='bbox 1282 1738 1314 1772; x_wconf 93' lang='lat' dir='ltr'>in</span> <span class='ocrx_word' id='word_1_321' title='bbox 1331 1739 1443 1772; x_wconf 87' lang='lat' dir='ltr'>eadem</span> <span class='ocrx_word' id='word_1_322' title='bbox 1474 1737 1622 1771; x_wconf 79' lang='lat' dir='ltr'>Camera</span> 
     </span>
     <span class='ocr_line' id='line_1_32' title="bbox 141 1784 1620 1832; baseline -0.001 -12"><span class='ocrx_word' id='word_1_323' title='bbox 141 1785 360 1831; x_wconf 83' lang='lat' dir='ltr'>registrandis</span> <span class='ocrx_word' id='word_1_324' title='bbox 383 1809 393 1824; x_wconf 91' lang='lat'>,</span> <span class='ocrx_word' id='word_1_325' title='bbox 425 1784 562 1831; x_wconf 83' lang='lat' dir='ltr'>aliisque</span> <span class='ocrx_word' id='word_1_326' title='bbox 589 1786 796 1829; x_wconf 85' lang='lat' dir='ltr'>Apostolicis</span> <span class='ocrx_word' id='word_1_327' title='bbox 827 1810 836 1826; x_wconf 87' lang='lat'>,</span> <span class='ocrx_word' id='word_1_328' title='bbox 864 1797 900 1821; x_wconf 83' lang='lat' dir='ltr'>ac</span> <span class='ocrx_word' id='word_1_329' title='bbox 931 1787 963 1819; x_wconf 91' lang='lat' dir='ltr'>in</span> <span class='ocrx_word' id='word_1_330' title='bbox 994 1787 1263 1821; x_wconf 80' lang='lat' dir='ltr'>provincialibus</span> <span class='ocrx_word' id='word_1_331' title='bbox 1289 1810 1299 1825; x_wconf 94' lang='lat'>‚</span> <span class='ocrx_word' id='word_1_332' title='bbox 1333 1795 1365 1819; x_wconf 87' lang='lat' dir='ltr'>et</span> <span class='ocrx_word' id='word_1_333' title='bbox 1395 1786 1620 1832; x_wconf 53' lang='lat' dir='ltr'>Synodalibus</span> 
     </span>
     <span class='ocr_line' id='line_1_33' title="bbox 140 1830 1621 1879; baseline 0 -10"><span class='ocrx_word' id='word_1_334' title='bbox 140 1832 307 1869; x_wconf 82' lang='lat' dir='ltr'>conciliis</span> <span class='ocrx_word' id='word_1_335' title='bbox 337 1833 437 1868; x_wconf 85' lang='lat' dir='ltr'>editis</span> <span class='ocrx_word' id='word_1_336' title='bbox 467 1830 705 1879; x_wconf 79' lang='lat' dir='ltr'>generalibus,</span> <span class='ocrx_word' id='word_1_337' title='bbox 735 1833 788 1868; x_wconf 88' lang='lat' dir='ltr'>vel</span> <span class='ocrx_word' id='word_1_338' title='bbox 820 1833 1018 1878; x_wconf 84' lang='lat' dir='ltr'>specialibus</span> <span class='ocrx_word' id='word_1_339' title='bbox 1050 1833 1362 1869; x_wconf 87' lang='lat' dir='ltr'>Constitutionibus</span> <span class='ocrx_word' id='word_1_340' title='bbox 1381 1858 1391 1873; x_wconf 89' lang='lat'>‚</span> <span class='ocrx_word' id='word_1_341' title='bbox 1420 1845 1452 1868; x_wconf 85' lang='lat' dir='ltr'>et</span> <span class='ocrx_word' id='word_1_342' title='bbox 1473 1833 1621 1869; x_wconf 80' lang='lat' dir='ltr'>Ordina-</span> 
     </span>
     <span class='ocr_line' id='line_1_34' title="bbox 141 1881 1620 1927; baseline 0.001 -10"><span class='ocrx_word' id='word_1_343' title='bbox 141 1882 293 1917; x_wconf 89' lang='lat' dir='ltr'>tionibus</span> <span class='ocrx_word' id='word_1_344' title='bbox 310 1907 320 1923; x_wconf 93' lang='lat'>,</span> <span class='ocrx_word' id='word_1_345' title='bbox 345 1894 405 1917; x_wconf 88' lang='lat' dir='ltr'>nec</span> <span class='ocrx_word' id='word_1_346' title='bbox 439 1894 505 1918; x_wconf 91' lang='lat' dir='ltr'>non</span> <span class='ocrx_word' id='word_1_347' title='bbox 537 1883 690 1918; x_wconf 83' lang='lat' dir='ltr'>Camerae</span> <span class='ocrx_word' id='word_1_348' title='bbox 721 1883 886 1927; x_wconf 79' lang='lat' dir='ltr'>praefatae,</span> <span class='ocrx_word' id='word_1_349' title='bbox 907 1891 939 1917; x_wconf 89' lang='lat' dir='ltr'>et</span> <span class='ocrx_word' id='word_1_350' title='bbox 957 1881 1202 1922; x_wconf 79' lang='lat' dir='ltr'>Ecclesiarum‚</span> <span class='ocrx_word' id='word_1_351' title='bbox 1229 1882 1512 1918; x_wconf 85' lang='lat' dir='ltr'>Monasteriorum</span> <span class='ocrx_word' id='word_1_352' title='bbox 1540 1907 1550 1923; x_wconf 94' lang='lat'>,</span> <span class='ocrx_word' id='word_1_353' title='bbox 1585 1891 1620 1918; x_wconf 87' lang='lat' dir='ltr'>et</span> 
     </span>
     <span class='ocr_line' id='line_1_35' title="bbox 138 1930 1619 1977; baseline -0.001 -11"><span class='ocrx_word' id='word_1_354' title='bbox 138 1931 309 1966; x_wconf 85' lang='lat' dir='ltr'>Locorum</span> <span class='ocrx_word' id='word_1_355' title='bbox 342 1942 637 1977; x_wconf 85' lang='lat' dir='ltr'>quorumcumque</span> <span class='ocrx_word' id='word_1_356' title='bbox 670 1930 769 1966; x_wconf 87' lang='lat' dir='ltr'>etiam</span> <span class='ocrx_word' id='word_1_357' title='bbox 787 1932 1002 1970; x_wconf 82' lang='lat' dir='ltr'>juramento,</span> <span class='ocrx_word' id='word_1_358' title='bbox 1030 1932 1284 1967; x_wconf 85' lang='lat' dir='ltr'>confirmatione</span> <span class='ocrx_word' id='word_1_359' title='bbox 1312 1930 1507 1976; x_wconf 88' lang='lat' dir='ltr'>Apostolica</span> <span class='ocrx_word' id='word_1_360' title='bbox 1525 1954 1536 1970; x_wconf 90' lang='lat'>‚</span> <span class='ocrx_word' id='word_1_361' title='bbox 1563 1930 1619 1965; x_wconf 87' lang='lat' dir='ltr'>vel</span> 
     </span>
     <span class='ocr_line' id='line_1_36' title="bbox 137 1978 1614 2025; baseline -0.001 -11"><span class='ocrx_word' id='word_1_362' title='bbox 137 1979 255 2025; x_wconf 85' lang='lat' dir='ltr'>quavis</span> <span class='ocrx_word' id='word_1_363' title='bbox 290 1981 447 2015; x_wconf 68' lang='lat' dir='ltr'>firnntate</span> <span class='ocrx_word' id='word_1_364' title='bbox 471 1980 532 2015; x_wconf 73' lang='lat' dir='ltr'>aha</span> <span class='ocrx_word' id='word_1_365' title='bbox 551 1980 716 2015; x_wconf 60' lang='lat' dir='ltr'>roborans</span> <span class='ocrx_word' id='word_1_366' title='bbox 747 2005 758 2021; x_wconf 90' lang='lat'>,</span> <span class='ocrx_word' id='word_1_367' title='bbox 787 1980 918 2015; x_wconf 64' lang='lat' dir='ltr'>statutss</span> <span class='ocrx_word' id='word_1_368' title='bbox 953 2005 963 2020; x_wconf 93' lang='lat'>,</span> <span class='ocrx_word' id='word_1_369' title='bbox 999 1988 1032 2014; x_wconf 87' lang='lat' dir='ltr'>et</span> <span class='ocrx_word' id='word_1_370' title='bbox 1066 1980 1367 2015; x_wconf 80' lang='lat' dir='ltr'>consuetudinibus</span> <span class='ocrx_word' id='word_1_371' title='bbox 1384 2003 1394 2019; x_wconf 94' lang='lat'>,</span> <span class='ocrx_word' id='word_1_372' title='bbox 1429 1978 1614 2025; x_wconf 56' lang='lat' dir='ltr'>privssegiss</span> 
     </span>
     <span class='ocr_line' id='line_1_37' title="bbox 137 2027 1619 2076; baseline -0.001 -13"><span class='ocrx_word' id='word_1_373' title='bbox 137 2039 299 2074; x_wconf 82' lang='lat' dir='ltr'>quoque,</span> <span class='ocrx_word' id='word_1_374' title='bbox 328 2028 490 2069; x_wconf 83' lang='lat' dir='ltr'>indultis,</span> <span class='ocrx_word' id='word_1_375' title='bbox 518 2029 668 2064; x_wconf 82' lang='lat' dir='ltr'>etliteris</span> <span class='ocrx_word' id='word_1_376' title='bbox 686 2029 914 2074; x_wconf 81' lang='lat' dir='ltr'>Apostolicis‚</span> <span class='ocrx_word' id='word_1_377' title='bbox 939 2028 1025 2069; x_wconf 87' lang='lat' dir='ltr'>illis,</span> <span class='ocrx_word' id='word_1_378' title='bbox 1042 2040 1228 2076; x_wconf 84' lang='lat' dir='ltr'>eorumque</span> <span class='ocrx_word' id='word_1_379' title='bbox 1261 2027 1461 2065; x_wconf 76' lang='lat' dir='ltr'>Praesulibus</span> <span class='ocrx_word' id='word_1_380' title='bbox 1477 2052 1487 2068; x_wconf 87' lang='lat'>,</span> <span class='ocrx_word' id='word_1_381' title='bbox 1513 2027 1619 2072; x_wconf 87' lang='lat' dir='ltr'>Capi-</span> 
     </span>
     <span class='ocr_line' id='line_1_38' title="bbox 141 2075 1619 2122; baseline 0 -12"><span class='ocrx_word' id='word_1_382' title='bbox 141 2075 219 2111; x_wconf 91' lang='lat' dir='ltr'>tulis</span> <span class='ocrx_word' id='word_1_383' title='bbox 234 2100 244 2116; x_wconf 85' lang='lat'>,</span> <span class='ocrx_word' id='word_1_384' title='bbox 260 2076 449 2112; x_wconf 87' lang='lat' dir='ltr'>Abbatibus</span> <span class='ocrx_word' id='word_1_385' title='bbox 465 2102 475 2117; x_wconf 88' lang='lat'>,</span> <span class='ocrx_word' id='word_1_386' title='bbox 505 2077 741 2112; x_wconf 88' lang='lat' dir='ltr'>Conventibus</span> <span class='ocrx_word' id='word_1_387' title='bbox 759 2103 769 2117; x_wconf 94' lang='lat'>‚</span> <span class='ocrx_word' id='word_1_388' title='bbox 785 2089 816 2112; x_wconf 89' lang='lat' dir='ltr'>et</span> <span class='ocrx_word' id='word_1_389' title='bbox 835 2077 984 2121; x_wconf 84' lang='lat' dir='ltr'>personis</span> <span class='ocrx_word' id='word_1_390' title='bbox 999 2101 1008 2116; x_wconf 93' lang='lat'>,</span> <span class='ocrx_word' id='word_1_391' title='bbox 1023 2090 1083 2112; x_wconf 86' lang='lat' dir='ltr'>nec</span> <span class='ocrx_word' id='word_1_392' title='bbox 1099 2093 1161 2114; x_wconf 91' lang='lat' dir='ltr'>non</span> <span class='ocrx_word' id='word_1_393' title='bbox 1182 2079 1325 2122; x_wconf 80' lang='lat' dir='ltr'>praefatis</span> <span class='ocrx_word' id='word_1_394' title='bbox 1340 2078 1495 2114; x_wconf 83' lang='lat' dir='ltr'>locorum</span> <span class='ocrx_word' id='word_1_395' title='bbox 1514 2075 1619 2111; x_wconf 61' lang='lat' dir='ltr'>Ordir</span> 
     </span>
     <span class='ocr_line' id='line_1_39' title="bbox 139 2125 1617 2172; baseline -0.001 -13"><span class='ocrx_word' id='word_1_396' title='bbox 139 2125 238 2161; x_wconf 86' lang='lat' dir='ltr'>nariis</span> <span class='ocrx_word' id='word_1_397' title='bbox 260 2137 319 2170; x_wconf 86' lang='lat' dir='ltr'>per</span> <span class='ocrx_word' id='word_1_398' title='bbox 333 2138 562 2172; x_wconf 86' lang='lat' dir='ltr'>quoscumque</span> <span class='ocrx_word' id='word_1_399' title='bbox 592 2127 761 2160; x_wconf 89' lang='lat' dir='ltr'>Romanos</span> <span class='ocrx_word' id='word_1_400' title='bbox 789 2125 965 2159; x_wconf 85' lang='lat' dir='ltr'>Pontifices</span> <span class='ocrx_word' id='word_1_401' title='bbox 996 2128 1257 2168; x_wconf 85' lang='lat' dir='ltr'>praedecessores</span> <span class='ocrx_word' id='word_1_402' title='bbox 1285 2136 1445 2166; x_wconf 83' lang='lat' dir='ltr'>nostros,</span> <span class='ocrx_word' id='word_1_403' title='bbox 1468 2137 1504 2160; x_wconf 86' lang='lat' dir='ltr'>ac</span> <span class='ocrx_word' id='word_1_404' title='bbox 1533 2136 1617 2164; x_wconf 71' lang='lat' dir='ltr'>nos,</span> 
     </span>
     <span class='ocr_line' id='line_1_40' title="bbox 142 2172 1617 2220; baseline 0.001 -13"><span class='ocrx_word' id='word_1_405' title='bbox 142 2181 176 2207; x_wconf 86' lang='lat' dir='ltr'>et</span> <span class='ocrx_word' id='word_1_406' title='bbox 190 2175 312 2210; x_wconf 88' lang='lat' dir='ltr'>dictam</span> <span class='ocrx_word' id='word_1_407' title='bbox 328 2176 448 2211; x_wconf 88' lang='lat' dir='ltr'>Sedem</span> <span class='ocrx_word' id='word_1_408' title='bbox 465 2176 526 2211; x_wconf 88' lang='lat' dir='ltr'>sub</span> <span class='ocrx_word' id='word_1_409' title='bbox 543 2175 815 2220; x_wconf 82' lang='lat' dir='ltr'>quibuscumque</span> <span class='ocrx_word' id='word_1_410' title='bbox 830 2172 1002 2208; x_wconf 83' lang='lat' dir='ltr'>tenoribus</span> <span class='ocrx_word' id='word_1_411' title='bbox 1016 2197 1025 2212; x_wconf 90' lang='lat'>,</span> <span class='ocrx_word' id='word_1_412' title='bbox 1043 2182 1077 2207; x_wconf 91' lang='lat' dir='ltr'>et</span> <span class='ocrx_word' id='word_1_413' title='bbox 1104 2175 1219 2211; x_wconf 84' lang='lat' dir='ltr'>formis</span> <span class='ocrx_word' id='word_1_414' title='bbox 1238 2198 1248 2213; x_wconf 94' lang='lat'>,</span> <span class='ocrx_word' id='word_1_415' title='bbox 1276 2187 1313 2208; x_wconf 84' lang='lat' dir='ltr'>ac</span> <span class='ocrx_word' id='word_1_416' title='bbox 1342 2187 1417 2210; x_wconf 90' lang='lat' dir='ltr'>cum</span> <span class='ocrx_word' id='word_1_417' title='bbox 1440 2173 1617 2220; x_wconf 86' lang='lat' dir='ltr'>quibusvis</span> 
     </span>
     <span class='ocr_line' id='line_1_41' title="bbox 140 2220 1615 2270; baseline 0.001 -14"><span class='ocrx_word' id='word_1_418' title='bbox 140 2221 240 2257; x_wconf 76' lang='lat' dir='ltr'>etiam</span> <span class='ocrx_word' id='word_1_419' title='bbox 282 2223 571 2270; x_wconf 81' lang='lat' dir='ltr'>derogatoriarum</span> <span class='ocrx_word' id='word_1_420' title='bbox 603 2222 822 2267; x_wconf 84' lang='lat' dir='ltr'>derogatoriis</span> <span class='ocrx_word' id='word_1_421' title='bbox 852 2245 862 2261; x_wconf 76' lang='lat'>,</span> <span class='ocrx_word' id='word_1_422' title='bbox 911 2220 1051 2267; x_wconf 86' lang='lat' dir='ltr'>aliisque</span> <span class='ocrx_word' id='word_1_423' title='bbox 1079 2222 1322 2258; x_wconf 86' lang='lat' dir='ltr'>efficacioribus</span> <span class='ocrx_word' id='word_1_424' title='bbox 1350 2247 1365 2263; x_wconf 81' lang='lat'>,-</span> <span class='ocrx_word' id='word_1_425' title='bbox 1410 2233 1442 2258; x_wconf 88' lang='lat' dir='ltr'>et</span> <span class='ocrx_word' id='word_1_426' title='bbox 1471 2221 1615 2257; x_wconf 84' lang='lat' dir='ltr'>insolitis</span> 
     </span>
     <span class='ocr_line' id='line_1_42' title="bbox 139 2269 1614 2314; baseline -0.001 -10"><span class='ocrx_word' id='word_1_427' title='bbox 139 2270 320 2313; x_wconf 84' lang='lat' dir='ltr'>clausulis,</span> <span class='ocrx_word' id='word_1_428' title='bbox 349 2285 409 2309; x_wconf 85' lang='lat' dir='ltr'>nec</span> <span class='ocrx_word' id='word_1_429' title='bbox 438 2285 502 2307; x_wconf 87' lang='lat' dir='ltr'>non</span> <span class='ocrx_word' id='word_1_430' title='bbox 533 2270 762 2308; x_wconf 85' lang='lat' dir='ltr'>irritantibus,</span> <span class='ocrx_word' id='word_1_431' title='bbox 790 2278 823 2303; x_wconf 90' lang='lat' dir='ltr'>et</span> <span class='ocrx_word' id='word_1_432' title='bbox 840 2269 911 2303; x_wconf 87' lang='lat' dir='ltr'>aliis</span> <span class='ocrx_word' id='word_1_433' title='bbox 945 2271 1090 2306; x_wconf 87' lang='lat' dir='ltr'>decretis</span> <span class='ocrx_word' id='word_1_434' title='bbox 1114 2271 1145 2305; x_wconf 92' lang='lat' dir='ltr'>in</span> <span class='ocrx_word' id='word_1_435' title='bbox 1180 2283 1323 2314; x_wconf 77' lang='lat' dir='ltr'>genere,</span> <span class='ocrx_word' id='word_1_436' title='bbox 1351 2272 1406 2306; x_wconf 89' lang='lat' dir='ltr'>vel</span> <span class='ocrx_word' id='word_1_437' title='bbox 1434 2271 1464 2305; x_wconf 87' lang='lat' dir='ltr'>in</span> <span class='ocrx_word' id='word_1_438' title='bbox 1491 2270 1614 2313; x_wconf 85' lang='lat' dir='ltr'>specie,</span> 
     </span>
     <span class='ocr_line' id='line_1_43' title="bbox 141 2316 1616 2362; baseline -0.002 -10"><span class='ocrx_word' id='word_1_439' title='bbox 141 2321 238 2354; x_wconf 85' lang='lat' dir='ltr'>etiam</span> <span class='ocrx_word' id='word_1_440' title='bbox 271 2330 362 2357; x_wconf 90' lang='lat' dir='ltr'>motu</span> <span class='ocrx_word' id='word_1_441' title='bbox 381 2347 391 2362; x_wconf 91' lang='lat'>‚</span> <span class='ocrx_word' id='word_1_442' title='bbox 421 2320 582 2358; x_wconf 85' lang='lat' dir='ltr'>scientia,</span> <span class='ocrx_word' id='word_1_443' title='bbox 610 2327 642 2353; x_wconf 85' lang='lat' dir='ltr'>et</span> <span class='ocrx_word' id='word_1_444' title='bbox 663 2318 838 2362; x_wconf 81' lang='lat' dir='ltr'>potestatis</span> <span class='ocrx_word' id='word_1_445' title='bbox 865 2316 1073 2361; x_wconf 84' lang='lat' dir='ltr'>plenitudine</span> <span class='ocrx_word' id='word_1_446' title='bbox 1100 2318 1263 2353; x_wconf 88' lang='lat' dir='ltr'>similibus</span> <span class='ocrx_word' id='word_1_447' title='bbox 1288 2344 1298 2358; x_wconf 90' lang='lat'><strong>‚</strong></span> <span class='ocrx_word' id='word_1_448' title='bbox 1327 2320 1426 2353; x_wconf 81' lang='lat' dir='ltr'>etiam</span> <span class='ocrx_word' id='word_1_449' title='bbox 1455 2316 1616 2352; x_wconf 84' lang='lat' dir='ltr'>consisto-</span> 
     </span>
     <span class='ocr_line' id='line_1_44' title="bbox 140 2364 1611 2415; baseline -0.001 -13"><span class='ocrx_word' id='word_1_450' title='bbox 140 2367 297 2409; x_wconf 86' lang='lat' dir='ltr'>rialiter,</span> <span class='ocrx_word' id='word_1_451' title='bbox 325 2381 362 2404; x_wconf 85' lang='lat' dir='ltr'>ac</span> <span class='ocrx_word' id='word_1_452' title='bbox 387 2370 463 2406; x_wconf 86' lang='lat' dir='ltr'>alias</span> <span class='ocrx_word' id='word_1_453' title='bbox 495 2366 753 2415; x_wconf 85' lang='lat' dir='ltr'>quomodolibet</span> <span class='ocrx_word' id='word_1_454' title='bbox 786 2389 796 2405; x_wconf 88' lang='lat'>,</span> <span class='ocrx_word' id='word_1_455' title='bbox 826 2365 925 2399; x_wconf 84' lang='lat' dir='ltr'>etiarn</span> <span class='ocrx_word' id='word_1_456' title='bbox 955 2365 1080 2400; x_wconf 84' lang='lat' dir='ltr'>iteratis</span> <span class='ocrx_word' id='word_1_457' title='bbox 1111 2391 1121 2407; x_wconf 93' lang='lat'>‚</span> <span class='ocrx_word' id='word_1_458' title='bbox 1165 2375 1196 2400; x_wconf 86' lang='lat' dir='ltr'>et</span> <span class='ocrx_word' id='word_1_459' title='bbox 1226 2365 1452 2413; x_wconf 77' lang='lat' dir='ltr'>multiplicatis</span> <span class='ocrx_word' id='word_1_460' title='bbox 1478 2364 1611 2400; x_wconf 85' lang='lat' dir='ltr'>vicibus</span> 
     </span>
     <span class='ocr_line' id='line_1_45' title="bbox 139 2412 1612 2462; baseline -0.002 -11"><span class='ocrx_word' id='word_1_461' title='bbox 139 2418 305 2452; x_wconf 82' lang='lat' dir='ltr'>concessis</span> <span class='ocrx_word' id='word_1_462' title='bbox 319 2441 331 2458; x_wconf 88' lang='lat'>,</span> <span class='ocrx_word' id='word_1_463' title='bbox 357 2418 557 2454; x_wconf 81' lang='lat' dir='ltr'>confirmatis</span> <span class='ocrx_word' id='word_1_464' title='bbox 573 2443 583 2458; x_wconf 86' lang='lat'>‚</span> <span class='ocrx_word' id='word_1_465' title='bbox 612 2424 645 2450; x_wconf 90' lang='lat' dir='ltr'>et</span> <span class='ocrx_word' id='word_1_466' title='bbox 663 2413 827 2450; x_wconf 86' lang='lat' dir='ltr'>innovatis</span> <span class='ocrx_word' id='word_1_467' title='bbox 842 2438 851 2447; x_wconf 88' lang='lat'><strong>.</strong></span> <span class='ocrx_word' id='word_1_468' title='bbox 880 2412 1015 2459; x_wconf 81' lang='lat' dir='ltr'>Qibus</span> <span class='ocrx_word' id='word_1_469' title='bbox 1032 2416 1185 2449; x_wconf 89' lang='lat' dir='ltr'>omnibus</span> <span class='ocrx_word' id='word_1_470' title='bbox 1199 2439 1210 2454; x_wconf 89' lang='lat'>,</span> <span class='ocrx_word' id='word_1_471' title='bbox 1239 2423 1272 2449; x_wconf 89' lang='lat' dir='ltr'>et</span> <span class='ocrx_word' id='word_1_472' title='bbox 1296 2415 1435 2462; x_wconf 84' lang='lat' dir='ltr'>singulis</span> <span class='ocrx_word' id='word_1_473' title='bbox 1452 2438 1465 2455; x_wconf 87' lang='lat'>,</span> <span class='ocrx_word' id='word_1_474' title='bbox 1481 2413 1612 2448; x_wconf 78' lang='lat' dir='ltr'>etiamsi</span> 
     </span>
     <span class='ocr_line' id='line_1_46' title="bbox 139 2461 1608 2511; baseline -0.003 -11"><span class='ocrx_word' id='word_1_475' title='bbox 139 2466 181 2500; x_wconf 81' lang='lat' dir='ltr'>de</span> <span class='ocrx_word' id='word_1_476' title='bbox 199 2465 262 2501; x_wconf 86' lang='lat' dir='ltr'>illis</span> <span class='ocrx_word' id='word_1_477' title='bbox 279 2491 288 2506; x_wconf 92' lang='lat'>‚</span> <span class='ocrx_word' id='word_1_478' title='bbox 310 2477 494 2511; x_wconf 88' lang='lat' dir='ltr'>eorumque</span> <span class='ocrx_word' id='word_1_479' title='bbox 520 2467 600 2502; x_wconf 88' lang='lat' dir='ltr'>totis</span> <span class='ocrx_word' id='word_1_480' title='bbox 628 2463 800 2501; x_wconf 88' lang='lat' dir='ltr'>tenoribus</span> <span class='ocrx_word' id='word_1_481' title='bbox 815 2462 968 2507; x_wconf 80' lang='lat' dir='ltr'>specialis</span> <span class='ocrx_word' id='word_1_482' title='bbox 986 2487 995 2502; x_wconf 89' lang='lat'>‚</span> <span class='ocrx_word' id='word_1_483' title='bbox 1024 2464 1178 2509; x_wconf 85' lang='lat' dir='ltr'>specifica</span> <span class='ocrx_word' id='word_1_484' title='bbox 1194 2487 1204 2502; x_wconf 87' lang='lat'>‚</span> <span class='ocrx_word' id='word_1_485' title='bbox 1233 2475 1386 2504; x_wconf 81' lang='lat' dir='ltr'>expressa</span> <span class='ocrx_word' id='word_1_486' title='bbox 1403 2487 1414 2502; x_wconf 85' lang='lat'>,</span> <span class='ocrx_word' id='word_1_487' title='bbox 1440 2471 1474 2497; x_wconf 89' lang='lat' dir='ltr'>et</span> <span class='ocrx_word' id='word_1_488' title='bbox 1491 2461 1608 2497; x_wconf 75' lang='lat' dir='ltr'>indivi-</span> 
     </span>
    </p>
   </div>
   <div class='ocr_carea' id='block_1_2' title="bbox 139 2508 1612 2605">
    <p class='ocr_par' dir='ltr' id='par_1_4' title="bbox 139 2508 1612 2605">
     <span class='ocr_line' id='line_1_47' title="bbox 139 2508 1609 2564; baseline -0.003 -14"><span class='ocrx_word' id='word_1_489' title='bbox 139 2515 229 2555; x_wconf 83' lang='lat' dir='ltr'>dua,</span> <span class='ocrx_word' id='word_1_490' title='bbox 252 2526 318 2550; x_wconf 87' lang='lat' dir='ltr'>non</span> <span class='ocrx_word' id='word_1_491' title='bbox 344 2523 456 2550; x_wconf 86' lang='lat' dir='ltr'>autem</span> <span class='ocrx_word' id='word_1_492' title='bbox 482 2525 542 2561; x_wconf 87' lang='lat' dir='ltr'>per</span> <span class='ocrx_word' id='word_1_493' title='bbox 567 2512 727 2550; x_wconf 77' lang='lat' dir='ltr'>eiausulas</span> <span class='ocrx_word' id='word_1_494' title='bbox 753 2508 924 2559; x_wconf 80' lang='lat' dir='ltr'>generales</span> <span class='ocrx_word' id='word_1_495' title='bbox 956 2511 1045 2548; x_wconf 86' lang='lat' dir='ltr'>idem</span> <span class='ocrx_word' id='word_1_496' title='bbox 1081 2513 1302 2558; x_wconf 87' lang='lat' dir='ltr'>importantes</span> <span class='ocrx_word' id='word_1_497' title='bbox 1331 2537 1343 2554; x_wconf 87' lang='lat'>‚</span> <span class='ocrx_word' id='word_1_498' title='bbox 1370 2511 1496 2548; x_wconf 82' lang='lat' dir='ltr'>mentio</span> <span class='ocrx_word' id='word_1_499' title='bbox 1514 2535 1527 2549; x_wconf 81' lang='grc'><strong>,</strong></span> <span class='ocrx_word' id='word_1_500' title='bbox 1551 2522 1609 2564; x_wconf 59' lang='lat'>“3²¹</span> 
     </span>
     <span class='ocr_line' id='line_1_48' title="bbox 1487 2568 1612 2605; baseline -0.04 -9"><span class='ocrx_word' id='word_1_501' title='bbox 1487 2568 1612 2605; x_wconf 76' lang='lat' dir='ltr'>quaevis</span> 
     </span>
    </p>
   </div>
  </div>
 </body>
</html>
