1993 3195
669 260 702 300 A'
742 266 768 299 Ρ
804 266 830 299 P
870 267 893 301 E
931 267 965 301 N
1009 268 1043 302 D
1081 268 1097 303 I
1137 269 1167 303 X
1593 280 1638 314 3r

156 315 267 349 labore
288 311 423 352 justitia:
450 311 728 347 administrationi
759 314 951 358 proveniat,
986 327 1109 361 eosque
1137 315 1278 362 proinde
1296 336 1307 354 ‚
1337 326 1374 349 ac
1405 314 1539 352 illorum
1558 318 1639 353 Suc-

153 372 325 400 cessores,
355 369 393 395 ut
416 360 557 396 alacrius
586 362 684 397 fidem
702 386 712 402 ,
744 373 911 407 operam„
937 363 1134 398 industriam
1156 389 1166 404 ‚
1196 374 1229 399 et
1249 361 1458 399 sedulitatem
1487 364 1517 397 in
1557 367 1639 401 tanti

152 409 301 446 muneris
332 409 494 445 exercitio
524 411 684 446 adhibere
709 412 897 451 studeant,
929 409 1037 457 aliqua
1069 411 1203 451 majoris
1230 411 1493 447 honorificentia:
1527 423 1642 448 acces-

151 459 246 494 sione
271 460 455 500 decorare,
480 459 719 505 ampliorisque
761 461 877 496 favore
913 460 1027 507 gratiae
1070 460 1230 506 prosequi
1263 459 1415 494 volentes
1446 484 1455 500 ,
1483 472 1520 495 ac
1550 461 1639 506 ipso-

150 517 225 543 rum
265 509 504 544 modernorum
533 510 730 545 Votantium
760 509 943 556 singulares
970 521 1125 556 personas
1151 523 1169 544 a
1190 507 1367 554 quibusvis
1400 509 1639 545 Excommuni-

150 557 293 592 cationis
319 582 330 598 ‚
359 557 591 602 Suspensionis
622 582 632 598 ‚
665 568 697 594 et
720 560 895 594 Interdicti
923 584 934 600 ,
961 558 1102 605 aliisque
1140 557 1379 594 Ecclesiasticis
1415 558 1603 593 Sententiis·
1625 582 1636 600 ,

151 606 315 641 Censuris
333 630 343 646 ,
370 614 402 640 et
432 606 538 650 poenis
564 619 581 641 a
609 609 682 646 jure
708 632 718 647 ,
749 608 800 643 vel
835 610 875 644 ab
910 607 1046 643 homine
1076 607 1194 654 quavis
1225 607 1427 647 occasione,
1455 605 1507 640 vel
1539 618 1638 642 causa

150 653 225 689 latis
251 679 261 695 ,
289 654 314 688 si
343 654 464 699 quibus
494 656 757 699 quomodolibet
788 657 954 692 innodatae
979 658 1129 692 existunt
1159 657 1200 691 ad
1229 657 1387 691 effectum
1420 656 1638 701 praesentium

152 704 328 738 dumtaxat
357 707 631 749 consequendum
651 728 661 745 ‚
693 707 811 741 harum
841 705 925 740 serie
952 705 1188 746 absolventes,
1218 716 1252 741 et
1279 705 1446 741 absolutas
1474 706 1544 739 fore
1560 717 1638 740 cen-

149 759 284 791 sentes,
316 759 438 790 motu,
465 751 604 787 scientia
625 778 635 793 ,
662 754 927 794 deliberatione,
954 763 986 789 et
1013 755 1188 799 potestatis
1209 754 1419 798 plenitudine
1447 753 1637 794 similibus,

148 800 296 846 praefatis
324 801 493 835 modernis
510 825 520 841 ‚
549 810 582 836 et
612 814 673 847 pro
704 812 855 848 tempore
881 813 1053 849 perpetuo
1080 803 1511 849 existentibusSignaturae
1536 803 1638 843 Justi—

149 848 203 883 tiae
232 849 457 889 Votantibus,
487 859 526 884 ut
554 853 595 885 de
627 859 747 886 caetero
773 853 804 886 in
832 851 989 887 omnibus
1007 877 1017 892 ,
1045 860 1080 887 et
1106 851 1273 898 singulis,
1303 861 1337 887 et
1365 853 1638 899 quibuscumque

148 897 484 943 Congregationibus
515 923 525 939 ,
559 900 767 935 Sessionibus
799 924 810 941 ,
839 901 1120 935 Processionibus
1148 924 1159 940 ‚
1191 902 1362 945 pompis,
1385 900 1571 939 Consiliis,
1603 908 1638 934 et

150 945 387 982 functionibus
420 972 431 988 ‚
458 948 600 994 negotiis
632 973 643 989 ,
668 949 865 995 caeterisque
895 950 1026 984 actibus
1065 948 1206 994 publicis
1233 973 1243 989 ,
1273 958 1307 984 et
1335 950 1476 995 privatis
1494 974 1504 988 ‚
1535 949 1635 984 etiam

148 1005 258 1030 coram
289 997 411 1037 nobis,
438 1005 472 1031 et
500 1008 564 1041 pro
592 1005 746 1042 tempore
771 997 988 1033 existentibus
1017 997 1176 1033 Romanis
1208 997 1431 1033 Pontificibus
1459 999 1637 1036 Successo-

146 1043 240 1079 ribus
272 1044 420 1085 nostris,
450 1045 675 1081 Rocchettum
694 1046 724 1081 in
756 1047 889 1092 praefata
919 1047 1068 1082 Romana
1099 1047 1206 1081 Curia
1232 1047 1338 1092 palam
1355 1048 1511 1089 deferre,
1533 1055 1565 1081 et
1581 1058 1637 1092 ge-

144 1100 258 1133 stare,
291 1092 421 1139 illoque
452 1094 570 1129 indulti
601 1095 744 1140 publice-
764 1096 920 1130 incedere
947 1119 957 1136 ,
990 1105 1024 1130 et
1051 1107 1251 1140 comparere
1281 1119 1291 1135 ‚
1321 1108 1381 1130 nec
1408 1108 1472 1130 non
1500 1099 1635 1140 Cappas

143 1141 286 1186 Magnas
303 1165 313 1181 ‚
345 1141 468 1186 quib'us
497 1142 598 1177 iidem
632 1144 797 1177 Votantes
816 1144 848 1177 in
867 1143 1015 1188 Capellae
1037 1154 1153 1178 nostra
1168 1151 1333 1182 utuntur,
1359 1144 1521 1179 similiter
1535 1156 1637 1189 quan·

144 1189 189 1226 do
218 1201 391 1225 causarum
422 1191 746 1230 commsssionibus‚
768 1191 912 1236 aliisque
925 1191 1189 1226 resolutionibus
1221 1191 1253 1226 in
1273 1191 1458 1237 Signaturx
1488 1192 1635 1234 justitiae

143 1248 328 1283 congressu
356 1238 581 1285 collegialiter
608 1239 793 1279 assistunt,
818 1241 917 1274 etiam
944 1240 1097 1279 deferre,
1128 1249 1162 1274 et
1189 1249 1355 1285 gestare,
1376 1242 1519 1282 libere„
1536 1250 1569 1275 et
1597 1240 1636 1274 li-

143 1286 215 1321 cite
244 1289 398 1331 possint,
430 1297 463 1322 et
490 1287 645 1328 valeant,
672 1290 867 1325 earumdem
898 1298 1014 1324 tenore
1042 1289 1254 1335 praesenti‘um
1287 1298 1452 1337 perpetuo
1472 1289 1643 1327 concedi-.

144 1346 245 1374 mus,
273 1343 307 1369 et
337 1337 577 1382 indulgemus.

245 1383 288 1417 V.
317 1384 546 1420 Decernentes
564 1410 575 1424 ‚
603 1387 734 1420 easdem
765 1394 941 1431 praesentes
976 1387 1086 1422 literas
1114 1412 1125 1428 ,
1154 1386 1252 1421 etiam
1291 1399 1334 1422 ex
1358 1398 1397 1423 eo
1427 1389 1517 1432 quod
1545 1386 1634 1421 anti-

143 1432 204 1477 qui
226 1457 238 1472 ,
267 1443 326 1467 seu
341 1442 419 1467 tunc
437 1433 617 1468 existentes
636 1435 800 1469 Votantes
814 1459 824 1474 ,
853 1435 977 1470 veteris
997 1459 1007 1475 ,
1022 1446 1081 1469 seu
1098 1444 1133 1469 ut
1147 1435 1349 1479 praefertur,
1364 1446 1443 1471 tunc
1460 1435 1634 1480 suppressi

144 1480 332 1526 Signaturae
358 1481 503 1523 Justitiae
530 1482 727 1517 Votantium
748 1481 897 1529 Collegii
913 1508 924 1524 ‚
949 1495 985 1518 ac
1016 1483 1072 1518 alii
1104 1484 1314 1529 quicumque
1330 1508 1341 1524 ‚
1363 1484 1464 1520 etiam
1491 1484 1633 1528 speciali

141 1538 222 1565 nota
240 1529 332 1576 digni
367 1531 401 1564 in
432 1531 608 1575 praemissis
624 1531 886 1577 quomodolibet
910 1534 984 1572 ius,
1003 1532 1056 1567 vel
1086 1532 1243 1567 interesse
1268 1533 1429 1569 habentes
1448 1559 1469 1574 ,.
1491 1546 1546 1568 seu
1577 1535 1633 1568 ha-

141 1579 224 1613 bere
250 1579 520 1625 praetendentes,
552 1580 668 1615 iisdem
689 1581 867 1625 praemissis
895 1593 961 1616 non
989 1581 1242 1619 consenserint,
1261 1590 1319 1614 aut
1346 1582 1484 1622 vocati,
1502 1593 1560 1616 seu
1576 1594 1633 1616 au-

142 1627 206 1662 diti
240 1640 305 1663 non
342 1628 493 1669 fuerint,
521 1628 626 1665 aliave
657 1628 774 1675 quavis
803 1631 845 1664 de
870 1642 968 1665 causa
997 1628 1229 1676 quamtumvis
1247 1627 1424 1675 legitima,
1453 1639 1487 1665 et
1510 1630 1632 1670 iuridi-

139 1686 204 1717 ca,
236 1678 278 1712 de
310 1676 380 1712 ullo
414 1678 666 1723 subreptionis,
697 1677 1004 1724 velobreptionis,
1034 1691 1091 1714 seu
1115 1677 1275 1714 nullitatis
1296 1679 1406 1720 vitio,
1433 1688 1490 1715 aut
1521 1678 1633 1715 inten-

140 1724 244 1760 tionis
271 1735 415 1766 nostrae‚
446 1727 679 1762 velinteresse
706 1728 902 1763 habentium
930 1739 1136 1768 consensus,
1168 1727 1305 1773 alioque
1333 1740 1552 1774 quocumque
1569 1730 1630 1763 de-

139 1774 233 1810 fectu
265 1775 403 1814 notari,
429 1774 619 1821 impugnari
652 1800 663 1815 ,
687 1776 844 1821 redargui
879 1800 890 1815 ,
921 1777 1095 1811 retractari
1123 1801 1134 1816 ,
1163 1775 1193 1810 in
1223 1778 1276 1817 ius
1308 1801 1319 1817 ,
1346 1778 1399 1812 vel
1430 1788 1641 1813 controver--

140 1824 224 1859 siam
254 1824 405 1858 revocari
440 1848 450 1863 ,
478 1825 517 1858 ad
545 1822 708 1858 terminos
734 1823 816 1863 iuris
846 1824 962 1858 reduci
986 1848 997 1864 ‚
1032 1837 1089 1859 seu
1120 1826 1283 1861 adversus
1328 1825 1398 1862 illas
1424 1826 1635 1872 aperitionis

139 1873 234 1912 oris,
263 1871 482 1908 restitutionis
513 1873 543 1907 in
577 1873 748 1917 integrum
782 1896 792 1912 ‚
824 1871 962 1907 aliudve
992 1876 1234 1919 quodcumque
1260 1873 1341 1915 juris
1369 1899 1390 1915 ‚.
1408 1876 1497 1911 facti·
1520 1900 1531 1916 ,
1573 1873 1628 1910 vel

140 1921 256 1967 gratiae
284 1921 469 1957 remedium
495 1921 679 1961 intentari,
707 1920 759 1956 vel
790 1920 964 1966 impetrari
993 1923 1180 1957 nullatenus
1212 1935 1335 1969 posse,
1365 1925 1541 1969 minusque
1563 1924 1627 1958 sub

140 1969 328 2010 similium,
357 1971 410 2006 vel
440 1970 654 2006 dissimilium
683 1970 866 2017 gratiarum
901 1971 1226 2012 moderationibus,
1262 1971 1519 2017 limitationibus
1538 1996 1548 2012 ‚
1578 1984 1628 2007 re-

139 2019 377 2054 vocationibus
405 2043 421 2059 ,
448 2029 481 2055 et
510 2019 782 2066 quibuscumque
809 2019 882 2054 aliis
914 2020 1089 2056 contrariis
1132 2020 1423 2068 dispositionibus.
1453 2032 1515 2066 per
1540 2032 1636 2067 quo*

140 2079 309 2114 scumque-
331 2068 501 2103 Romanos
541 2069 718 2103 Pontifices
743 2069 961 2103 Successores
990 2078 1120 2104 nostros
1148 2094 1160 2110 ‚
1184 2080 1219 2106 et
1245 2071 1372 2105 Sedem·
1397 2070 1594 2117 praedictam
1615 2093 1627 2110 ,

141 2117 239 2152 etiam
269 2125 361 2152 motu
378 2141 389 2157 ,
417 2117 557 2152 scientia
584 2140 596 2156 ‚
620 2116 866 2151 deliberatione
893 2139 906 2155 ,
938 2126 971 2150 et
999 2119 1176 2162 potestatis
1208 2118 1421 2164 plenitudine
1456 2119 1593 2165 paribus
1614 2140 1626 2158 ,

143 2177 178 2200 ac
205 2166 314 2202 etiam*
339 2165 662 2207 Consistorialiter‚
702 2163 834 2200 et‘alias
860 2165 1120 2211 quomodolibet
1153 2177 1215 2211 pro
1246 2177 1401 2214 tempore
1434 2167 1560 2208 factis,
1591 2174 1627 2202 et

141 2214 299 2250 faciendis
335 2215 579 2260 comprehendi
607 2239 618 2255 ,
660 2215 717 2249 sed
759 2226 893 2260 semper
931 2215 971 2249 ab
1015 2215 1080 2250 illis
1108 2225 1266 2261 exceptas
1295 2240 1305 2257 ‚
1336 2225 1370 2251 et
1396 2216 1528 2263 quoties
1562 2215 1626 2251 illae

143 2266 375 2304 emanabunt,
402 2264 501 2299 toties
532 2263 563 2297 in
594 2262 772 2308 pristinum
789 2287 800 2302 ‚
829 2273 867 2297 et
889 2263 1135 2300 validissimum
1151 2274 1277 2300 statum
1312 2265 1509 2304 restitutas,
1527 2275 1636 2308 repom

143 2311 221 2346 sitas
240 2336 250 2351 ,
276 2324 306 2348 et
331 2312 480 2359 plenarie
506 2312 722 2358 reintegratas
739 2335 749 2350 ,
777 2322 816 2346 ac
844 2310 944 2345 etiam
970 2313 1032 2346 sub
1067 2314 1258 2357 posteriori,
1290 2313 1366 2349 data
1392 2313 1623 2359 quandocum-

145 2372 211 2406 que
235 2359 385 2406 eligenda
416 2363 459 2397 de
490 2373 579 2396 novo
609 2371 781 2396 concessas
815 2383 826 2398 ‚
853 2371 1061 2406 semperque
1081 2359 1206 2396 validas
1227 2386 1247 2400 ,.
1270 2363 1380 2397 firmas
1406 2370 1439 2395 et
1470 2362 1620 2396 efficaces

147 2410 289 2445 existere
306 2433 315 2449 ,
341 2419 373 2444 et
391 2412 488 2452 fore,
520 2422 667 2456 suosque
698 2408 864 2454 plenarios
893 2433 903 2448 ,
933 2417 967 2442 et
993 2410 1141 2453 integros
1166 2409 1304 2445 effectus
1334 2409 1476 2450 sortiri,
1505 2417 1540 2446 et
1563 2410 1633 2445 ob·-

145 2459 251 2494 tinere
278 2459 401 2493 debere
426 2482 436 2498 ,
464 2472 501 2495 ac
531 2460 639 2495 dictis,
659 2458 843 2504 Signaturae
873 2456 1027 2497 justitiae·
1047 2458 1250 2493 Votantibus
1274 2459 1447 2504 suffragari
1475 2483 1488 2499 ,
1520 2467 1554 2494 et
1581 2460 1630 2494 ab,-

143 2508 323 2547 omnibus,
348 2508 389 2542 ad
415 2519 499 2554 quos
526 2516 689 2554 spectat„
711 2516 743 2542 et
762 2516 825 2553 pro
853 2513 1006 2552 tempore
1037 2508 1321 2556 quandocumque
1346 2507 1548 2555 spectabit,
1572 2510 1633 2564 inm

1546 2567 1630 2593 vio--
