1952 3167
329 336 419 384 234,
649 325 725 366 DE
756 326 890 374 JURE
922 325 1267 368 SIGNATURAE
1297 327 1553 374 ,lUSTlTIAE

332 397 517 429 curatore
545 384 619 428 sibi
653 386 817 436 oblato,
847 387 920 428 alia
945 386 1140 428 deducere
1159 418 1170 435 ‚
1200 387 1229 428 si
1262 403 1366 443 quae
1395 389 1502 436 sint,
1529 387 1677 431 motiva
1707 403 1792 433 non

331 445 504 486 excitata
520 477 532 495 ,
566 458 607 488 et
629 461 761 487 rerum
789 446 1060 500 judicatarum
1078 447 1312 488 auctoritate
1332 478 1344 495 ‚
1371 447 1430 488 vel
1446 449 1601 504 Legum
1616 480 1626 496 ,
1646 463 1690 490 ac
1709 448 1792 491 Do.

331 514 490 546 crorum
510 506 833 561 interpretatione
850 505 998 546 muniri
1015 521 1027 553 ε,
1053 506 1202 560 quibus
1219 504 1411 546 omnibus
1427 507 1595 560 peractis
1612 538 1624 555 ‚
1642 509 1792 552 Adver-

327 563 422 604 sarii
453 566 701 623 objectiones
741 567 791 608 ab
825 566 963 606 iisdem
987 561 1201 606 solvendae
1237 578 1362 606 sunt.
1401 565 1477 605 Pro
1511 577 1621 605 certo
1658 578 1791 611 tamen

326 621 502 666 habetur
516 657 529 675 ,
555 627 668 681 quod
688 624 727 664 in
750 625 881 666 Curia
903 626 1186 667 Procuratores
1206 624 1513 668 Advocatorum
1533 637 1653 681 opera
1672 639 1795 669 utun-

326 694 394 723 tur
413 715 425 732 ,
457 684 555 727 durn
571 716 583 734 ,
616 699 755 742 nempe
781 716 794 734 ,
822 684 953 741 agitur
978 684 1026 725 de
1045 698 1198 740 puncto
1216 682 1316 736 iuris
1335 685 1526 741 ambiguo
1543 715 1555 734 ,
1586 697 1623 726 et
1648 684 1792 741 dispu-

325 742 433 782 tabili
451 774 465 791 ,
497 761 534 788 et
554 744 722 802 quando
747 746 1032 786 Procuratores
1048 744 1119 802 ipsi
1139 758 1369 801 agnoscunt
1384 744 1595 788 suasvires
1613 759 1697 785 non
1713 742 1793 786 suf-

324 799 469 842 ficere.
512 805 619 846 Hinc
640 804 752 847 facile
773 804 1055 861 unusquisque
1090 804 1308 861 percipiet,
1339 806 1379 845 in
1411 804 1625 847 scribendo
1657 804 1790 846 modi-

323 873 412 901 cam
433 877 513 905 esse
530 862 792 905 differentiam
813 863 920 909 inter
944 864 1178 907 Advocatos
1193 893 1204 910 ,
1237 877 1274 905 et
1293 866 1573 906 Procuratores
1590 895 1602 912 ,
1630 877 1668 906 et
1684 878 1786 921 pene

320 919 474 960 nullam
493 923 595 965 inter
626 938 719 971 eos,
752 923 823 977 qui
840 924 887 963 de
907 924 1082 981 Collegio
1114 923 1366 980 appellantur
1383 955 1395 973 ‚
1422 937 1460 966 et
1480 922 1645 965 Patroni
1669 923 1785 965 Cau·

315 988 454 1016 sarum
479 979 614 1020 Palatii
635 981 854 1036 Apostolici
876 983 1071 1040 dicuntur
1090 1011 1100 1021 .

439 1035 512 1077 His
538 1039 730 1081 omnibus
750 1039 976 1095 praemissis
1006 1041 1057 1081 ad
1091 1053 1284 1083 ornatum
1309 1039 1474 1097 potius,
1504 1054 1629 1095 quam
1657 1040 1709 1081 ad
1730 1041 1785 1084 rei

315 1097 660 1150 opportunitatem
677 1131 690 1149 ,
721 1114 852 1155 quum
876 1100 1041 1157 perran’)
1061 1100 1263 1144 Advocati
1281 1100 1460 1144 scribant
1494 1098 1536 1139 in
1569 1100 1789 1157 Signatura

315 1152 496 1205 justitiae
518 1188 530 1206 ‚
570 1173 686 1203 exeo
703 1159 802 1215 quia
834 1160 1092 1216 quaestiones
1112 1160 1195 1202 illae
1210 1191 1224 1208 ,
1255 1160 1316 1203 vel
1334 1159 1436 1203 circa
1457 1159 1610 1209 factum
1629 1174 1789 1203 versati·
1839 1193 1844 1197 .

314 1223 384 1253 tur
402 1245 413 1261 ‚
444 1215 504 1256 vel
524 1216 627 1258 circa
646 1218 754 1269 Juris
772 1219 964 1260 articulos
983 1220 1170 1275 undique
1190 1230 1308 1259 notos
1326 1250 1336 1265 ‚
1366 1216 1596 1274 ipsius'facti
1614 1218 1785 1261 circum-

314 1273 473 1313 stantiis
498 1276 786 1330 applicandos;
820 1278 904 1319 etsi
926 1278 1150 1332 aliquando
1167 1278 1226 1329 *illi
1256 1276 1309 1316 ad
1327 1275 1585 1317 scribendum
1618 1277 1699 1317 sint
1719 1291 1788 1318 ro-

312 1330 427 1386 gari,
458 1332 500 1373 id
535 1350 555 1375 a
589 1335 926 1377 procuratoribus
959 1335 1209 1393 potissimum
1231 1333 1363 1390 agitur
1399 1334 1453 1375 ad
1483 1333 1786 1379 conciliandam

314 1390 504 1440 Causae,
543 1406 585 1439 et
605 1396 900 1438 controversiae
919 1427 932 1444 ,
966 1393 1306 1438 existimationem
1325 1424 1341 1436 .,
1369 1394 1438 1433 Ad
1467 1408 1547 1434 rem
1584 1394 1708 1449 igitur
1739 1409 1785 1439 ut

312 1450 555 1499 veniamuS,
591 1453 832 1494 Causarum.
854 1455 1015 1496 Patroni
1037 1482 1048 1497 ,
1085 1455 1167 1496 sive
1202 1454 1491 1493 Procuratores*
1517 1465 1609 1493 ante
1645 1455 1784 1497 omnia

313 1508 589 1552 summarium
615 1512 815 1558 conficere
837 1513 1014 1561 debent,
1048 1512 1124 1554 hoc
1143 1523 1200 1554 est
1236 1510 1528 1560 Instrumenta,
1562 1525 1601 1553 et
1629 1526 1784 1556 caetera

314 1567 560 1611 documenta
578 1602 592 1620 ,
624 1574 729 1612 utin
756 1571 886 1612 Curia
913 1571 1164 1628 appellantur
1185 1600 1197 1619 ,
1230 1569 1311 1627 jam
1343 1571 1384 1611 in
1413 1571 1509 1612 actis
1543 1570 1744 1627 producta
1769 1602 1784 1622 ,

310 1625 354 1666 in
382 1628 565 1671 ordinem
599 1631 802 1687 redigere,
829 1627 1070 1687 illorumque
1095 1645 1298 1672 summam
1318 1662 1331 1680 ‚
1366 1645 1471 1685 quae
1511 1631 1562 1671 ad
1597 1631 1784 1675 Causam

309 1685 539 1743 pertineat,
578 1690 791 1741 numeris,
829 1691 889 1733 vel
928 1691 1071 1734 litteris*
1104 1691 1332 1733 distinctam
1365 1693 1664 1745 transcribere;
1694 1707 1782 1746 quo

309 1758 472 1801 peracto
490 1778 504 1796 ‚
537 1748 719 1803 illudque
734 1765 835 1807 praev
852 1751 1050 1794 manibus,
1061 1751 1252 1793 habendo
1275 1781 1286 1799 ‚
1309 1750 1555 1792 defensionis
1573 1751 1782 1808 Scriptura

311 1816 367 1846 est
385 1802 633 1849 efformanda
652 1826 667 1859 3
685 1823 725 1855 et
740 1824 945 1866 perperam
963 1812 1093 1866 agitur
1114 1812 1164 1850 ab
1185 1811 1388 1865 aliquibus
1405 1841 1418 1859 ‚
1436 1811 1507 1866 qui
1525 1824 1614 1867 post
1643 1825 1785 1866 perac-

311 1875 395 1904 tam
414 1864 666 1924 Scripturam
679 1869 905 1910 Summaria
937 1869 1163 1911 conficiunt
1179 1901 1191 1919 ,
1227 1870 1338 1911 nullo
1353 1885 1449 1912 sane
1470 1883 1588 1928 pacto
1607 1870 1781 1926 optimae

311 1921 556 1970 defensionis
576 1943 744 1984 systema
763 1926 963 1970 efformari
983 1942 1111 1987 potest
1127 1958 1141 1977 ,
1154 1929 1190 1973 si,
1206 1930 1460 1972 documentis
1476 1963 1489 1980 ,
1509 1930 1620 1977 unde
1639 1929 1782 1971 defen-4

309 1981 369 2023 sio
387 1983 585 2031 elicienda,
600 2003 686 2039 est,
700 1989 871 2046 quidam
884 1990 986 2031 ordo
1004 1988 1136 2047 primo
1156 1989 1242 2031 loco
1264 2004 1354 2032 nonv
1370 1990 1488 2031 detur
1503 2007 1516 2039 ;
1533 1990 1778 2030 fundamen-

308 2053 347 2082 ta
377 2044 490 2087 enirn,
515 2047 764 2092 defensionis
785 2063 881 2094 sunt
914 2048 1182 2092 instrumenta
1201 2078 1215 2097 ‚
1242 2064 1344 2105 quae
1374 2049 1406 2089 si
1425 2049 1536 2104 prius
1565 2061 1648 2087 non
1676 2060 1779 2086 con-

306 2113 521 2148 struantur
538 2138 552 2156 ,
578 2109 808 2151 aedificium
835 2110 1046 2163 quomodo
1080 2121 1184 2147 recte
1201 2108 1346 2147 elevari
1364 2107 1488 2159 possit
1504 2137 1517 2153 ,
1547 2105 1746 2146 nescimus
1763 2137 1774 2148 .

425 2163 472 2203 In
513 2165 641 2216 cujus.
667 2167 834 2220 quidem
860 2164 1077 2205 Summarii
1119 2162 1261 2206 fronte,
1297 2161 1544 2204 Commissio
1598 2165 1776 2220 primum

306 2219 488 2262 omnium
508 2253 521 2271 ,
553 2221 672 2275 juxta.
689 2221 921 2278 qualitatem
939 2220 1300 2264 Causaeconfecta
1323 2250 1336 2268 ,
1363 2237 1408 2264 ac
1441 2222 1666 2265 transmissa
1686 2225 1777 2266 Par-

304 2277 333 2319 ti
352 2279 541 2322 adversae
560 2313 573 2331 ,
605 2282 935 2324 describenda-est
954 2311 967 2330 ,
997 2280 1145 2323 deinde
1162 2283 1257 2323 verb
1275 2282 1395 2339 copia*
1410 2282 1629 2324 sententiae
1648 2312 1661 2330 ,
1689 2283 1774 2339 sive

306 2336 453 2379 decreti
474 2355 502 2381 ar
524 2356 607 2396 quo
642 2341 910 2392 reclamatur3
943 2354 980 2384 et
1015 2342 1117 2383 adeo
1151 2341 1426 2387 necessarium,
1451 2342 1634 2383 ordinem
1661 2343 1773 2385 hunc

301 2396 518 2440 Summani
545 2400 793 2443 conficiendi
808 2401 1048 2444 existimavit
1066 2401 1417 2444 Emi'nentissi'mus
1433 2402 1556 2444 Scom'
1574 2431 1585 2447 ‚
1611 2415 1657 2444 ut
1676 2417 1774 2459 quo-

302 2455 397 2496 dam
429 2459 616 2513 peculiari
635 2461 780 2504 Edicto
813 2462 880 2503 sub
909 2462 973 2504 (lie
1003 2461 1164 2518 septima
1203 2460 1365 2519 augusti
1405 2461 1501 2502 anni
1536 2474 1661 2517 1721.
1697 2475 1771 2516 pro

299 2515 559 2560 observantia¹
591 2521 751 2564 alterius
781 2521 917 2564 Erlictz’
946 2523 996 2564 ab
1022 2522 1251 2563 eodemmet
1281 2520 1489 2578 evulgati,
1521 2523 1590 2563 sub
1617 2521 1678 2561 die
1711 2533 1772 2562 12.

287 2573 469 2620 lancearii
487 2590 607 2636 1719.
629 2581 804 2631 statuit,
837 2595 861 2622 a
888 2581 1228 2624 procuratoribus
1258 2581 1440 2625 omnino,
1457 2582 1507 2624 in,
1531 2580 1772 2679 primaefln-

1706 2652 1783 2681 ομ-
