1993 3195
586 278 623 321 C
657 278 696 320 A
727 281 756 321 Ρ
786 278 828 320 U
858 277 895 320 Τ
955 277 988 320 Ι.
1492 292 1517 321 2

63 359 153 388 suas
184 339 439 396 nonagesima
468 338 594 396 prima
624 338 693 381 sub
704 323 842 380 {latum
872 338 1010 380 Romce
1023 336 1131 392 apud
1155 337 1200 379 S.
1221 337 1375 379 Petrum
1393 338 1454 379 die
1470 295 1544 396 xij7.

61 401 150 445 Iulii
164 398 495 443 MDCCXXVII.
516 397 885 441 munificentissime
908 396 983 438 illis
999 408 1080 438 tam
1092 396 1359 453 praesentibus
1379 428 1390 446 ‚
1423 411 1549 450 quarn

61 459 209 503 futuris
242 458 408 500 indulsit
427 485 439 504 ,
477 469 524 499 ut
539 471 707 505 omnes,
723 470 760 500 et
778 456 924 514 singuli
957 455 1094 496 Galeri
1113 455 1424 502 redimiculum,
1458 458 1543 498 Cor

61 521 159 561 done
185 517 307 574 vulgo
329 529 617 583 nuncupatum
638 547 649 563 ,
681 516 821 560 coloris
855 514 1050 558 violacei
1041 528 1083 554 in
1101 516 1312 571 quibusvis
1328 515 1550 557 functioni-

63 581 139 622 bus
153 606 166 626 ,
198 589 317 632 atque
338 576 493 619 actibus
523 576 695 632 publicis
712 607 725 626 ,
756 589 793 618 et
809 574 975 640 privatis
992 572 1144 628 ubique
1165 575 1315 616 deferre
1334 605 1345 623 ‚
1375 588 1416 616 et
1436 574 1555 624 licite,

63 652 108 680 ac
136 635 259 678 libere
303 649 452 691 gestare
481 636 635 692 possint
656 665 669 684 ,
700 635 856 679 sublata
891 647 1137 689 cuicumque
1172 633 1281 675 aliter
1305 633 1516 687 judicandi
1542 665 1556 684 ‚

62 697 146 739 sive
166 695 457 751 interpretandi
484 694 667 737 facultate
685 726 697 744 ‚
724 707 763 736 et
782 709 867 736 non
887 693 1141 736 obstantibus
1175 692 1554 736 Constitutionibus

15 750 21 755 ’
63 754 307 813 Apostolicis
338 754 473 796 forsan
505 754 841 811 contrariis-(1)

181 815 226 854 ln
260 813 473 870 praemium
490 813 608 855 etiam
626 813 812 856 laborum
828 825 998 855 suorum
1018 839 1031 859 ‚
1053 826 1098 853 ea
1127 825 1224 866 quae
1242 812 1550 854 Praedecessores

64 871 255 938 prudenti
274 872 444 915 liberalit
487 872 673 929 eelargiti
703 873 872 915 fuerunt
891 871 991 912 DD.
1011 869 1291 920 Votantibus‚
1322 871 1406 928 pari
1433 871 1554 913 immo

64 930 241 974 uberiori
272 884 517 988 βεηῐὲηᾶε
537 931 739 988 ampliavit
761 932 950 974 Clemens
976 931 1065 972 XlI.
1085 902 1390 973 Constitutione
1412 959 1425 978 ,
1459 943 1556 985 quae

71 990 211 1045 incipit
225 1020 238 1038 ,
267 990 426 1032 Creditae
450 991 556 1033 nobis
573 991 760 1034 divinitus
777 1024 791 1042 ,
820 993 889 1033 sub
908 991 970 1032 die
991 1003 1057 1044 25.
1074 989 1248 1031 Ianuarii
1282 1003 1405 1045 1731.
1427 1015 1441 1035 ‚
1472 1004 1555 1044 qua

68 1048 209 1090 iisdem
230 1077 243 1094 ,
274 1063 317 1089 ac
333 1050 626 1092 successoribus
646 1051 837 1092 concessit
857 1065 975 1090 usum
994 1049 1175 1089 Mantelli
1195 1048 1330 1105 magni
1346 1047 1556 1089 Mantello-

67 1120 113 1148 ne
140 1105 262 1159 vulgo
280 1107 459 1159 appellati
480 1131 492 1148 ‚
522 1120 567 1143 ac
587 1106 678 1143 Pilei
695 1106 938 1146 Pontificalis
954 1136 966 1154 ‚
999 1106 1315 1158 eorumdemque
1336 1120 1557 1147 ornamen-

65 1177 229 1211 torum,
260 1161 411 1215 quibus
446 1161 686 1218 Capellam,
714 1174 752 1203 et
785 1162 1020 1204 Causarum
1035 1161 1171 1202 Palatii
1188 1161 1409 1218 Apostolici
1424 1163 1556 1204 Audi·
1589 1180 1592 1183 ·

66 1235 170 1266 tores
189 1252 202 1271 ,
237 1235 282 1262 ac
300 1219 447 1262 Clerici
468 1220 657 1262 Camere
678 1221 963 1263 Praesidentes
956 1236 998 1261 ιη
1024 1219 1270 1262 solemnibus
1288 1220 1561 1274 Equitationi-

68 1283 147 1324 bus
163 1292 371 1329 utuntur,
397 1295 442 1322 ac
461 1279 622 1321 demum
642 1294 715 1337 pro
741 1280 907 1321 firmiori
931 1279 1132 1324 validitate
1153 1279 1271 1322 dictae
1290 1279 1558 1322 concessionis

66 1340 252 1384 clausulis
269 1339 471 1381 consuetis
490 1338 866 1381 Constitutionem
858 1354 984 1396 1psam
1015 1338 1218 1382 munivit.
1237 1338 1311 1396 (2)

135 1406 137 1408 ’
188 1398 440 1441 Clementem
474 1398 593 1440 etiarn
627 1400 704 1440 ΧΙ.
721 1398 862 1440 eximia
886 1398 1133 1441 Votantium
1158 1399 1387 1456 Signaturae
1418 1397 1558 1440 merita

63 1470 317 1505 moverunt,
347 1471 394 1500 ut
416 1457 751 1508 Constitutione,
786 1471 882 1513 quae
914 1457 1058 1515 incipit
1078 1489 1091 1506 ,
1124 1459 1322 1501 Romanus
1354 1457 1559 1512 Pontifex,

67 1517 310 1566 sanciverit,
345 1532 412 1559 eos
433 1532 574 1573 nempe
590 1532 700 1575 posse
728 1517 939 1559 transferre
966 1517 1178 1574 pensiones
1198 1531 1358 1559 annuas
1383 1516 1560 1574 Aposto-

68 1578 143 1620 lica
161 1577 398 1634 auctoritate
431 1576 506 1618 sibi
534 1589 748 1620 reservatas
780 1591 900 1633 super
920 1576 1132 1633 quibusvis
1150 1576 1349 1620 fructibus
1366 1576 1562 1618 Ecclesia-

67 1635 175 1681 sticis
204 1651 334 1691 usque
353 1636 405 1678 ad
439 1651 638 1678 summam
671 1650 881 1679 scutorum
914 1649 1077 1678 centum
1108 1640 1295 1679 monetae
1318 1664 1332 1682 ,
1366 1635 1487 1678 etiam
1516 1634 1560 1676 in

68 1695 236 1739 articulo
253 1696 390 1739 mortis
406 1711 543 1737 coram
556 1697 728 1738 Notario
739 1727 753 1746 ‚
785 1708 826 1738 et
843 1694 1033 1738 Testibus
1052 1724 1064 1743 ‚
1095 1707 1133 1737 et
1149 1710 1241 1737 curn
1259 1693 1430 1748 alicujus
1442 1695 1562 1735 Prae-

67 1755 135 1799 lati
154 1786 168 1805 ,
200 1771 269 1797 seu
288 1771 480 1813 personae
498 1756 538 1797 in
559 1755 749 1813 dignitate
770 1754 1037 1798 Ecclesiastica
1055 1754 1296 1797 constitutae
1315 1754 1560 1801 interventu,

70 1827 224 1856 servata
249 1816 377 1855 forma
399 1815 717 1855 Constitutionis
741 1815 873 1854 Innoc.
890 1816 957 1854 XI.
978 1829 1097 1869 super
1118 1813 1379 1854 translatione
1399 1809 1561 1867 pensio·

72 1885 175 1913 num
190 1870 340 1912 editae.
372 1870 424 1910 Et
442 1884 490 1909 ne
510 1869 588 1909 ulla
608 1870 844 1911 difficultas·
836 1885 878 1910 m
896 1882 1101 1926 posterum
1120 1869 1290 1910 oriretur
1305 1897 1318 1915 ‚
1348 1883 1400 1909 an
1420 1870 1562 1912 eodem

72 1927 236 1979 lndulto
255 1927 454 1967 Votantes
468 1928 691 1991 gauderent
711 1940 800 1980 post
821 1928 1028 1967 dimissum
1045 1926 1246 1975 officium,
1259 1926 1332 1967 alia
1355 1925 1564 1970 Constitu-

71 1988 195 2053 tione,
210 1998 316 2039 quae
337 1984 455 2027 etiam
476 1983 645 2040 incipit,
658 1984 822 2026 creditae
841 1983 948 2026 nobis
966 1985 1034 2041 (3)
1050 2017 1063 2035 ,
1078 1983 1206 2038 jussit,
1224 1997 1270 2027 ut
1287 1985 1374 2041 ipsi,
1394 1986 1564 2029 dimissis

71 2046 191 2088 etiam
210 2044 454 2087 Votantium
475 2041 714 2095 hujusmodi
733 2043 906 2093 officiis,
904 2044 1165 2087 facultatem
1182 2044 1448 2096 transferendi
1466 2061 1568 2103 pen-

71 2106 202 2149 siones
218 2118 378 2147 annuas
398 2116 528 2157 usque
549 2101 601 2143 ad
627 2117 825 2145 summam
841 2115 1049 2167 scutorum
1077 2116 1242 2146 centurn
1272 2117 1455 2148 monetae
1474 2136 1487 2155 ,
1520 2116 1569 2148 ut

72 2180 191 2223 supra
209 2194 222 2213 ,
258 2163 482 2220 haberent.

188 2223 239 2265 Et
254 2222 437 2279 quamvis
456 2221 644 2264 laudatus
662 2221 845 2264 Pontifex
864 2221 1054 2264 Clemens
1072 2224 1140 2263 XI.
1163 2221 1377 2265 Indultum
1408 2224 1569 2267 votan-

76 2281 182 2324 tibus
201 2297 434 2326 concessum
451 2279 713 2323 transferendi
732 2281 943 2339 pensiones
963 2311 977 2331 ‚
1010 2295 1058 2324 ut
1074 2282 1259 2339 superius
1277 2283 1569 2335 recensuimus,

77 2341 325 2397 ampliaverit
348 2357 362 2393 ς
390 2353 566 2384 attamen
602 2355 714 2383 anno
751 2355 879 2397 1740.
905 2373 918 2392 ,
952 2355 1082 2399 quum
1108 2341 1340 2391 Sardinius,
1378 2356 1487 2384 unus
1517 2358 1567 2386 ex

1021 2401 1063 2440 D
1098 2416 1120 2442 2
1505 2401 1569 2442 Si-

870 2470 1016 2485 u——d

126 2527 180 2568 (1)
202 2532 238 2561 In
251 2530 492 2572 Appenl.p.49.
542 2530 596 2570 (2)
620 2533 655 2561 In
668 2531 911 2574 Append.p.71.
961 2531 1013 2574 (3)
1036 2534 1071 2563 In
1086 2531 1233 2575 Append-
1247 2540 1283 2575 p.
1306 2541 1362 2572 45.
1379 2531 1422 2563 ad
1434 2532 1490 2571 46.
