1952 3167
367 302 434 336 172.
732 289 795 324 DE
821 289 933 330 JURE
968 288 1248 325 SIGNATURAE
1273 290 1484 331 JUSTITIAE

1050 389 1111 436 N.
1132 392 1180 437 L.

401 462 683 531 Rescriptum
703 459 984 510 Pontificium
1003 493 1017 513 ‚
1044 463 1089 505 vi
1106 464 1221 520 cujus
1239 463 1386 504 Causae
1411 461 1683 523 exequutivae
1701 463 1804 511 Mo-

487 536 776 581 nasteriorum
816 530 1083 580 Monialium
1117 532 1156 575 S.
1178 527 1404 576 Michaelis
1421 561 1435 583 ,
1459 540 1504 576 et
1523 529 1563 575 S.
1586 531 1725 581 Annae

511 603 766 672 Tyburtinae
789 604 992 651 Civitatis
1010 599 1223 671 pr1vative
1243 634 1258 655 2
1281 615 1325 650 et
1339 618 1429 649 non
1447 614 1611 650 servata
1639 606 1698 667 ju7

579 675 683 725 dicii
720 673 861 724 forma
881 707 895 730 ,
933 672 1169 740 judicandae
1196 686 1292 725 sunt
1329 673 1380 723 ab
1407 676 1623 746 EPIscopo

964 745 1196 796 Tiburtino
1223 781 1236 794 .

656 874 792 906 ALLA
820 870 1048 915 SANTJTA‘
1080 873 1127 905 DJ
1153 871 1207 915 N·
1228 874 1259 905 s.
1288 873 1366 905 Ῥιο
1392 875 1464 906 ῬῬ.
1490 874 1545 906 V1.

359 969 462 1051 Le
490 966 661 1013 Religiose
675 969 716 1002 de
731 968 740 1002 i
756 969 820 1002 due
837 968 1019 1007 Monasterj
1035 968 1068 1002 di
1086 967 1269 1003 &Michele
1286 968 1490 1014 Arcange10‚
1506 981 1523 1003 e
1543 969 1575 1004 di
1590 969 1720 1004 S.Anna
1732 967 1764 1003 di
1781 967 1844 1004 Τῐ·

469 1015 537 1051 voli
553 1016 702 1051 Oratrici
725 1016 925 1051 Umilissime
946 1017 978 1051 di
996 1017 1114 1052 Vostra
1129 1017 1255 1052 Santitit
1271 1017 1576 1063 ossequiosamente
1603 1018 1632 1053 le
1649 1027 1840 1063 rappresen-

357 1071 436 1100 tano
451 1066 513 1100 che
529 1066 555 1100 si
572 1063 743 1099 ritrovano
771 1065 803 1099 in
818 1065 968 1110 angustia
995 1065 1134 1109 rispetto
1148 1065 1214 1100 allo
1239 1067 1330 1100 Stato
1357 1067 1562 1101 Econornico
1578 1091 1587 1106 ‚
1615 1075 1722 1102 stante
1737 1068 1800 1101 che
1817 1064 1838 1100 l*

357 1113 510 1159 esigenza
525 1113 709 1149 dell'annue
727 1115 856 1148 rendite
869 1114 997 1148 rimane
1017 1115 1196 1149 addietrata
1217 1114 1386 1160 malgrado
1400 1114 1430 1150 le
1447 1116 1569 1150 istanze
1583 1114 1758 1150 Gudiciali
1775 1125 1840 1159 op-

357 1172 617 1206 portunamente
643 1163 724 1197 fatte
750 1161 905 1197 controli
925 1163 1047 1197 morosi
1077 1163 1237 1197 Debitori
1256 1187 1267 1201 ,
1302 1163 1323 1197 li
1352 1163 1443 1209 quaii
1462 1163 1548 1199 oltre
1577 1164 1606 1199 al
1625 1163 1760 1210 raggiro
1772 1161 1845 1197 del-

355 1209 387 1244 le
403 1211 562 1256 replicate
590 1211 759 1247 Citazioni
798 1210 967 1246 camerali
997 1210 1060 1246 alla
1085 1212 1293 1257 Segnatura,
1325 1224 1342 1246 e
1371 1213 1411 1246 ad
1439 1212 1514 1247 altri
1530 1212 1704 1248 Tribunaii
1722 1211 1755 1246 di
1774 1211 1847 1250 Ro-‚

358 1271 414 1293 ma
435 1283 445 1299 ,
475 1267 534 1304 per
553 1259 671 1295 ultimo
702 1261 801 1296 fanno
829 1259 942 1305 argine
964 1259 1017 1294 all'
1036 1260 1242 1295 Esecuzione
1271 1260 1323 1296 de'
1341 1261 1488 1296 Mandati
1516 1273 1578 1296 con
1597 1261 1626 1295 la
1646 1257 1842 1304 moltiplici-

359 1308 394 1342 τὸ.
409 1307 497 1343 delle
526 1309 656 1343 Patenti
679 1334 689 1349 ,
723 1308 789 1344 edi
807 1308 882 1343 altri
909 1309 1038 1343 abusivi
1071 1309 1220 1355 riguardi
1239 1309 1362 1354 pretesi
1391 1312 1431 1344 da
1450 1310 1596 1344 persone
1622 1308 1777 1354 potenti,
1811 1307 1844 1342 le

358 1355 448 1402 quali
474 1369 536 1391 con
551 1366 659 1392 stento
688 1357 962 1392 condiscendono
1001 1371 1018 1392 a
1038 1357 1174 1393 lasciare
1204 1358 1310 1393 libero
1339 1357 1361 1392 il
1382 1370 1480 1394 corso
1513 1357 1574 1393 alla
1591 1357 1793 1394 Giustizia‚
1823 1367 1842 1390 e

358 1406 493 1449 quando
520 1405 575 1441 cio
591 1407 691 1441 fanno
708 1431 718 1446 ,
749 1418 882 1450 sempre
906 1406 932 1441 si
954 1408 1124 1442 arbitrano
1153 1420 1171 1442 a
1190 1407 1373 1443 rescrivere
1397 1407 1604 1454 assegnando
1618 1407 1646 1441 ai
1661 1403 1838 1450 respettivi

355 1452 520 1488 Patentati
535 1478 545 1494 ,
579 1467 596 1490 e
610 1455 803 1500 dipendenti
830 1455 853 1489 ii
875 1456 1018 1490 termine
1034 1456 1066 1489 di
1081 1465 1155 1490 otto
1169 1480 1179 1495 ,
1207 1469 1229 1490 o
1243 1457 1333 1491 dieci
1352 1480 1363 1496 ,
1395 1458 1436 1491 ed
1455 1458 1559 1491 anche
1577 1453 1733 1499 quindici
1748 1452 1841 1497 gior-

355 1501 390 1534 ni
406 1500 511 1545 prima
538 1501 614 1536 dell'
631 1503 858 1542 Esecuzione3
891 1503 914 1536 1:
931 1503 1067 1536 crediti
1083 1504 1116 1535 di
1134 1504 1329 1544 Monasterij
1361 1505 1523 1539 derivano
1553 1505 1594 1536 da
1614 1500 1746 1536 Canoni
1761 1523 1771 1538 ‚
1799 1500 1841 1534 da

356 1548 521 1591 risposte,
548 1560 570 1581 0
595 1551 635 1582 da
654 1550 746 1582 affitti
777 1549 912 1583 intorno
943 1550 972 1582 ai
988 1549 1076 1592 quali
1098 1562 1161 1584 non
1191 1563 1339 1595 possono
1378 1550 1599 1593 giustamente
1629 1548 1838 1592 pretendersi

357 1595 508 1641 gravami
527 1619 538 1634 ,
564 1608 582 1629 e
602 1606 685 1640 pure
714 1608 798 1630 sono
814 1604 977 1630 costrette
998 1595 1018 1630 Γ
1034 1597 1180 1633 Oratrici
1197 1612 1214 1632 a
1234 1597 1383 1640 languire
1399 1619 1409 1634 ‚
1428 1607 1450 1629 o
1477 1608 1495 1630 a
1513 1604 1648 1630 contrat
1675 1595 1727 1631 de'
1745 1594 1844 1631 debi-

357 1644 382 1678 ti
401 1654 460 1689 per
474 1643 621 1688 supplire
653 1643 707 1678 alli
725 1644 916 1679 occorrenti
953 1645 1085 1690 bisogni
1103 1669 1113 1679 .
1147 1644 1353 1688 Supplieano
1371 1644 1489 1689 percio
1506 1644 1534 1679 la
1547 1644 1673 1679 Santita
1696 1645 1843 1683 Vostra,

357 1694 419 1727 che
436 1691 548 1738 vogkia
565 1693 719 1739 degnarsi
752 1693 784 1728 di
805 1692 1014 1737 patrocinare
1039 1704 1101 1727 con
1119 1693 1148 1727 la
1166 1693 1314 1727 Sovrana
1327 1705 1386 1727 sua
1400 1692 1585 1728 Clemenza
1619 1694 1650 1728 le
1664 1691 1816 1728 Oratrici
1830 1716 1842 1731 ,

359 1742 610 1776 commettendo
627 1753 645 1775 a
667 1742 864 1787 Monsignor
892 1741 1048 1776 Vescovo
1079 1741 1112 1775 di
1131 1741 1245 1776 'rivoli
1261 1767 1271 1781 ,
1299 1753 1318 1776 e
1332 1754 1393 1776 suo
1413 1741 1598 1777 Tribunale
1619 1766 1630 1782 2
1657 1744 1719 1777 che
1737 1741 1845 1776 senti-

357 1797 390 1824 te
405 1790 435 1825 le
450 1789 537 1836 parti
565 1790 650 1825 nella
665 1789 771 1835 prima
799 1790 919 1825 istanza
940 1815 950 1830 ,
976 1790 1079 1825 faccia
1092 1791 1245 1836 eseguire
1259 1789 1282 1824 li
1299 1790 1468 1831 mandati,
1500 1793 1562 1826 che
1575 1792 1756 1826 occorrera
1769 1800 1846 1833 spe-

360 1838 456 1879 dire,
489 1849 589 1874 senza
614 1840 787 1874 attendere
816 1850 944 1874 veruna
974 1839 1182 1879 inibizione,
1214 1840 1378 1879 Parente,
1404 1839 1622 1885 ePrivilegio
1639 1864 1649 1874 .
1677 1840 1755 1874 Che
1771 1849 1843 1873 ecc.
1907 1838 1934 1852 ⁴·

357 1901 394 1922 =
424 1886 467 1922 Al
482 1888 603 1933 Signor
622 1887 781 1923 cardinal
800 1888 964 1929 Uditore,
993 1891 1057 1924 che
1072 1890 1125 1929 ssne
1141 1887 1271 1934 parii:
1298 1889 1368 1923 Die
1379 1889 1556 1924 undecima
1571 1889 1651 1923 Iulii
1676 1899 1832 1935 1777.=

357 1935 409 1969 Ex
432 1936 616 1971 Audientia
644 1937 895 1973 sanctissimi:
922 1937 1158 1973 Sanctissimus
1187 1938 1317 1973 Causas
1352 1949 1466 1973 omnes
1508 1938 1701 1973 executivas
1731 1935 1845 1972 active

357 1985 540 2020 movendas
557 1997 617 2031 per
631 1985 833 2021 Monasteria
846 2010 857 2026 ‚
875 1999 934 2023 seu
950 1986 1113 2022 Moniales
1130 1987 1306 2023 Oratrices
1322 1986 1492 2031 privative
1507 1987 1638 2022 remisit
1653 1988 1692 2022 ad
1709 1984 1842 2021 R.P.D.

355 2031 564 2077 Episcopum
595 2034 826 2081 Tyburtinum
843 2060 855 2077 ,
886 2035 943 2084 qui
960 2037 1121 2081 procedat
1151 2045 1254 2081 prout
1282 2036 1432 2076 dejure,
1457 2045 1552 2071 extra
1582 2045 1691 2071 tamen
1706 2042 1841 2069 omnem

355 2079 479 2122 Iudicii
499 2083 669 2130 figuram,
700 2093 732 2119 et
753 2084 898 2121 formam
925 2096 1003 2121 cum
1034 2084 1193 2120 omnibus
1221 2085 1438 2120 facultatibus
1469 2085 1665 2119 necessariis
1686 2106 1699 2123 ,
1727 2089 1761 2116 et
1781 2090 1843 2134 pp-

352 2130 507 2171 portunss
523 2155 535 2171 ,
563 2141 662 2178 atque
686 2133 779 2169 omni
797 2145 935 2171 recursu
948 2159 959 2175 ,
981 2142 1015 2169 et
1033 2134 1273 2169 reclamatione
1296 2134 1436 2169 remotis
1452 2147 1462 2165 ε
1496 2132 1542 2165 ita
1556 2131 1666 2164 voluit
1680 2131 1840 2164 Sanct1tas

355 2176 448 2216 Sua,
479 2187 513 2211 et
525 2181 677 2224 expresse
707 2184 900 2223 mandavit,
944 2191 981 2217 ut
1005 2183 1162 2216 Mandata
1187 2190 1304 2215 contra
1333 2181 1506 2213 debitores
1540 2178 1738 2212 eorumdem
1767 2176 1844 2211 Mo-

355 2224 574 2259 nasteriorum
608 2228 781 2261 relaxanda
818 2240 878 2272 per
907 2230 1035 2262 dictum
1063 2227 1217 2262 Iudicem
1255 2226 1463 2271 privativum
1493 2249 1504 2266 ,
1537 2235 1746 2272 exequantur
1775 2235 1841 2259 non

355 2270 563 2308 obstantibus
591 2273 861 2321 quibuscumque
877 2274 996 2310 litteris
1012 2274 1240 2309 Patentalibus
1254 2297 1265 2308 .

1041 2321 1083 2358 B.
1098 2322 1268 2359 Cardinal.
1288 2322 1417 2359 Giraud
1432 2322 1658 2360 Proauditor.

1720 2563 1768 2599 N.
1785 2561 1844 2609 ιι,
