1993 3195
641 308 672 342 A
709 307 737 340 Ρ
772 309 798 341 Ρ
838 309 862 342 E
898 309 933 341 N
977 310 1010 342 D
1048 311 1062 344 1
1102 310 1133 344 x
1565 319 1610 353 95

228 354 323 390 Adeo
350 352 505 387 similiter
547 354 739 388 inhaerentes
769 355 986 397 dispositioni
1016 360 1166 395 ejusdem
1188 354 1276 391 Sacri
1312 355 1463 390 Concilii
1497 368 1613 403 sess.7.

132 406 169 439 de
181 401 324 445 Reform.
342 410 412 447 cap.
431 414 511 449 14.,
542 406 675 440 &sesa
693 414 749 450 14.
779 411 850 450 cap.
872 412 925 442 5.‚
961 415 1086 436 necnon
1120 404 1219 439 etiam
1252 404 1390 438 decreto
1418 403 1478 447 piae
1513 417 1613 440 mem.

128 450 306 486 Benedicti
324 450 418 485 Xlll.
433 452 493 485 hac
512 451 542 485 in
571 463 606 486 re
619 450 834 497 promulgato
854 452 939 486 inter
969 451 1039 490 ejus
1060 452 1245 486 additiones
1270 453 1310 485 ad
1336 454 1470 486 decreta
1485 452 1612 488 Urbani

126 500 194 533 1³1³.
214 499 308 533 VIIl.
332 500 362 533 in
390 500 574 544 appendice
604 501 644 535 ad
677 500 875 535 Concilium
908 500 1096 534 Romanum
1126 499 1283 534 volumus
1303 523 1314 539 ‚
1342 509 1373 534 et
1406 503 1612 542 mandamus,

124 550 214 593 quod
244 548 371 582 Clerici
399 548 569 584 Seculares
588 574 597 589 ,
626 558 682 584 aut
716 549 901 595 Regulares
932 558 1026 583 extra
1054 548 1298 585 Monasterium
1326 550 1485 595 degentes
1521 563 1610 595 quo·

124 596 311 631 modolibet
337 597 486 641 exempti
521 598 552 631 in
569 598 742 632 Civilibus
773 598 894 633 Causis
925 598 1145 638 Mercedum,
1175 606 1208 632 et
1228 596 1469 633 miserabilium
1493 599 1611 633 Perso-

123 656 263 685 narum,
293 645 424 680 etiamsi
455 655 582 681 certum
602 646 755 687 Judicem
786 649 801 680 Ξι
830 648 914 681 Sede
944 646 1144 692 Apostolica
1173 647 1371 692 deputatum
1405 647 1607 692 inpartibus

122 695 287 729 habeant:
313 694 350 729 In
367 694 439 728 aliis
456 706 538 729 vero
552 719 562 735 ,
579 694 605 730 si
626 698 732 737 ipsum
746 695 900 736 judicem
918 707 982 730 non
999 697 1198 736 habuerint,
1225 706 1337 731 coram
1354 697 1523 731 Locorum
1541 698 1609 731 Or-

123 742 259 778 dinariis
275 766 285 782 ,
323 751 478 787 tanquam
507 745 547 778 ab
568 744 638 788 ipsa
658 744 740 778 Sede
756 743 942 788 delegatis,
975 744 1148 779 conveniri
1182 744 1213 778 in
1230 744 1336 790 prima
1367 745 1544 785 instantia,
1573 754 1606 782 et

120 791 202 831 Jure
217 791 328 826 medio
344 792 382 826 ad
395 792 594 827 solvendum
611 792 764 828 debitum
782 793 859 838 cogi
878 793 1029 835 possint.

220 840 302 886 Quo
329 852 410 875 vero
441 841 480 875 ad
509 842 669 876 Personas
697 854 758 875 non
789 851 963 886 exemptas
991 841 1182 877 inhaerendo
1207 840 1363 876 similiter
1391 839 1605 886 dispositioni

120 888 269 927 ejusdem
299 888 387 923 Sacri
404 889 552 924 Concilii
567 902 642 925 sess.
660 900 710 934 13.
729 892 766 924 de
781 891 923 931 Reform.
942 898 1012 937 cap.
1028 902 1057 924 1.
1075 915 1085 930 ,
1114 899 1144 924 et
1158 902 1233 925 sess.
1256 901 1312 924 22.
1346 899 1416 938 cap.
1433 902 1466 936 7.
1484 898 1515 925 et
1530 902 1606 926 sess.

119 948 178 985 24.
201 947 271 985 cap.
292 949 350 973 zo.
379 950 439 973 nec
467 951 530 975 non
560 939 758 985 supradictis
790 938 945 974 Decretis
973 938 1182 984 generalibus
1211 939 1497 984 Congregationis
1527 939 1605 983 Epi-

115 997 298 1032 scoporum
326 986 425 1022 editis
452 999 538 1023 anno
560 991 661 1022 1600.
693 1000 771 1023 cum
802 987 993 1023 novissimis
1021 988 1278 1027 additionibus,
1314 1000 1373 1022 seu
1401 987 1602 1022 declaratio-

117 1037 214 1071 nibus
247 1035 308 1080 piae
345 1048 411 1071 me.
439 1037 612 1071 Benedicti
641 1037 734 1072 X111.
761 1036 791 1071 in
818 1038 1016 1082 Appendice
1041 1036 1189 1071 Concilii
1219 1035 1385 1072 Romani:
1422 1034 1600 1075 Volumus,

115 1085 320 1125 statuimus,
346 1094 377 1119 et
395 1086 612 1126 mandamus,
647 1088 738 1130 quod
766 1086 888 1121 Causae
920 1097 1034 1120 omnes
1061 1096 1126 1121 tam
1155 1084 1287 1119 Civiles
1309 1109 1318 1124 ,
1346 1097 1445 1130 quam
1477 1084 1602 1119 Crimi-

115 1133 202 1169 nales
233 1136 271 1169 ad
301 1134 425 1168 Forum
450 1134 722 1169 Ecclesiasticum
753 1135 955 1178 pertinentes
973 1158 984 1174 ,
1019 1134 1170 1178 exceptis
1191 1133 1442 1178 privilegiatis,
1469 1144 1542 1178 qua:
1559 1143 1600 1167 ex

114 1185 232 1218 eodem
250 1181 413 1216 Concilio
429 1206 439 1222 ‚
468 1183 521 1216 vel
539 1183 617 1217 alias
633 1185 728 1222 juxta
760 1183 950 1217 Canonicas
979 1183 1175 1230 Sanctiones
1193 1185 1280 1227 apud
1300 1182 1372 1216 Nos
1390 1206 1400 1221 ,
1427 1192 1460 1216 et
1477 1183 1598 1216 Sedem

111 1230 345 1276 Apostolicam
376 1231 510 1266 tractari
528 1240 667 1274 possunt
682 1255 691 1270 ,
721 1240 777 1266 aut
791 1232 912 1266 debent
931 1255 943 1271 ‚
974 1243 1087 1266 coram
1107 1231 1296 1269 Ordinarij÷
1319 1232 1486 1266 Locorum
1502 1232 1598 1265 dum-

112 1288 203 1315 taxat
222 1304 232 1319 ,
258 1280 288 1313 in
305 1278 410 1323 prima
429 1279 584 1315 Instantia
597 1289 866 1325 cognoscantur,
888 1292 994 1325 neque
1019 1294 1035 1315 a
1059 1279 1352 1325 Metropolitanis,
1382 1279 1596 1319 Patriarchis,

110 1339 166 1365 aut
196 1327 428 1368 Primatibus,
459 1328 597 1373 aliisque
629 1329 807 1370 judicibus
837 1328 1100 1369 Ecclesiasticis,
1134 1330 1232 1363 etiam
1261 1327 1426 1368 Nostris,
1450 1338 1482 1363 et
1500 1327 1596 1374 Sedis

108 1376 317 1423 Apostolicae
333 1377 495 1417 Nuntiis‚
531 1377 583 1412 vel
608 1380 648 1412 de
677 1379 779 1413 latere
818 1378 950 1424 Legatis
968 1402 978 1417 ‚
1009 1388 1065 1413 aut
1093 1379 1247 1412 Gamerae
1278 1377 1412 1412 Nostrae
1446 1375 1594 1422 generali

108 1426 281 1461 Auditore
296 1448 306 1463 ,
335 1434 369 1457 et
388 1426 514 1460 caeteris
530 1426 738 1470 quibuslibet
764 1427 883 1462 Curiae
897 1437 1015 1461 nostrae
1039 1427 1212 1461 Iudicibus
1239 1428 1277 1460 ad
1296 1438 1329 1459 se
1346 1426 1505 1463 avocari,
1541 1423 1594 1458 vel

108 1474 180 1511 aliis
210 1472 377 1508 committi
408 1475 564 1516 possint⁴,
590 1474 652 1508 nisi
680 1486 740 1518 per
755 1475 844 1508 viam
878 1474 1037 1519 legitimae
1057 1473 1287 1520 appellationis
1307 1496 1318 1512 ,
1346 1482 1378 1507 et
1401 1474 1433 1507 in
1463 1472 1593 1508 casibus

107 1534 147 1561 ut
170 1533 269 1568 supra
297 1532 362 1555 non
394 1521 571 1564 prohibitis
605 1523 646 1556 ad
673 1522 826 1566 ipsorum
854 1522 1050 1557 Tribunalia
1081 1522 1301 1557 deferantur.
1336 1521 1592 1566 Appellationes

107 1582 217 1610 autem
246 1582 310 1604 non
327 1569 529 1614 recipiantur
545 1594 555 1608 ,
581 1582 688 1615 neque
718 1571 933 1606 inhibitiones
950 1571 1071 1616 vigore*
1096 1570 1227 1605 illarum
1247 1572 1496 1609 concedantur,
1529 1569 1591 1603 nisi

106 1622 199 1668 prius
230 1617 443 1656 constiterit,
478 1619 569 1662 quod
599 1620 720 1652 nedum
751 1630 812 1663 per
838 1620 1022 1664 legitimam
1042 1619 1245 1658 Personam,
1273 1627 1306 1652 et
1330 1617 1412 1653 intra
1440 1617 1591 1663 legitima

106 1680 260 1715 tempora
288 1665 589 1712 vere-appellatum
622 1666 751 1708 fuerit;
779 1668 836 1701 se‘d
867 1669 965 1702 etiam
1005 1668 1105 1712 quod,
1127 1667 1332 1712 appellatum
1365 1666 1591 1702 fueritaSen·

105 1719 209 1756 tentia
225 1715 396 1751 definitiva
424 1716 474 1749 vel
507 1717 647 1749 habente
668 1715 738 1750 vim
753 1714 935 1751 definitivae
951 1739 962 1756 ‚
988 1726 1044 1751 aut
1071 1717 1088 1750 a
1103 1716 1296 1761 gravamine
1310 1739 1321 1754 ,
1353 1718 1441 1759 quod
1460 1727 1519 1760 per
1534 1718 1589 1751 de-

99 1767 263 1805 finitivam
282 1764 483 1798 Sententiam
502 1763 646 1806 reparari
678 1776 741 1798 non
761 1765 886 1808 possit:
915 1765 1023 1809 quue
1037 1775 1096 1808 per
1107 1764 1245 1809 publica
1264 1765 1475 1800 Documenta
1489 1789 1499 1804 ‚
1515 1776 1588 1811 quae

101 1816 236 1853 realiter
249 1814 279 1848 in
297 1812 391 1847 Actis
412 1812 660 1852 exhibeantur3
689 1814 784 1847 Tunc
804 1814 891 1847 enim
909 1836 926 1852 ,K
949 1821 984 1847 et
1000 1825 1066 1853 non
1081 1813 1175 1847 antea
1192 1812 1299 1847 ludici
1315 1836 1326 1853 ,
1354 1816 1393 1848 ad
1411 1826 1510 1859 quem
1531 1827 1586 1859 ap-

101 1865 263 1913 pellatum
295 1862 419 1901 fuerit,
447 1863 479 1895 in
503 1862 616 1896 Causa
642 1873 675 1895 se
701 1862 950 1901 intromittere,
980 1862 1157 1896 citationes
1175 1885 1185 1900 ,
1216 1871 1249 1896 et
1273 1860 1490 1898 inhibitiones
1509 1875 1586 1898 con-

99 1916 221 1951 cedere
239 1912 366 1951 liceat,
395 1912 581 1945 dummodo
606 1919 714 1945 tamen
748 1912 975 1945 concedantur
1002 1923 1078 1945 cum
1110 1909 1326 1955 inscriptione
1356 1912 1478 1946 tenoris
1507 1912 1585 1946 Sen-

102 1964 214 1998 tentiae
243 1987 252 2000 ‚
287 1970 342 1994 aut
373 1958 513 1994 Decreti
543 1959 704 1995 definitivi
723 1983 733 1999 ,
762 1971 816 1994 seu
839 1960 908 1994 vim
945 1959 1110 1994 definitivi
1137 1958 1314 1997 habentis,
1343 1960 1396 1994 vel
1424 1962 1582 1995 damnum

99 2022 159 2057 per
173 2010 370 2044 diffinitivam
401 2007 614 2052 irreparabile
648 2007 842 2049 inferenti53
873 2009 964 2043 Alias
997 2008 1172 2043 citationes
1191 2031 1201 2046 ,
1229 2007 1470 2049 inhibitiones„
1500 2010 1584 2043 Pro-

101 2071 212 2095 cessus
229 2083 240 2099 ,
267 2067 299 2093 et
319 2058 392 2091 inde
417 2068 559 2104 sequuta
585 2068 804 2104 quascumque
821 2059 913 2098 sint,
943 2058 1014 2104 ipso
1042 2059 1124 2094 Iure,
1162 2055 1279 2096 nulla,
1306 2067 1404 2105 atque
1439 2058 1585 2104 impune.

101 2109 208 2154 sperni
229 2108 381 2152 possint.

196 2157 300 2203 Quod
328 2155 356 2191 si
385 2154 554 2199 appellans
581 2164 700 2189 asserat
728 2156 928 2195 Sententiae,
957 2164 1015 2190 aut
1045 2156 1186 2190 Decreti
1215 2157 1407 2202 exemplum
1437 2157 1581 2191 authen-

102 2206 204 2242 ticum
235 2206 331 2249 culpa
364 2204 493 2243 judicis
525 2206 542 2238 12
568 2215 659 2250 quO,
687 2203 739 2238 vel
769 2204 928 2243 Notarii,
957 2204 1029 2239 sive
1061 2204 1211 2238 Actuarii
1237 2206 1357 2239 habere
1387 2217 1450 2238 non
1469 2216 1579 2249 posse,
1629 2239 1635 2244 ,

101 2264 180 2290 tunc
209 2256 322 2289 saltem
355 2254 485 2294 copiam
502 2252 689 2295 simplicem
719 2253 918 2292 Sententiae,
953 2265 1009 2287 seu
1031 2252 1170 2287 Decreti
1201 2253 1232 2287 in
1266 2254 1361 2289 Actis
1390 2255 1578 2298 producere

103 2312 274 2343 teneatur,
303 2305 439 2343 ejusque
458 2310 573 2335 tenore
590 2300 621 2333 in
641 2300 741 2335 literis
772 2301 1061 2335 Inhibitorialibus
1092 2301 1217 2336 inserto
1232 2325 1242 2340 ,
1258 2303 1448 2341 adiicienda.
1470 2301 1536 2336 erit
1564 2325 1576 2340 ‚

99 2361 203 2399 prout
218 2351 312 2390 adiici
329 2350 485 2386 volumus
503 2374 512 2388 ‚
547 2358 578 2384 et
608 2350 801 2382 mandamus
819 2371 828 2387 ‚
870 2347 902 2382 in
929 2350 1039 2382 earum
1071 2360 1214 2393 corpore
1242 2362 1403 2392 expressa.
1425 2348 1576 2384 conditio

97 2406 277 2444 ⁴{Quatenus
295 2408 402 2434 tamen
433 2407 524 2432 tenor
544 2400 682 2432 insertus
709 2408 789 2431 vere
804 2420 814 2435 ,
843 2397 919 2431 etin
935 2397 1209 2430 substantialibus
1225 2410 1298 2432 cum
1318 2398 1577 2442 Originali'con-

101 2452 210 2485 corde!
226 2474 235 2484 ,
262 2450 426 2494 eidemque
460 2448 625 2494 OrIginali
641 2453 812 2494 pratenses
830 2445 930 2479 litem
956 2447 1021 2479 sint
1040 2448 1072 2479 in
1091 2454 1235 2490 tempore
1245 2448 1465 2492 posteriores„
1494 2447 1575 2481 alio-

98 2501 177 2548 quin
210 2498 304 2532 nnllae
321 2522 329 2532 ,
361 2505 391 2530 et
413 2498 509 2530 irritae
529 2505 740 2530 censeantur:
773 2501 824 2532 rt,
839 2494 865 2527 si
882 2506 974 2529 secus
994 2496 1116 2529 factum
1136 2495 1233 2529 fuerit
1252 2520 1260 2532 ,
1280 2495 1495 2531 inhibitiones
1513 2494 1574 2540 ali-

96 2557 148 2583 ter
165 2558 328 2582 concessae
353 2545 536 2581 nullatenus
553 2545 696 2581 afficiant
710 2568 721 2585 ,
751 2554 783 2579 ct
797 2542 928 2580 Notarii
942 2567 952 2584 ,
979 2543 1050 2580 sive
1066 2544 1217 2590 Actuarii
1233 2568 1242 2585 ,
1273 2545 1330 2591 qui
1345 2544 1416 2581 illas
1431 2544 1574 2592 expedi-

1256 2599 1264 2605 ⁴
1517 2603 1581 2630 ve*
