1952 3167
313 299 359 333 16
639 295 700 332 DE
728 294 840 339 JUR‘E
867 294 1155 332 SIGNATURAE
1180 291 1391 336 JUSTITIAE

410 343 470 379 XI.
497 344 671 390 Quodque
701 350 740 381 ab
779 347 950 382 excessiva
966 345 1133 380 taxatione
1147 353 1368 390 expensarum
1384 338 1485 377 semel
1500 349 1625 379 tantum
1643 344 1790 391 appella-

311 393 362 428 tio
388 394 646 434 committatur,
677 396 795 431 ctdnae
814 395 984 430 sententiae
1012 396 1152 429 habeant
1185 394 1255 428 vim
1273 392 1397 427 trium.

408 442 472 476 Xll
502 443 623 478 Causa.-
663 444 904 480 tliscussionum
935 445 1021 478 inter
1052 443 1237 478 creditores
1260 466 1269 481 ‚
1303 449 1336 474 et
1364 441 1510 475 baeredes
1543 442 1721 483 defuncti,
1748 444 1790 478 de

307 491 403 530 cuius
432 491 526 526 bonis
553 492 639 527 inter
674 495 762 538 ipsos
779 494 962 528 creditores
992 492 1131 536 agitur,
1157 490 1244 524 intra
1272 497 1339 521 tres
1361 499 1487 521 menses
1508 492 1618 533 quoad
1651 501 1790 536 praesen-

308 547 357 573 tes
373 562 384 579 ,
416 542 526 584 quoad
554 544 704 576 absentes
721 555 803 577 vero
831 544 912 576 citra
941 548 1068 574 montes
1084 539 1170 572 intra
1191 547 1250 572 sex
1281 546 1408 570 menses
1427 558 1439 575 ‚
1467 535 1557 570 ultra
1579 545 1691 574 autern
1709 542 1795 576 intra

310 599 434 622 novem
461 590 708 633 expediantur,
735 601 765 624 et
797 590 889 623 nullo
908 590 1036 627 modo,
1068 586 1132 621 nisi
1161 597 1203 620 ex
1232 597 1349 631 magna
1375 595 1500 625 causa,
1531 593 1562 620 et
1599 598 1661 632 pet·
1676 587 1793 634 Signa-

313 643 421 671 turam
455 648 597 672 nostram
614 640 727 683 gratiae
757 638 910 672 instantia
931 636 1091 682 praedicta
1124 644 1351 681 prorogetur.

409 686 505 720 Xlll.
536 688 574 720 bt
601 687 690 721 adie
704 688 818 721 obitus
837 685 999 721 debitoris
1027 685 1113 719 intra
1142 685 1228 719 duos
1264 694 1390 719 menses
1417 685 1562 720 haeredes
1592 692 1768 730 praesentes
1785 709 1796 726 ‚

311 732 462 768 absentes
489 745 599 770 autem
634 736 717 770 citra
744 746 872 770 montes
899 734 983 770 intra
1011 743 1182 780 quatuor,
1215 734 1303 768 ultra
1331 742 1460 769 montes
1495 745 1578 768 vero
1622 735 1707 769 intra
1738 745 1798 770 sex

308 780 540 818 Inventarium
557 785 723 820 conficere
741 809 751 824 ‚
772 793 804 819 et
818 797 858 819 an
872 782 978 819 velint
995 783 1224 819 haereditatem
1245 782 1335 817 adire
1351 806 1362 822 ‚
1385 781 1572 818 deliberare
1594 791 1795 820 teneantur.

411 831 504 865 XIV.
535 834 576 867 Et
608 833 742 869 interim
758 834 918 874 judices,
949 845 1063 868 coram
1079 831 1200 878 quibus
1222 843 1335 867 causas
1355 830 1569 866 discussionis
1597 832 1796 872 huiusmodi

306 879 454 924 pendere
488 881 669 927 contigerit
684 907 694 923 ‚
722 884 808 917 bona
835 883 938 928 ipsius
958 883 1121 917 debitoris
1139 881 1315 920 defuncti,
1347 878 1401 914 vel
1420 881 1608 916 decoctoris
1630 880 1794 915 debitoris

308 928 536 964 creditoribus
563 953 574 968 ,
601 931 799 965 habentibus
826 931 952 965 credita
978 942 1098 965 eorum
1125 928 1251 975 liquida
1280 954 1290 969 ‚
1329 928 1464 964 interim
1507 938 1649 973 recepta
1674 928 1796 964 idonea

307 976 465 1010 cautione
492 977 534 1009 de
561 978 772 1012 restituendo
804 978 1003 1012 habentibus
1033 979 1143 1023 priora
1171 1001 1182 1016 ‚
1222 986 1254 1011 et
1283 978 1415 1021 potiora
1440 1003 1450 1019 ‚
1480 986 1513 1012 et
1548 977 1795 1012 contribuendo

305 1022 506 1058 habentibus
536 1025 766 1069 aequaliaiura
793 1026 1008 1072 consignari,
1038 1028 1224 1066 mandent,
1261 1035 1295 1061 et
1321 1026 1470 1062 faciant.

405 1071 482 1107 XV.
511 1072 545 1107 Si
563 1074 636 1119 quis
666 1084 777 1110 autem
795 1075 1030 1111 constitutioni
1063 1085 1186 1111 nostra:
1215 1075 1463 1114 hujusmodiin
1479 1074 1592 1121 aliquo
1620 1083 1796 1112 controve-

308 1120 395 1156 nerit
426 1120 666 1167 indignationis
686 1134 827 1165 nostrae,
848 1138 885 1160 ac
904 1126 982 1160 alias
998 1125 1129 1161 arbitrii
1160 1123 1266 1160 nostri
1294 1136 1407 1170 poenas
1437 1125 1585 1159 incurrat
1604 1148 1614 1159 .
1647 1127 1688 1160 Et
1708 1124 1796 1160 nihi·

307 1169 456 1204 lominus
476 1173 729 1208 commissiones
760 1183 875 1209 contra
901 1184 1048 1210 tenorem
1076 1175 1289 1219 praesentium
1317 1172 1453 1219 signatae
1495 1173 1618 1208 nullius
1647 1173 1714 1209 sint
1742 1184 1797 1208 ro·

310 1218 403 1253 boris
419 1242 430 1258 ,
467 1231 503 1254 ac
536 1221 723 1261 momenti,
743 1235 780 1257 ac
804 1234 864 1268 per
884 1222 1210 1268 praeoccupationem
1243 1229 1385 1257 extortae
1412 1230 1610 1257 censeantur
1627 1247 1637 1263 ,
1659 1223 1795 1267 illisque

308 1266 608 1313 judices,quibus
629 1282 681 1305 cas
698 1281 896 1315 praesentare
927 1272 1098 1316 contingat
1116 1280 1175 1309 ,et
1201 1270 1338 1305 minime
1364 1282 1482 1315 parere
1497 1278 1698 1310 teneantur;
1730 1269 1797 1304 sic-

309 1327 375 1360 que
404 1327 463 1360 per
496 1330 729 1364 quoscumque
757 1319 917 1360 judices,
949 1329 982 1354 et
998 1319 1260 1354 Commissarios
1286 1319 1403 1363 quavis
1433 1317 1638 1363 auctoritate
1655 1319 1794 1364 fnngen.

310 1373 360 1399 tes
377 1389 387 1403 ‚
415 1364 544 1401 sublata
565 1368 636 1408 eis,
665 1378 829 1404 eteorum
862 1368 1005 1404 cuilibet
1021 1364 1141 1413 quavis
1161 1367 1258 1403 aliter
1283 1366 1455 1406 judicandi
1475 1391 1486 1406 ,
1513 1376 1546 1400 et
1575 1367 1794 1411 interpretan-

310 1412 346 1446 di
378 1412 561 1455 facultate,
591 1426 624 1451 et
639 1418 840 1452 auctoritate
858 1441 868 1457 ,
894 1417 1036 1457 judicari
1052 1440 1064 1456 ,
1080 1425 1114 1450 et
1139 1417 1271 1451 definiri
1300 1415 1423 1449 debere
1441 1439 1453 1455 ,
1482 1413 1614 1449 irritum
1635 1426 1793 1460 quoque,

305 1469 339 1495 et
366 1459 484 1501 inane,
511 1464 537 1497 si
559 1476 654 1498 secus
670 1476 773 1509 super
801 1465 883 1498 hisa
912 1476 1081 1509 quoquam
1114 1465 1230 1507 quavis
1259 1463 1462 1499 auctoritate
1489 1484 1502 1502 2
1529 1462 1700 1503 scienter,
1731 1463 1788 1498 vel

311 1508 503 1555 ignoranter
522 1512 703 1557 contigerit
729 1513 883 1547 attentari
900 1535 910 1551 ‚
937 1511 1148 1547 decernimus
1166 1536 1177 1546 .

403 1558 499 1593 XVI.
526 1561 607 1594 Non
632 1560 843 1595 obstantibus
872 1560 1171 1595 constitutionibus
1189 1585 1199 1601 ,
1228 1570 1263 1596 et
1280 1560 1546 1597 ordinationibus
1576 1558 1791 1606 Apostolicis

304 1606 480 1640 contrariis
496 1607 766 1653 quibuscumque
786 1633 795 1642 .

407 1654 529 1691 XVII..
548 1656 643 1692 Nulli
664 1668 744 1703 ergo
761 1658 937 1692 hominum
965 1657 1063 1693 liceat
1078 1659 1163 1693 hanc
1193 1657 1348 1702 paginam
1370 1666 1493 1694 nostrae
1520 1658 1708 1694 Sanctionis
1728 1683 1739 1699 ‚
1757 1665 1791 1693 et

303 1702 447 1737 Decreti
477 1704 688 1752 infringere,
717 1706 775 1743 vel
798 1706 827 1740 ei
858 1719 941 1741 ausu
970 1707 1151 1742 temerario
1183 1705 1353 1742 contraire
1390 1732 1401 1748 ‚
1433 1707 1458 1742 si
1489 1709 1564 1753 quis
1581 1715 1694 1742 autem
1724 1709 1791 1742 hoc

304 1759 470 1787 attentare
513 1755 788 1800 praesumpserit,
816 1755 1087 1800 indignationem
1113 1754 1372 1799 Omnipotentis
1412 1757 1505 1797 Dei,
1539 1769 1575 1792 ac
1603 1758 1788 1792 Beatorum

301 1800 420 1840 Petri,
448 1810 481 1836 et
508 1803 604 1838 Pauli
636 1802 882 1849 Apostolorum
918 1805 989 1843 ejus
1015 1817 1050 1839 se
1076 1804 1213 1839 noverit
1239 1803 1453 1840 incursurum
1470 1830 1480 1840 .

397 1849 531 1886 ,Datum
564 1853 683 1888 Romae
711 1853 800 1898 apud
831 1853 986 1889 Sanctum
1021 1853 1156 1888 Petrum
1184 1877 1196 1893 ,
1235 1853 1335 1889 Anno
1358 1854 1603 1892 Incarnationis
1631 1854 1789 1892 Domini-

304 1907 352 1932 επ
382 1902 488 1942 1562.
507 1900 583 1938 Kal.
598 1901 682 1943 Jrulii
714 1901 932 1940 Pontificatus
944 1902 1067 1939 Nostri
1096 1903 1196 1938 Anno
1208 1901 1272 1939 111.

1656 2571 1701 2607 N.
1720 2571 1783 2611 111.
