1993 3195
664 334 704 377 C
736 337 774 377 A
807 337 836 376 P
866 334 909 376 U
937 334 978 377 T
1037 337 1086 379 ῘῘ.
1486 355 1565 401 177

140 398 270 447 causis
299 391 467 453 passivis
483 421 497 442 ‚
528 394 717 436 Personae
747 393 918 436 Ordinis
937 422 952 443 ,
986 393 1166 446 Milites,
1185 393 1333 440 scilicet
1348 427 1362 447 .
1379 395 1572 457 Capella-

140 460 216 508 ni,
246 468 285 497 et
318 453 788 502 inservientes‚civiiiter
822 452 1036 495 conveniri
1054 453 1205 497 debent
1230 469 1368 498 coram
1393 461 1572 516 propriis

136 515 349 568 judicibus
366 545 380 565 ,
402 512 772 557 Conservatoribus
800 511 1136 570 privilegiorum3
1178 527 1227 556 ex
1254 514 1395 558 eodem
1415 515 1537 561 Breve
1555 548 1567 560 .

164 625 172 633 ·
251 575 424 632 Ripanae
441 572 616 615 Civitatis
647 572 910 629 Magistratus
927 572 1050 615 habet
1080 572 1369 617 cumulativam
1403 573 1570 631 jurisdi-

137 632 311 676 ctionem
330 648 424 674 cum
435 631 724 674 commissario
743 629 922 682 ejusdem
941 630 1115 674 civitatis
1136 632 1178 673 in
1194 632 1326 675 causis
1352 632 1570 686 fraudum,

135 707 239 748 quae
267 693 576 735 committuntur
596 703 735 732 contra
752 688 1054 745 dispositionem
1073 690 1369 748 Capitulorum
1385 724 1398 743 ,
1426 692 1478 734 ad
1496 709 1570 750 pu-

138 751 264 793 blicos
311 763 535 810 proventus
580 748 868 808 pertinentium
900 763 914 799 ς
954 762 1078 807 prout
1133 762 1242 807 patet
1272 765 1293 793 e
1325 753 1450 796 Breve
1470 751 1570 795 Cie-

136 811 279 854 mentis
294 826 380 854 xlv.
394 812 492 868 (1).
893 814 898 818 '

251 872 436 928 Riparum
457 872 620 913 Praeses
648 869 789 927 quoad
810 884 870 913 res
889 899 904 919 ,
937 884 1110 921 merces,
1130 871 1286 928 aliaque
1299 873 1353 915 ad
1370 887 1567 916 commer-

135 929 261 980 cium,
291 947 337 974 ac
357 931 655 988 navigationem
676 929 872 971 Fluminis
887 928 1047 973 Tiberis
1057 932 1364 986 quomodolibet
1379 946 1563 989 spectan-

131 988 187 1031 tia
207 1020 220 1038 ,
252 1005 473 1046 eorumque
494 1004 678 1032 connexa
698 1019 710 1037 ‚
745 1003 781 1031 et
795 989 1066 1045 dependentia
1080 1018 1094 1037 ,
1127 991 1312 1045 quamvis
1337 1006 1451 1033 carro
1467 1023 1480 1040 ,
1501 992 1563 1035 vel

132 1048 290 1090 sarcina
315 1062 605 1105 trasportentur
632 1049 685 1089 ad
711 1048 875 1088 Flumen
891 1075 904 1094 ,
920 1048 1163 1101 privativam
1189 1048 1565 1105 habetjurisdictio-

130 1121 239 1158 nem,
256 1109 374 1150 etiam
395 1109 436 1148 in
458 1107 768 1155 Criminalibus‚
785 1105 1063 1148 confirmatam
1083 1122 1105 1147 a
1121 1107 1341 1150 Benedicto
1363 1122 1413 1150 x1
1427 1122 1444 1148 1
1458 1121 1494 1148 1.
1518 1108 1561 1149 in

127 1179 202 1206 cua
233 1166 502 1207 constitutione
517 1166 598 1206 diei
613 1179 683 1205 22.
718 1164 952 1218 mali172j7.
975 1193 989 1212 ,
1017 1178 1055 1206 et
1079 1179 1101 1204 a
1117 1166 1335 1206 Benedicto
1354 1181 1450 1208 xrv.
1484 1182 1563 1208 suo

126 1223 392 1281 chirographo
427 1236 499 1277 29.
531 1221 749 1263 novembris
781 1235 798 1260 1
811 1234 908 1276 743.
931 1253 943 1270 ‚
979 1221 1177 1276 descripto
1212 1223 1255 1262 in
1284 1223 1398 1264 Libro
1415 1224 1562 1280 Signa-

125 1294 302 1324 turarum
337 1283 398 1324 die
426 1297 494 1337 17.
514 1282 647 1338 aprilis
670 1293 795 1337 1747.
829 1280 871 1320 in
907 1279 1004 1323 actis
1029 1279 1243 1322 Castellani
1257 1310 1272 1329 ‚
1304 1294 1341 1323 et
1357 1283 1398 1324 in
1418 1281 1560 1326 Edicto

127 1339 348 1384 cardinalis
367 1338 576 1383 'camerarii
601 1355 645 1397 9.
671 1340 767 1382 maii
790 1338 919 1394 ¹767·

246 1402 355 1443 Hinc
390 1415 554 1442 causam
580 1400 696 1457 pretii
715 1399 907 1440 mercium
939 1397 1134 1455 Ripettae‚
1154 1399 1316 1443 excluso
1336 1399 1469 1456 judice
1501 1417 1560 1446 as-

87 1485 90 1487 *
127 1460 392 1505 secutationis
426 1458 532 1500 dotis
549 1488 563 1507 ,
594 1471 633 1500 et
666 1456 869 1498 dilationis
888 1456 1212 1511 quinquennalis
1226 1488 1240 1506 ‚
1259 1461 1388 1500 Effius
1405 1461 1561 1503 Praefe-

128 1533 214 1563 ctus
244 1519 389 1561 remisit
424 1518 478 1560 ad
493 1517 692 1574 Riparum
726 1514 953 1557 Praesidem
986 1514 1049 1555 <lie
1075 1529 1144 1558 ιο.
1160 1517 1292 1559 martii
1325 1518 1453 1573 1778.
1489 1534 1560 1578 per

126 1592 216 1622 aeta
245 1577 420 1621 Savicelli
451 1576 609 1619 Notarii
623 1573 829 1635 Capitolini
849 1603 860 1615 .
897 1575 950 1617 Et
985 1573 1040 1616 ita
1070 1575 1189 1617 etiarn
1208 1575 1250 1617 in
1271 1577 1401 1619 causis
1417 1578 1558 1623 damni

126 1638 211 1680 dati
246 1654 268 1680 a
285 1638 429 1681 Belluis
460 1636 680 1685 occasione,
701 1634 1003 1693 transportandi
1023 1662 1036 1681 ,
1071 1634 1131 1678 vel
1160 1648 1249 1692 post
1269 1649 1560 1693 transportatas

124 1712 188 1742 tes
206 1726 220 1745 ‚
246 1714 316 1739 seu
338 1712 484 1740 merces
504 1697 546 1738 in
563 1696 696 1739 reditu
715 1712 728 1747 3
759 1707 882 1753 prout
916 1693 1133 1752 Signatura
1164 1694 1341 1740 decrevit
1359 1696 1402 1737 in
1420 1697 1561 1739 Roma-

124 1771 176 1798 aa
190 1756 466 1807 iurisdictionis
481 1772 522 1814 4.
540 1755 764 1813 septembris
786 1769 800 1796 1
811 1768 915 1811 777.

130 1814 137 1851 ἶ
186 1814 397 1872 Excipitur
427 1831 524 1859 vero
549 1830 663 1856 casus
681 1844 695 1862 ‚
713 1815 884 1870 quando
902 1815 1035 1870 agitur
1051 1815 1099 1857 de
1117 1814 1398 1871 vectigalibus,
1414 1827 1453 1858 et
1467 1829 1560 1859 one-

125 1873 239 1916 ribus
256 1904 272 1922 ,
306 1873 508 1930 descriptis
526 1872 567 1911 in
589 1873 744 1912 Tabella
758 1900 767 1909 .
790 1873 847 1912 Ita
866 1871 907 1911 in
928 1872 1102 1921 Nullius,
1119 1888 1189 1914 seu
1204 1873 1359 1927 Farfhn.
1377 1874 1561 1926 Fraudis,

125 1931 169 1974 in
187 1946 269 1987 qua
291 1934 482 1988 agebatur
514 1932 561 1972 de
583 1929 725 1970 fraude
745 1930 799 1971 ob
832 1943 916 1970 non
934 1931 1114 1971 solutum
1130 1932 1324 1988 vectigal,
1338 1933 1559 1990 gabellum,

125 1991 253 2045 vulgo
273 1990 360 2030 dell'
374 1989 543 2029 uscitura
575 1989 637 2028 del
652 1988 763 2038 vino,
781 2004 801 2029 a
820 1988 1035 2044 Signatura
1065 1990 1225 2032 remissa
1244 1991 1323 2032 fuit
1339 1990 1482 2034 Causa
1501 1993 1558 2034 ad

127 2048 475 2108 Congregationem
495 2046 595 2088 Boni
620 2046 837 2104 Regiminis
859 2061 925 2101 14.
942 2048 1039 2090 maii
1067 2049 1196 2105 1778.

241 2108 360 2166 Ripae
375 2122 545 2166 magnae
570 2104 824 2156 Camerarius
842 2106 883 2146 in
906 2109 1028 2149 rebus
1045 2138 1059 2156 ,
1089 2123 1195 2164 quae
1216 2108 1433 2166 respiciunt
1449 2111 1556 2153 Mer-

123 2183 274 2212 catores
293 2197 306 2215 ‚
337 2181 555 2223 eorumque
573 2177 829 2211 contractus,
858 2163 919 2206 vel
954 2179 1103 2206 merces
1122 2168 1262 2221 ripales
1277 2197 1289 2214 ,
1309 2169 1378 2210 etsi
1403 2185 1424 2211 a
1450 2170 1556 2226 Ripa

123 2242 340 2277 extractas,
374 2223 587 2282 praelative
618 2224 738 2264 etiam
770 2223 823 2263 ad
846 2221 1023 2279 judicem
1057 2238 1284 2267 concursus
1314 2228 1558 2283 privativam

125 2286 245 2330 habet
264 2286 608 2340 jurisdictionem3
644 2297 764 2339 prout
790 2281 947 2323 censuit
962 2282 1177 2340 Signatura
1215 2284 1292 2325 diei
1314 2299 1383 2339 23.
1405 2288 1557 2331 decem.

127 2345 210 2388 bris
241 2346 418 2402 1779.in
445 2345 636 2386 Albanen.
657 2340 913 2384 Avocationis
943 2356 1150 2385 concursus
1168 2373 1177 2384 .
1208 2344 1335 2398 quue
1372 2345 1553 2400 intelligi-

129 2416 197 2448 tur
212 2403 541 2462 quoque,etiamsi
562 2415 703 2458 agatur
723 2401 771 2442 de
784 2399 934 2443 credito
953 2400 994 2440 in
1007 2414 1261 2499 cogtracturn
1280 2404 1440 2445 redacto
1458 2417 1553 2446 cum

1450 2461 1554 2503 obli-

1223 2533 1536 2547 ψ

130 2534 1065 2551 ——u———-———

180 2592 235 2637 (ι)
259 2592 405 2638 Append.
420 2602 500 2638 pag.
523 2591 647 2634 146.ad
667 2592 743 2633 148.
