1993 3195
610 263 648 306 C
683 264 720 305 A
754 264 783 304 Ρ
817 263 855 305 U
889 263 926 306 T
991 265 1019 306 l.
1499 286 1533 313 2

74 325 247 370 triennio
278 323 383 364 idem
400 323 592 364 Summus
619 324 801 365 Pontifex
828 324 1031 389 permisit,
1067 336 1112 365 ut
1132 324 1183 364 ad
1205 323 1419 369 Civitatem
1434 286 1555 371 Alba)

71 384 165 426 nise
184 380 435 430 transferret,
453 383 524 424 ubi
544 381 672 439 palam
691 397 711 422 a
727 382 892 424 summis
910 411 922 429 ‚
940 397 984 423 ac
1003 382 1228 439 praecipuis
1245 384 1422 440 ejusdem
1438 391 1549 429 Sum-

67 442 121 484 mi
150 439 354 482 Pontificis
380 441 582 482 Ministris
600 441 764 483 Praelati
796 442 949 482 honore
973 473 984 490 ,
1019 456 1063 484 ac
1083 441 1198 483 titulo
1230 443 1439 485 decoratus
1455 446 1551 495 fui1·;

67 513 105 541 et
122 499 360 541 Benedictus
378 499 521 541 XIV.
514 514 555 540 tn
573 500 751 556 quodam
771 513 881 541 motu
903 499 1068 557 proprio
1086 501 1233 557 pluries
1255 501 1314 545 uti
1335 479 1551 547 l'raelatuni

65 558 373 606 denominavit,
402 558 611 614 eidemque
638 559 882 601 Praelatitios
909 559 1043 601 titulos
1078 559 1268 603 donavit.

184 619 234 660 Et
265 631 466 673 quatenus
498 618 603 660 dicta
634 619 860 660 Praelatura
891 619 1060 660 omnino
1085 618 1306 688 spoliatum
1333 621 1455 664 fuisse
1479 638 1552 680 pro

67 686 174 720 certo
195 677 441 726 haberetur,
473 676 560 733 jure
578 689 710 719 tamen
731 670 994 719 transferendi
1013 678 1224 734 pensiones
1247 680 1450 736 privatum
1467 697 1551 724 non

65 736 296 778 remansisse
329 736 485 778 censuit
505 737 637 778 Rota·
627 769 640 785 ‚
670 751 763 778 nam
795 736 985 779 Clemens
1013 737 1082 777 XI.
1107 738 1312 781 Indultum
1338 740 1435 782 illud
1452 756 1552 784 con-

64 795 177 837 cessit
211 810 295 839 non
330 795 484 837 ratione
515 795 793 843 praelaturae,
816 810 861 837 ac
892 795 1013 838 officii
1048 796 1266 847 Votantis‚
1293 799 1362 840 sed
1390 801 1553 854 quidem

61 852 217 896 intuitu
242 868 505 912 personarum
533 854 574 895 in
604 855 968 896 remunerationem
994 855 1204 903 laborum,
1234 873 1338 911 quos
1360 860 1553 901 Votantes

63 915 261 956 sustinent
292 914 333 955 in
354 913 503 955 Causis
519 914 775 963 decidendis,
806 927 852 955 ut
884 930 906 955 e
922 914 1054 958 Verbis
1076 913 1222 954 indulti
1243 928 1434 972 apparet;
1470 932 1551 971 qua

67 972 115 1013 de
144 986 183 1012 re
209 972 314 1013 illam
332 973 507 1028 regulam
539 974 668 1030 vigere
694 987 847 1015 certum
872 987 955 1023 est,
988 973 1103 1029 quod
1139 973 1371 1030 privilegia,
1400 975 1551 1017 intuitu

63 1045 258 1094 personae
278 1031 467 1085 elargita,
490 1046 709 1085 nunquam
728 1033 1024 1087 extinguuntur
1042 1061 1055 1078 ,
1089 1032 1219 1073 donec
1249 1044 1357 1074 extat
1381 1047 1551 1089 persona

63 1088 152 1135 illa,
168 1102 288 1140 cujus
303 1090 642 1142 contemplatione
659 1089 826 1127 fuerunt
843 1104 864 1126 a
886 1090 1063 1142 Principe
1088 1105 1298 1138 concessa,
1314 1106 1384 1145 per
1400 1104 1553 1134 textum

61 1143 106 1185 'in
127 1143 231 1200 Cap.
252 1143 476 1196 Quoniam.
498 1144 549 1184 Et
574 1144 622 1184 ὲο
651 1143 808 1199 magis,
829 1144 925 1196 quia
943 1145 1013 1189 lus
1033 1146 1304 1184 transferendi
1326 1149 1554 1197 Pensiones-,

63 1202 314 1246 Votantibus
341 1202 574 1268 Signaturae
602 1202 784 1249 justitiae
809 1215 855 1242 ex
875 1216 994 1243 causa
1016 1216 1186 1244 onerosa
1218 1217 1303 1244 non
1325 1205 1381 1245 uti
1412 1206 1554 1263 singu-

62 1261 134 1313 lis,
164 1262 236 1305 sed
267 1261 458 1303 omnibus
487 1261 528 1301 in
559 1260 728 1302 modum
761 1260 929 1317 Collegii
955 1261 1203 1317 impartitum
1230 1261 1334 1312 fuit,
1370 1264 1553 1321 adeoque

60 1321 262 1364 literaliter
279 1352 291 1370 ‚
326 1336 371 1362 ac
408 1320 660 1377 peculiariter
685 1319 853 1361 eodem
845 1334 929 1375 jure
962 1320 1172 1362 Sarclinius
1190 1322 1417 1377 privandus
1443 1339 1553 1375 erat,

59 1379 173 1437 juxta
203 1395 415 1423 censuram
433 1393 565 1422 textus
583 1379 622 1421 in
642 1380 724 1438 leg
744 1378 906 1421 Αίιίίιιις
923 1380 1020 1437 Dig.
1047 1382 1093 1420 cle
1111 1379 1420 1431 Donationibus,
1435 1383 1554 1426 Surd.

57 1454 167 1482 cons.
191 1452 292 1508 5319
320 1455 425 1480 num
458 1453 546 1495 51.‚
583 1440 680 1481 Rota
712 1453 844 1481 coram
882 1437 1053 1480 Ansalclo
1092 1440 1189 1494 387
1226 1456 1264 1481 η.
1299 1453 1368 1494 14
1389 1472 1402 1490 ,
1435 1442 1554 1485 etita

57 1500 326 1542 ratiocinatur
355 1499 517 1541 Decisio
537 1498 661 1542 268
653 1513 695 1540 1n
712 1498 816 1542 dicta
841 1497 981 1541 Causa
1009 1499 1187 1542 Romana
1214 1499 1467 1557 Pensionisq.
1479 1503 1556 1549 Ju-

57 1557 116 1601 nii
136 1574 260 1617 1743·
288 1575 412 1603 coram
436 1562 592 1603 Tamara
597 1592 622 1628 ι,

177 1621 224 1661 E'
247 1634 304 1663 tot
322 1621 533 1677 privilegiis
552 1649 564 1668 ‚
595 1620 675 1678 jam
694 1635 814 1679 supra
833 1621 1063 1669 recensitis,
1092 1620 1244 1676 quibus
1276 1620 1553 1662 Referendarii

58 1680 315 1723 condecorari
341 1678 481 1729 fuere,
517 1695 639 1721 nemo
671 1695 755 1722 non
792 1680 998 1737 intelligit,
1029 1694 1170 1720 eorum
1208 1677 1413 1744 dignitatis
1442 1694 1553 1735 prae

57 1741 279 1788 stantiamt,
311 1753 350 1782 et
375 1740 546 1796 proinde
589 1755 672 1781 non
708 1740 903 1782 immerito
929 1736 1258 1795 praecedentiam
1287 1737 1390 1778 inter
1423 1739 1556 1793 plures

61 1797 158 1838 alios
195 1798 350 1838 Curiae
379 1799 581 1839 Praelatos
609 1799 823 1840 vindicant
851 1813 862 1845 3
892 1811 929 1838 et
950 1799 996 1838 eo
1024 1797 1148 1852 magis
1181 1795 1455 1836 Referendarii
1475 1796 1556 1836 Vo-

58 1866 213 1902 tantes,
242 1869 371 1909 quum
403 1869 544 1894 eorum
571 1865 742 1909 potestas
763 1856 803 1893 in
824 1857 1006 1894 Romana
1025 1853 1156 1893 Curia
1178 1867 1324 1908 magna
1340 1853 1419 1901 sit
1438 1868 1549 1894 eam—

57 1913 148 1954 dem
172 1886 472 1966 piaecedentiae
489 1913 1010 1964 praerogativamtuentur.
1034 1911 1140 1950 Hinc
1165 1884 1420 1967 promulgata
1442 1912 1553 1953 Con

58 1970 268 2013 stitutione
307 1967 533 2009 Innocentii
566 1968 657 2007 XII.
680 1996 692 2014 ‚
724 1983 805 2023 qua
837 1968 1073 2016 Rocchetti‚
1106 1981 1144 2010 et
1181 1969 1349 2026 Cappae
1377 1970 1552 2025 Magnae

57 2045 158 2071 usus
175 2028 323 2070 eisdem
342 2026 655 2081 indulgebatur,
685 2027 859 2082 reliquos
883 2041 1020 2068 omnes
1046 2056 1057 2073 ‚
1095 2029 1282 2069 eumdem
1318 2043 1433 2070 usum
1466 2045 1550 2071 non

56 2089 253 2131 habentes
278 2119 290 2136 ,
319 2087 551 2143 praecedere
599 2100 818 2142 εερεηιηῐε,
849 2098 886 2127 et
915 2087 1100 2139 quamvis
1135 2099 1234 2129 tunc
1268 2089 1455 2153 temporis
1484 2091 1553 2130 Sa-

58 2163 218 2191 crarum
241 2144 619 2202 Congregationum
637 2145 841 2187 Secretarii
861 2145 1006 2187 dictam
1026 2148 1215 2202 praecede
1222 2161 1346 2189 nttam
1369 2146 1441 2188 illis
1459 2163 1554 2189 con-

58 2207 219 2249 tendere
242 2207 352 2263 quod
360 2205 505 2245 amodo
537 2204 900 2253 demonstrassent,
935 2219 995 2246 res
1028 2218 1160 2246 tamen
1196 2206 1300 2246 illico
1329 2208 1551 2263 composita

61 2265 138 2309 fuit
155 2280 318 2322 praevio
352 2266 450 2305 Pon
458 2263 554 2306 ificis
575 2263 781 2312 Oraculo‚
795 2280 842 2305 c(
848 2264 1002 2305 mniisso
1023 2263 1353 2307 Eminentissimo
1372 2267 1552 2307 Domino

63 2325 272 2366 Cardinali
297 2324 373 2378 Sps»
380 2324 428 2363 du
447 2324 685 2386 Signaturae
707 2323 885 2370 iustitiae
926 2323 1201 2387 Propraefecto
1218 2356 1230 2373 ,
1269 2338 1354 2376 quo
1373 2324 1552 2365 declara-

61 2382 118 2426 vit
141 2383 430 2424 Referendariis
452 2379 703 2423 Votantibus
719 2380 1040 2438 praecedentiam
1058 2395 1278 2436 competere
1304 2382 1343 2424 vi
1365 2382 1550 2425 laudatae

64 2441 380 2487 Constitutionis
398 2442 515 2486 etiam
549 2455 673 2499 supra
707 2440 1085 2498 Congregationum
1107 2438 1369 2487 Secretarios:
1403 2443 1552 2484 etFat-

1438 2500 1553 2542 tinel*
