1993 3195
174 294 489 340 Laudatissimus
506 294 761 338 Mabillonius
781 296 828 338 de
849 295 1143 339 Referend‘ariis
1161 294 1305 339 diserte
1322 302 1474 349 scripsit
1493 333 1505 352 ,
1521 258 1564 344 131

87 356 253 414 Imperio
271 354 468 396 Orientali
487 369 554 396 eos
573 355 691 397 etiarn
707 354 876 398 extitisse
895 385 913 404 ,,
940 355 1011 409 qui
1052 369 1183 412 preces
1202 351 1432 414 supplicufn
1449 362 1565 402 Prin-

85 414 161 471 cipi
192 414 417 456 referebant
450 428 498 456 ex
530 414 764 457 auctoritate
798 413 979 471 Procopii
1011 413 1052 456 in
1084 414 1296 456 Anecdotis
1328 446 1342 466 ,
1375 430 1413 466 et
1445 419 1566 463 Com.

81 473 311 516 mentatoris
343 473 512 514 Notitiae
545 473 701 529 Imperii
727 488 810 531 cap.
831 487 900 529 97.
923 503 935 522 ‚
968 473 1040 530 qui
1074 472 1127 515 ita
1161 486 1347 524 testatur,
1378 477 1445 532 qui
1463 478 1564 519 Scri-

79 531 185 573 nium
201 530 490 587 dispositionum
508 533 725 575 tractabant
739 563 751 582 ‚
769 531 1036 587 Referenclorii
1053 534 1315 584 vocabantur-3
1352 548 1389 576 et
1413 536 1464 576 ad
1496 551 1566 576 eo*

80 603 172 631 rum
198 589 369 631 formam
403 591 542 648 Stirpis
576 590 781 634 francicae
804 593 928 648 Reges
957 592 1291 634 Referendarium
1322 593 1534 636 instituisse
1553 627 1567 644 ,

79 663 204 706 penes
221 663 342 705 quern
360 650 504 698 anuli,
530 652 615 694 sive.
629 650 741 708 sigilli
768 649 880 707 Regii
899 651 1080 693 custodia
1111 665 1194 694 erat
1212 679 1224 698 ,
1252 666 1303 694 ac·
1319 667 1447 694 unum
1471 654 1567 695 fuis-

78 721 118 749 se
149 709 357 765 Sigonern,
391 709 462 764 qui
481 710 652 751 anulum
679 710 795 767 Regis
815 710 1017 766 Sigeberti
1045 710 1175 752 tenuit
1195 724 1359 752 auctore
1383 713 1566 770 Gregorio

82 766 298 811 Turonensi
317 767 384 809 lib.
405 779 442 822 5-
465 783 547 826 cap.
572 782 613 810 2.
649 800 659 812 .
698 770 741 810 ln
771 769 951 812 Archivo
970 769 1108 816 Jacoln·
1130 768 1338 812 Wenclieri
1366 772 1536 814 habetur
1554 801 1568 820 ‚

77 824 282 884 Principes
315 828 622 872 Beneventanos
668 828 802 870 seculo
841 828 951 870 vlu.
987 828 1322 871 Referendarium
1354 829 1569 880 habuisse,

78 886 150 940 qui
183 885 400 929 scribenda
426 888 642 945 diplomata
678 887 851 930 Notario
889 885 1098 936 dictabat,
1129 901 1168 931 et
1188 904 1236 931 ex
1270 889 1445 947 Ughellio
1470 889 1571 946 (ι),

80 947 131 988 ab
165 945 341 1002 ipsismet
359 947 661 989 Referendariis»
685 947 903 1005 diplomata
933 946 1158 1003 subscripta
1188 947 1310 989 fuisse
1329 980 1342 997 ,
1379 962 1536 989 constat
1556 978 1566 988 .

198 1004 391 1046 Eamdem
425 1006 697 1047 Referendarii
726 1006 967 1062 dignitatem,
981 1006 1225 1056 obtinuisse,
1253 1008 1273 1048 a
1289 1006 1356 1047 Du
1372 1007 1508 1048 Fresne
1527 1007 1577 1047 in.

79 1062 226 1103 Lexico
261 1063 477 1101 edocemur
492 1091 512 1109 ‚,
539 1064 651 1116 apud
671 1065 793 1115 Reges
826 1063 1194 1116 Anglo-Saxones,
1221 1065 1481 1120 chartamque
1511 1079 1574 1107 re-

79 1118 154 1162 fert
173 1119 271 1160 anni
302 1117 424 1172 605.‚
451 1119 561 1175 apud
587 1119 794 1174 Spelmann
811 1133 823 1167 ;
840 1130 878 1159 et
901 1119 1011 1173 apud
1031 1119 1252 1159 Guibertum
1278 1122 1350 1174 (2)
1367 1123 1485 1161 etiam
1520 1123 1574 1164 ita

80 1177 249 1233 legitur:
269 1177 500 1220 Gualclricus
516 1175 1326 1235 Episcopus-LugdunensisRefhrerzdarius
1346 1177 1468 1235 Regis
1487 1181 1574 1221 An-

76 1238 170 1297 glice
185 1269 194 1278 .
209 1237 256 1279 In
278 1237 448 1279 Ditione
466 1240 634 1286 veneta,
650 1251 688 1279 et
708 1236 928 1294 praesertim
949 1235 1115 1285 Patavii,
1129 1236 1575 1293 D.Fi·anciscusjunior

81 1297 132 1340 de
146 1297 324 1340 carrara
345 1327 361 1344 ,,
382 1310 550 1340 octavus
569 1297 728 1339 Patavii
748 1295 986 1346 Dominus,
1006 1295 1316 1337 Referendarios
1344 1310 1489 1339 novem
1501 1311 1574 1355 pro

80 1356 263 1413 qualibet
285 1356 449 1413 regione
477 1355 667 1400 Civitatis
703 1355 918 1413 deputavit
958 1355 1016 1397 ad>
1037 1354 1295 1412 recipiendas.
1317 1355 1576 1412 supplicatio-

79 1431 149 1458 nes
165 1450 177 1468 ,
191 1430 229 1459 et
244 1417 432 1473 querelas*
449 1416 710 1473 porrigendas
727 1416 799 1474 ipsi
819 1414 1002 1457 Domino
1016 1446 1036 1465 ,Α
1048 1429 1195 1471 eosque
1215 1413 1370 1456 nullam
1384 1414 1578 1457 habuisse

77 1476 403 1525 ,iurisdictionem
422 1508 434 1526 ‚
468 1475 534 1516 sed
571 1475 777 1533 negotium
807 1474 994 1531 simplicis
1026 1474 1272 1532 receptionis.
1307 1473 1577 1531 S'upplicatio-

78 1550 207 1583 num,
241 1536 380 1578 asserit·
413 1536 589 1593 Angelus
615 1535 660 1576 int
698 1534 873 1577 Consiliis
899 1534 996 1591 (3),
1024 1547 1062 1577 et
1084 1534 1220 1576 sefert-
1247 1532 1469 1575 cardinalis:
1494 1533 1584 1574 Tu-

77 1598 184 1640 scbus
214 1596 287 1654 (4)
307 1626 322 1643 ‚
349 1595 511 1637 d'umtde
541 1594 836 1637 Referendariis
862 1595 1022 1636 Sanctae
1039 1593 1179 1642 Sedis,
1204 1607 1427 1648 eorumque
1445 1593 1583 1638 Iuris-¹

79 1655 259 1698 dictione
281 1655 400 1697 etiam
427 1668 651 1697 sermonem
678 1653 884 1696 instituit.
904 1653 953 1697 Et
979 1653 1021 1694 in
1044 1655 1184 1709 Regno
1217 1652 1386 1694 demum
1412 1653 1579 1709 Neapo-

77 1714 202 1756 litano
223 1744 236 1762 ,
269 1715 366 1756 dum
384 1715 554 1771 publicis
584 1716 704 1757 rebus
735 1712 943 1755 consuluit
977 1711 1326 1754 Clementissimus
1358 1713 1471 1760 Rex,
1503 1725 1579 1752 no-

77 1788 175 1817 vum
201 1773 434 1822 Tribunal,
467 1773 714 1815 Commercii
747 1772 988 1829 appellatum
1009 1802 1022 1820 ‚
1058 1771 1280 1826 erigendo,
1315 1770 1579 1817 Praefectum,

79 1830 159 1873 sive
190 1831 475 1871 Praesidentem
505 1831 757 1884 designavit,
783 1830 854 1882 qui
889 1843 1088 1881 tanquam
1119 1827 1312 1867 omniurn
1342 1826 1486 1881 Caput
1516 1827 1580 1866 di-

79 1888 220 1944 rigeret
236 1917 249 1935 ,
278 1900 319 1927 et
343 1887 582 1932 ordinaret„
606 1899 703 1938 quae
731 1884 886 1923 adrem
911 1886 1053 1924 melius
1074 1885 1204 1922 facere
1233 1882 1471 1923 viderentur
1489 1915 1502 1932 ,
1532 1899 1578 1927 ac

79 1943 417 1990 Referendatium
443 1941 629 1990 addidit,
659 1955 747 1996 quo
761 1939 922 1980 nomine
945 1941 998 1981 ait
1022 1938 1315 1981 eruditissimus
1330 1941 1489 1998 Rapolla
1506 1943 1581 1998 (5)

80 2004 310 2062 intelligitur
332 2003 388 2051 is,
414 2000 486 2057 qui
516 2001 657 2042 referre
674 2030 693 2048 ,
722 2014 766 2041 ac
786 2013 1008 2056 proponere
1048 1998 1090 2039 in
1109 1997 1328 2040 Tribunali
1350 2000 1466 2042 debet
1494 2016 1585 2043 om·

84 2065 150 2107 nia
167 2095 182 2115 ,
217 2078 314 2119 quae
328 2059 506 2103 fortassis
527 2057 749 2103 universali
767 2057 1023 2099 Commercio
1044 2056 1331 2100 existimantur⁴
1345 2059 1576 2115 profutura.

197 2125 446 2165 Nostrorum
478 2121 573 2163 vero
606 2117 986 2160 Referendariorum
1003 2117 1088 2157 duo
1119 2115 1273 2158 deinde·
1302 2131 1497 2175 ceperunt
1517 2134 1580 2162 es-

85 2199 121 2227 se
152 2197 296 2240 genera
311 2213 324 2230 ‚
359 2182 379 2222 ὲ
398 2180 582 2228 duobus,
611 2177 752 2233 nempe
773 2206 785 2223 ‚
818 2177 1073 2233 negotiorum
1095 2175 1393 2231 qualitatibus,
1413 2178 1580 2228 Gratiae,

86 2255 123 2286 et
147 2242 341 2291 Justitiae;
367 2254 403 2283 et
421 2239 596 2295 proinde
613 2238 832 2296 Signatura
859 2235 982 2278 etiam
1014 2234 1143 2279 divisa
1162 2234 1240 2277 fuit
1254 2234 1301 2277 in
1320 2236 1580 2294 Signaturam

1488 2310 1582 2351 gra-

135 2402 187 2438 (1)
211 2401 310 2432 ltaliae
322 2402 422 2432 Sacrae
432 2407 506 2431 tom.
518 2398 609 2430 8-c0l.
627 2399 704 2437 589.
720 2397 795 2430 608.
891 2396 944 2435 (4)
970 2395 1165 2433 Conclus.79.
1176 2394 1283 2426 litt.R.
1299 2392 1392 2424 verbo
1405 2374 1585 2435 Referenda

134 2446 188 2482 (21
211 2445 280 2476 Lib.
299 2455 328 2486 3.
344 2453 409 2487 cap.
425 2445 505 2486 4.de
517 2446 587 2477 vita
598 2454 654 2477 sua
676 2465 685 2473 .
909 2441 961 2479 ts}
984 2441 1066 2477 luris
1085 2439 1187 2482 Regni
1219 2438 1423 2484 Neapolitani
1448 2448 1520 2482 par.
1544 2448 1576 2472 1.

139 2490 192 2532 (3)
216 2488 329 2524 Consil-
350 2499 423 2532 327.
863 2484 921 2519 lih.
937 2495 967 2528 3.
987 2495 1053 2530 cap.
1071 2494 1121 2516 ιο.
