1952 3167
344 317 430 374 276
667 321 741 361 DE
772 321 908 370 ‚itinn
940 312 1283 362 StGNATunAE
1316 321 1571 368 ,tus‘siTIAE

348 378 430 420 ctio
459 377 636 434 neglecta
672 380 819 430 fuerit,
856 381 1031 435 ideoque
1075 381 1211 424 favore
1245 382 1437 423 Ecclesiae
1470 396 1542 437 pro
1579 381 1809 425 liberatione

350 439 690 492 praesumendum
720 440 822 496 (1).
849 441 956 481 ldem
991 453 1119 483 servat
1141 440 1378 495 Signatura,
1412 440 1509 480 dum
1541 440 1631 495 quis
1649 456 1812 483 annuae

347 496 558 552 pensioni-s
581 500 844 542 reservationi
866 499 1138 546 consenserit,
1168 511 1372 538 scutorum
1388 511 1544 562 nempe
1544 511 1735 549 centum,
1752 515 1813 542 su-

347 569 416 611 per
436 555 619 612 pluribus
637 558 874 604 Beneficiis,
889 557 964 598 sibi
983 557 1033 597 ab
1060 570 1145 596 uno
1163 555 1338 596 Titulari
1359 555 1593 610 resignatis,
1625 570 1712 612 post
1730 559 1813 601 oi-b

345 629 433 656 tum
451 616 640 658 antedicti
660 615 935 673 Resignatarii
954 614 1087 671 plures
1107 615 1154 655 de
1188 614 1302 655 dictis
1319 613 1524 656 Beneficiis
1555 613 1704 657 fuerint
1721 632 1808 673 pro·

349 673 421 716 visi
440 705 452 724 ,
487 688 523 716 et
541 676 825 716 pensionarius
842 689 982 716 contra
1001 689 1131 716 unum
1149 673 1415 731 possidentem
1434 673 1485 714 ad
1503 673 1695 730 integram
1712 690 1814 731 pen-

350 731 505 775 sionem
527 749 640 791 agere
669 734 782 784 velit3
805 748 898 775 nam
915 749 988 791 pro
1007 747 1089 775 rata
1109 733 1319 799 quodlibet
1334 732 1578 774 Beneficium
1601 747 1809 790 gravatum

355 804 566 842 censetur,
600 807 636 836 et
651 767 896 860 possidentes
914 809 987 851 pro
1005 806 1087 834 rata
1102 792 1348 850 pensionum
1365 792 1515 835 solvere
1536 806 1754 835 tenentur.

342 856 345 859 '
464 851 690 908 Quando
679 868 759 907 jam
772 854 847 896 lata
867 851 1065 895 sententia
1079 854 1125 894 sit
1138 851 1326 894 adversus
1338 852 1589 916 pensionem,
1603 867 1675 894 nec
1688 853 1806 895 etiam

344 908 432 951 dari
450 912 547 952 solet
562 913 665 951 dicta
703 911 907 960 clausula,
939 911 1036 964 quia
1066 911 1206 952 Pensio
1236 925 1304 966 per
1333 910 1608 951 sententiam
1613 910 1807 980 {ineram

343 968 515 1015 dicitur,
534 981 572 1008 et
591 980 649 1008 res
669 968 820 1023 integra
842 983 924 1008 non
954 981 1036 1016 est·
1068 969 1195 1014 itaut,
1210 968 1494 1009 pensionarius
1512 968 1543 1009 si
1558 956 1723 1012 eafisam
1742 984 1808 1026 ap-

339 1024 573 1081 pellationis
601 1024 793 1067 committi
827 1039 935 1082 petat
958 1058 970 1075 ,
1003 1026 1123 1067 datur
1150 1026 1376 1068 commissio
1393 1025 1588 1083 simplex3
1622 1027 1674 1068 ita
1693 1042 1811 1069 nam·

340 1099 420 1140 que
437 1086 514 1127 sub
532 1083 780 1127 Praefectura
802 1084 961 1127 Ascanii
981 1084 1198 1127 Cartlinalis
1221 1084 1389 1139 Sfoetiae
1414 1086 1602 1128 referente
1624 1085 1811 1145 Canigia-

341 1157 392 1184 ιιο
420 1143 460 1184 in
482 1158 565 1184 una
584 1145 781 1186 Nucerina
797 1144 998 1205 pensionis
1021 1145 1239 1186 resolutum
1261 1145 1376 1186 refert
1406 1144 1693 1187 Marclzesanus
1709 1146 1806 1202 (2);

343 1201 473 1256 quiet
501 1203 600 1244 alios
627 1218 742 1246 casus
770 1217 1008 1253 enumerat,
1041 1202 1085 1244 in
1107 1204 1259 1259 quibus
1278 1204 1493 1259 Signatura
1531 1208 1679 1259 absque
1698 1205 1810 1247 clau-

343 1260 428 1301 sula
443 1289 456 1308 ‚
497 1262 544 1302 de
566 1278 647 1318 qua
667 1264 829 1317 agitur,
859 1263 1064 1304 rescribit·
1055 1295 1067 1311 .,
1102 1263 1222 1303 immo
1241 1262 1446 1303 advertit
1438 1276 1478 1301 m
1500 1262 1811 1303 Commissioni-

342 1319 445 1368 bus,
474 1335 575 1376 quas
594 1335 795 1378 impetrari
818 1320 1145 1376 contingitsuper
1177 1320 1411 1361 reductione
1442 1315 1719 1368 Pensionum,
1753 1321 1812 1362 Si-

341 1391 559 1432 gnaturam
579 1381 788 1422 rescribere
811 1395 904 1422 curn
924 1379 1117 1429 clausula,
1132 1390 1252 1438 prout
1268 1378 1446 1434 dejure,
1463 1390 1500 1422 et
1513 1395 1587 1422 non
1605 1380 1802 1422 retardata

343 1437 526 1478 solutione
546 1439 766 1480 Pensionis.

462 1496 679 1551 Reliquum
698 1510 755 1539 est
773 1526 786 1544 ‚
813 1510 859 1539 ut
877 1498 1317 1547 animadvertamus,'1n
1333 1497 1701 1542 Commissionibus
1720 1500 1808 1556 Ap-

340 1552 631 1610 pellationum,
664 1571 769 1610 quae
792 1558 862 1597 sab
886 1559 1010 1599 banca
1034 1557 1246 1622 signantur
1273 1556 1526 1614 simpliciter,
1558 1571 1594 1598 et
1623 1558 1807 1612 aliquan-

340 1611 395 1652 do
411 1627 464 1653 ex
485 1627 630 1655 natura
648 1614 789 1670 judicii
808 1616 1037 1657 debuissent
1055 1615 1204 1672 signari
1227 1631 1320 1657 curn
1340 1616 1539 1672 aliquibus
1556 1631 1602 1658 ex
1620 1617 1808 1673 supr-adi-

339 1670 412 1712 ctis
425 1672 663 1740 clausulis,et
675 1674 765 1716 Pars
777 1673 941 1716 adversa
955 1675 1334 1733 adcatSignaturam
1347 1690 1417 1731 pro
1432 1675 1668 1716 laceratione
1682 1675 1805 1717 Com-

334 1728 549 1780 missioniS,
563 1732 593 1774 si
613 1733 648 1773 ei
666 1747 749 1774 nou
767 1734 816 1775 sit
831 1734 969 1783 locus,
982 1734 1043 1776 vel
1057 1749 1130 1791 pro
1147 1734 1322 1790 ejusdem
1339 1734 1642 1783 reformatione,
1659 1735 1808 1776 adden-

339 1788 393 1829 do
419 1791 662 1841 clausulam,
696 1805 800 1844 quae
822 1805 905 1834 erat
924 1792 1167 1849 apponenda
1189 1821 1200 1838 ,
1236 1792 1298 1832 illa
1319 1792 1507 1840 rescrlbit,
1522 1793 1681 1834 lacerari
1704 1808 1808 1835 com-

290 1896 292 1899 ,
340 1847 580 1917 missionem,
617 1850 678 1895 vel
708 1850 905 1901 mandat,
924 1865 969 1893 ut
984 1850 1114 1896 Iudex
1128 1852 1329 1910 delegatus
1344 1853 1568 1919 procedat,
1599 1850 1694 1893 acsi
1711 1866 1809 1894 com-

337 1907 467 1950 missio
497 1909 653 1976 signata
677 1908 746 1963 fot
746 1921 790 1952 et
811 1923 899 1952 cum
920 1911 1095 1953 clausula
1124 1911 1284 1952 constito
1303 1942 1316 1961 ,
1347 1912 1454 1967 quod
1486 1911 1535 1952 sit
1562 1911 1671 1953 locus
1690 1912 1807 1969 AEgi-

338 1965 507 2017 dianae,
539 1971 600 2010 vel
614 1985 692 2011 stne
714 1969 957 2027 praejudicio
987 1970 1253 2027 exequutiones
1273 1999 1286 2017 ‚
1323 1971 1385 2010 vel
1418 1968 1542 2020 alias,
1574 1984 1696 2026 prout
1731 1983 1804 2010 ne-

337 2025 491 2079 gotium
505 2029 703 2085 exposcit.
734 2031 847 2070 Dum
877 2041 1011 2071 tamen
1027 2029 1244 2086 Signatura
1269 2029 1449 2086 agnoscit
1466 2028 1800 2070 commissionem

338 2097 438 2126 recte
460 2087 686 2143 expeditam
702 2088 835 2138 fuisse,
853 2089 1033 2131 rescribit
1050 2090 1121 2129 his
1127 2087 1387 2134 verbis,.iil1il
1400 2089 1447 2127 de
1462 2085 1715 2135 laceratione,
1734 2101 1798 2128 sen

339 2140 611 2192 reformatione
627 2145 907 2187 commissionis
931 2147 951 2199 (
961 2159 974 2183 1
983 2145 1035 2198 )

460 2203 546 2243 Hac
568 2217 745 2255 namque
768 2202 976 2250 clausula,
991 2199 1101 2248 nihil,
1120 2200 1247 2243 utitur
1267 2203 1387 2244 etiam
1406 2202 1664 2259 Signatura,
1654 2208 1799 2259 quum

340 2271 502 2299 omnem
516 2260 819 2316 appellationem
838 2257 996 2313 rejicit;
1030 2273 1068 2301 et
1079 2261 1312 2316 praesertim
1330 2262 1498 2316 quando
1519 2262 1648 2305 Tutor
1666 2294 1679 2313 ,
1713 2262 1800 2305 Cu-

341 2329 448 2358 rator
468 2349 480 2367 ,
513 2319 573 2360 vel
593 2319 890 2361 administrator
908 2318 1052 2371 aliquis
1070 2347 1082 2366 ,
1117 2331 1188 2360 aut
1217 2333 1377 2362 exactor
1392 2351 1404 2369 ,
1421 2319 1568 2364 citatus
1587 2352 1600 2371 ,
1617 2336 1656 2364 et
1680 2321 1796 2364 darn-

345 2375 803 2418 natusadreddendam
837 2377 1063 2427 rationem,
1094 2391 1180 2418 evam
1214 2379 1411 2421 retardare
1444 2394 1612 2423 conetur
1631 2394 1701 2438 per
1723 2396 1796 2438 ap-

1712 2440 1796 2497 pel-

393 2548 445 2586 (1]
473 2550 566 2590 G'gas
582 2550 620 2581 de
636 2554 724 2582 Pens.
742 2562 793 2592 qu
814 2550 867 2589 85
882 2561 912 2581 n.
932 2560 961 2591 3
986 2552 1045 2581 Go-
1137 2553 1191 2587 (1)
1214 2553 1261 2582 De
1277 2554 1361 2583 Luca
1390 2551 1493 2584 Relat.
1514 2553 1613 2584 Curiae
1631 2551 1716 2582 -d1'sc.
1734 2522 1795 2591 3-1..

347 2601 422 2624 mes.
440 2603 464 2623 s
466 2601 532 2633 {per
545 2594 643 2635 regul.
666 2594 810 2631 Cantell.
832 2595 870 2625 de
887 2604 946 2626 non
956 2594 1046 2636 judi·
1091 2606 1121 2626 n.
1125 2597 1179 2626 28
1190 2595 1373 2629 Marchesan
1385 2608 1420 2631 us
1436 2597 1474 2632 de
1493 2598 1609 2631 Comm·
1613 2604 1650 2638 p·
1657 2603 1685 2627 2·
1693 2602 1755 2637 ΩΨ
1751 2602 1790 2625 2.-

347 2636 442 2669 cando
469 2639 765 2681 juxtaformamq.
788 2641 838 2669 16.
853 2651 883 2670 n.
903 2639 955 2682 83.
1094 2651 1124 2672 n.
1140 2649 1193 2681 90.
1187 2650 1278 2685 φας
1274 2650 1338 2680 ..25

388 2682 441 2723 (2)
466 2686 512 2716 De
530 2685 741 2718 Commission
743 2684 871 2728 Appell.
887 2695 950 2725 c-4.
963 2693 1001 2727 p.
1013 2693 1044 2717 2.
