1993 3195
585 273 624 314 C
658 272 694 314 A
729 275 756 315 Ρ
791 274 829 315 U
862 273 900 316 T
962 276 991 316 1.
1481 292 1499 319 ι

49 338 249 382 locorum,
280 343 318 374 et
338 345 387 374 ex
404 345 665 388 quacumque
694 347 816 376 causa
853 334 974 376 etiarn
1005 347 1075 390 per
1106 330 1331 388 Synodales
1364 291 1534 378 Consti?

49 393 222 437 tutiones
246 391 418 448 impositi
436 421 449 440 ,
472 391 533 434 vel
553 391 816 448 imponendi,
851 393 998 435 exemit
1013 423 1027 442 ‚
1063 406 1102 435 et
1118 390 1325 439 liberavit;
1356 395 1431 433 sub
1452 410 1542 449 pro-

49 451 221 495 tectione
237 449 346 491 Beati
374 449 474 491 Petri
496 477 510 497 ,
542 463 580 492 et
605 451 643 490 S·
661 448 773 494 Sedis
791 451 994 508 suscepit,
1023 451 1181 508 sibique
1213 449 1439 492 immediate
1464 482 1476 500 ,
1497 467 1541 494 ac

48 511 88 552 S.
106 509 199 551 Sedi
217 506 420 560 subjectos
440 507 659 551 declaravit
679 539 688 549 .

166 567 212 608 In
230 566 367 625 gratiis
393 567 733 624 expectativarum
761 571 911 624 absque
933 568 1066 624 aliqua
1084 568 1299 625 Signatura
1319 567 1544 610 obtinenda

52 625 166 670 iussit
198 641 266 668 eos
280 625 458 683 praeferri
477 655 491 674 ‚
524 639 561 668 et
580 628 694 681 quod
714 628 786 686 ipsi
808 628 860 669 ad
880 627 1206 670 satisfaciendum
1241 626 1542 669 Constitutioni

50 686 98 726 (Ie
111 685 359 743 publicandis
378 685 723 743 acceptationibus
739 719 751 737 ‚
782 700 820 729 et
837 685 1164 743 provisionibus,
1195 702 1240 729 ac
1261 687 1330 729 illis
1356 686 1546 727 intiman-

52 744 114 786 dis
139 744 437 801 possessoribus
465 743 632 786 minime
652 759 871 788 teneantur
887 776 900 794 ,
928 747 1212 787 tantummodo
1247 760 1393 788 novam
1414 743 1547 801 provi·

51 802 207 844 sionem
233 803 379 846 habere
401 804 571 846 debeant
591 805 693 846 a'die
712 804 934 848 vacationis
970 803 1265 847 Beneficiorum
1285 833 1297 851 ,
1335 805 1375 844 in
1395 804 1548 859 quibus

53 861 86 902 si
112 860 232 904 Ordo
259 877 369 905 sacer
408 877 456 905 ex
501 876 649 906 statuto
668 893 682 911 ‚
711 862 954 906 fundatione
972 895 985 914 ,
1020 863 1317 906 consuetudine
1340 893 1352 909 ‚
1377 862 1437 905 vel
1466 861 1550 918 pri-

53 919 196 977 vilegio
224 921 482 976 requiratur,
523 922 690 966 indulsit
738 923 855 965 etiam
890 954 902 972 ,
946 937 996 965 ne
1049 938 1118 980 per
1161 923 1415 980 septennium
1450 923 1469 962 a
1505 919 1551 961 fi-

57 991 107 1018 ne
128 979 258 1028 anni,
301 980 432 1031 aJure
464 981 981 1032 statuti„decurrendum‚
1013 998 1051 1025 se
1071 982 1297 1039 promoveri
1331 981 1456 1021 facere
1490 990 1544 1020 te-

60 1049 238 1077 neantur
261 1066 272 1076 .

174 1091 390 1134 Naturales
411 1092 503 1132 item
517 1106 584 1133 eos
604 1096 821 1135 declaravit
844 1099 1027 1135 omnium
1047 1098 1306 1149 Regnorum,
1332 1094 1548 1136 Dominio-

55 1164 146 1192 rum
164 1180 177 1199 ,
212 1163 250 1192 et
266 1149 574 1191 provinciarum
595 1183 608 1201 ,
637 1151 740 1193 itaut
758 1151 860 1208 ipsi,
890 1153 950 1195 vel
965 1167 1107 1194 eorum
1124 1152 1456 1192 Procuratoresin
1476 1156 1549 1192 Re-

54 1209 169 1267 gnis‚
201 1222 238 1251 et
255 1208 475 1251 Provinciis
501 1209 738 1262 hujusmodi
757 1225 1034 1266 quaecumque
1052 1209 1252 1253 Beneficia
1281 1208 1549 1251 Ecclesiastica

58 1282 152 1311 cum
176 1282 274 1310 cura
296 1296 309 1314 ‚
347 1280 384 1309 et
401 1267 486 1309 sine
505 1283 602 1310 cura
622 1269 801 1312 obtinere
818 1269 980 1313 valeant
995 1302 1008 1319 ,
1044 1285 1088 1312 ac
1119 1269 1150 1311 si
1185 1268 1380 1317 oriundi,
1407 1281 1444 1309 et
1464 1267 1548 1309 nati

59 1326 102 1367 in
122 1326 194 1368 illis
211 1337 365 1369 essent.
399 1327 470 1376 Et,
489 1327 520 1368 si
544 1327 754 1384 contigerit
771 1343 838 1371 eos
871 1331 1050 1372 absentes
1077 1343 1158 1370 esse
1185 1327 1386 1369 Pontificis
1419 1324 1548 1377 iussn,

57 1385 118 1452 vel
143 1385 266 1427 studii
287 1385 495 1427 occasione
514 1417 528 1434 ‚
555 1388 669 1442 quod
686 1387 728 1428 in
763 1387 943 1430 absentia
972 1387 1265 1430 Beneficiorum
1293 1386 1450 1428 fructus
1467 1399 1550 1442 per-

61 1459 188 1502 cipere
209 1458 362 1500 possmt
382 1474 394 1492 ‚
428 1446 622 1488 concessit
640 1476 650 1488 .

178 1501 426 1546 Confessarii
457 1504 688 1547 electionem
705 1505 870 1549 indulsit
887 1537 899 1556 ,
934 1506 1006 1562 qui
1023 1506 1065 1546 in
1087 1505 1244 1548 casibus
1262 1505 1301 1544 S.
1318 1503 1408 1545 Sedi
1427 1517 1552 1544 reser-

59 1562 190 1613 vatis,
226 1562 426 1618 aliquibus
456 1564 654 1620 exceptis,
691 1580 735 1608 ac
766 1566 884 1608 etiam
912 1565 954 1606 in
989 1565 1179 1607 omnibus
1213 1563 1330 1605 Votis
1362 1591 1373 1609 ,
1409 1575 1551 1619 praeter

59 1620 318 1665 Visitationis
337 1621 484 1664 liminis
498 1622 788 1681 Apostolorum
804 1655 816 1674 ,
829 1624 1140 1667 ultramarinum
1151 1625 1188 1665 S.
1208 1621 1348 1676 Jacobi
1366 1621 1408 1661 in
1426 1620 1552 1662 Com-

60 1681 222 1739 postella
240 1713 252 1730 ‚
270 1679 480 1724 Castitatis
495 1710 522 1738 L
544 1697 588 1725 ac
608 1683 825 1740 Religionis
841 1716 853 1733 ,
882 1684 1083 1727 absolvere
1098 1714 1111 1732 ,
1142 1696 1178 1724 et
1194 1692 1439 1723 commutare
1466 1694 1553 1736 pos-

61 1740 140 1782 sint
158 1771 169 1781 .
207 1740 452 1784 Facultatem
471 1741 635 1799 insuper
660 1743 808 1785 eisdem
836 1743 945 1785 dedit
983 1742 1160 1784 habendi
1177 1740 1316 1782 Altare
1346 1737 1551 1795 portatile,

63 1810 101 1838 et
117 1799 346 1840 celebrandi
366 1800 408 1838 in
427 1800 550 1844 locis,
583 1802 798 1842 Interdicto
828 1801 1100 1842 Ecclesiastico
1133 1798 1368 1853 suppositis,
1410 1793 1550 1835 Indul-

62 1855 217 1912 gentias
245 1854 477 1896 Stationum
510 1855 658 1905 Urbis,
686 1857 890 1899 visitando
907 1857 1055 1897 Altaria
1084 1870 1154 1912 per
1176 1855 1398 1910 semetiptos
1413 1853 1559 1908 eligen-

64 1912 146 1962 da;
178 1912 371 1953 carnibus
390 1942 402 1960 ,
431 1922 478 1950 ut
493 1913 596 1952 vesci
628 1913 781 1966 possint
809 1914 952 1953 diebus
970 1911 1129 1960 vetitis;
1160 1924 1198 1953 et
1212 1911 1450 1952 Canonicas
1478 1912 1555 1951 ho-

63 1985 128 2013 ras
158 1969 384 2027 postpositis
417 1968 526 2010 horis
558 1969 745 2019 recitare;
779 1970 990 2025 testarique
1009 1969 1125 2011 etiam
1144 1970 1190 2010 de
1229 1969 1345 2012 bonis
1374 1968 1557 2024 adquisi-

66 2029 116 2072 tis
132 2044 181 2072 ex
199 2029 394 2071 reditibus
422 2027 714 2070 Beneficiorum
730 2032 742 2076 ,“
769 2042 891 2085 prout
919 2027 1142 2071 Auditores
1162 2030 1306 2077 Rotae3
1334 2027 1555 2083 eademque

66 2088 264 2132 Beneficia
297 2086 527 2144 resignandi
560 2115 573 2134 ‚
604 2102 648 2129 ac
686 2087 982 2145 permutandi.
1019 2087 1142 2139 Jussit
1169 2088 1331 2128 demum
1364 2086 1554 2128 laudatus

70 2147 278 2191 Pontifex,
328 2147 444 2201 quod
471 2145 820 2189 Referendariatus
842 2146 1021 2188 officium
1055 2145 1173 2189 duret
1190 2146 1329 2202 quoad
1347 2146 1549 2191 vixerint,

33 2220 111 2259 Xet
127 2202 258 2265 primi>
287 2205 446 2248 admissi
478 2205 627 2248 caeteris
644 2206 911 2263 praeferantur
926 2237 935 2246 .

185 2265 242 2308 At
258 2264 362 2308 inter
383 2265 572 2307 recensita
587 2265 789 2321 privilegia
803 2264 1007 2307 nonnulla
1026 2277 1232 2306 retractata
1247 2263 1556 2320 deprehendun-

77 2334 142 2365 tur
158 2353 172 2372 ,
202 2338 325 2380 prout
354 2338 452 2367 sunt
468 2324 684 2381 praesertim
704 2324 946 2380 dispensatio
969 2323 1148 2365 defectus
1168 2323 1363 2364 natalium
1379 2351 1392 2370 ,
1428 2333 1556 2362 reten-

74 2381 130 2424 tio
168 2383 453 2425 beneficiorum
485 2382 843 2439 incompatibiliurn
861 2412 873 2429 ,
902 2382 1174 2423 Notariorum
1200 2380 1346 2421 creatio
1366 2411 1378 2430 ,
1418 2394 1463 2420 ac
1498 2379 1558 2419 di-

75 2441 240 2497 spositio
265 2457 433 2485 suorum
459 2441 750 2483 Beneficiorum
766 2473 777 2490 ‚
804 2442 916 2497 quod
934 2443 954 2482 ὲ
988 2440 1134 2496 Regula
1166 2438 1277 2482 XIV.
1314 2437 1557 2481 cancellariae

75 2499 167 2542 satis
196 2500 404 2556 perspicue
425 2500 671 2543 innotescit.
708 2502 758 2544 Et
777 2500 964 2557 quamvis
987 2511 1076 2541 ante
1112 2497 1393 2542 Pontificatum
1430 2504 1560 2542 Bene-

1024 2556 1062 2599 C
1099 2570 1124 2598 2
1502 2556 1561 2597 di-
