<?xml version="1.0" encoding="UTF-8"?>
<!DOCTYPE html PUBLIC "-//W3C//DTD XHTML 1.0 Transitional//EN"
    "http://www.w3.org/TR/xhtml1/DTD/xhtml1-transitional.dtd">
<html xmlns="http://www.w3.org/1999/xhtml" xml:lang="en" lang="en">
 <head>
  <title>
</title>
<meta http-equiv="Content-Type" content="text/html;charset=utf-8" />
  <meta name='ocr-system' content='tesseract 3.04.00' />
  <meta name='ocr-capabilities' content='ocr_page ocr_carea ocr_par ocr_line ocrx_word'/>
</head>
<body>
  <div class='ocr_page' id='page_1' title='image "./dejuresignaturae00vita_0451.png"; bbox 0 0 1993 3195; ppageno 0'>
   <div class='ocr_carea' id='block_1_1' title="bbox 153 340 1658 2279">
    <p class='ocr_par' dir='ltr' id='par_1_1' title="bbox 153 340 1650 1153">
     <span class='ocr_line' id='line_1_1' title="bbox 640 340 1625 389; baseline 0.002 -14"><span class='ocrx_word' id='word_1_1' title='bbox 640 341 671 375; x_wconf 79' lang='lat' dir='ltr'>A</span> <span class='ocrx_word' id='word_1_2' title='bbox 709 340 735 372; x_wconf 89' lang='grc' dir='ltr'>Ρ</span> <span class='ocrx_word' id='word_1_3' title='bbox 775 340 800 373; x_wconf 89' lang='grc' dir='ltr'>Ρ</span> <span class='ocrx_word' id='word_1_4' title='bbox 841 341 864 374; x_wconf 90' lang='lat' dir='ltr'>E</span> <span class='ocrx_word' id='word_1_5' title='bbox 902 342 934 374; x_wconf 90' lang='lat' dir='ltr'>N</span> <span class='ocrx_word' id='word_1_6' title='bbox 975 342 1010 375; x_wconf 90' lang='lat' dir='ltr'>D</span> <span class='ocrx_word' id='word_1_7' title='bbox 1049 342 1065 376; x_wconf 86' lang='lat'>1</span> <span class='ocrx_word' id='word_1_8' title='bbox 1099 341 1128 376; x_wconf 87' lang='lat' dir='ltr'><strong>X</strong></span> <span class='ocrx_word' id='word_1_9' title='bbox 1556 350 1625 389; x_wconf 86' lang='lat'>147</span> 
     </span>
     <span class='ocr_line' id='line_1_2' title="bbox 157 385 1639 434; baseline 0.001 -13"><span class='ocrx_word' id='word_1_10' title='bbox 157 385 395 432; x_wconf 80' lang='lat' dir='ltr'>exigendarum</span> <span class='ocrx_word' id='word_1_11' title='bbox 433 386 601 430; x_wconf 80' lang='lat' dir='ltr'>particeps</span> <span class='ocrx_word' id='word_1_12' title='bbox 636 397 707 420; x_wconf 87' lang='lat' dir='ltr'>esse</span> <span class='ocrx_word' id='word_1_13' title='bbox 724 388 861 422; x_wconf 80' lang='lat' dir='ltr'>deberet</span> <span class='ocrx_word' id='word_1_14' title='bbox 881 412 890 427; x_wconf 95' lang='lat'>‚</span> <span class='ocrx_word' id='word_1_15' title='bbox 930 389 1086 423; x_wconf 86' lang='lat' dir='ltr'>detractis</span> <span class='ocrx_word' id='word_1_16' title='bbox 1116 388 1209 434; x_wconf 86' lang='lat' dir='ltr'>prius</span> <span class='ocrx_word' id='word_1_17' title='bbox 1225 387 1381 433; x_wconf 80' lang='lat' dir='ltr'>expensis</span> <span class='ocrx_word' id='word_1_18' title='bbox 1421 388 1599 424; x_wconf 84' lang='lat' dir='ltr'>l&#39;rocessus</span> <span class='ocrx_word' id='word_1_19' title='bbox 1627 401 1639 418; x_wconf 67' lang='grc' dir='ltr'><strong>ν</strong></span> 
     </span>
     <span class='ocr_line' id='line_1_3' title="bbox 155 433 1643 481; baseline 0.001 -10"><span class='ocrx_word' id='word_1_20' title='bbox 155 435 295 478; x_wconf 79' lang='lat' dir='ltr'>aliisque</span> <span class='ocrx_word' id='word_1_21' title='bbox 312 434 350 468; x_wconf 90' lang='lat' dir='ltr'>ad</span> <span class='ocrx_word' id='word_1_22' title='bbox 372 433 614 469; x_wconf 80' lang='lat' dir='ltr'>Cancellarlam</span> <span class='ocrx_word' id='word_1_23' title='bbox 647 434 893 478; x_wconf 90' lang='lat' dir='ltr'>pertinentibus</span> <span class='ocrx_word' id='word_1_24' title='bbox 923 446 1056 479; x_wconf 82' lang='lat' dir='ltr'>semper</span> <span class='ocrx_word' id='word_1_25' title='bbox 1082 448 1144 481; x_wconf 90' lang='lat' dir='ltr'>pro</span> <span class='ocrx_word' id='word_1_26' title='bbox 1163 437 1344 471; x_wconf 83' lang='lat' dir='ltr'>medietate</span> <span class='ocrx_word' id='word_1_27' title='bbox 1374 436 1597 472; x_wconf 83' lang='lat' dir='ltr'>dividendis</span> <span class='ocrx_word' id='word_1_28' title='bbox 1589 450 1643 472; x_wconf 84' lang='lat' dir='ltr'>in·</span> 
     </span>
     <span class='ocr_line' id='line_1_4' title="bbox 153 482 1641 528; baseline 0.001 -10"><span class='ocrx_word' id='word_1_29' title='bbox 153 492 206 518; x_wconf 83' lang='lat' dir='ltr'>ter</span> <span class='ocrx_word' id='word_1_30' title='bbox 235 482 484 518; x_wconf 81' lang='lat' dir='ltr'>Cancellarium</span> <span class='ocrx_word' id='word_1_31' title='bbox 513 482 713 517; x_wconf 84' lang='lat' dir='ltr'>Comissarii</span> <span class='ocrx_word' id='word_1_32' title='bbox 730 506 740 522; x_wconf 89' lang='lat'>,</span> <span class='ocrx_word' id='word_1_33' title='bbox 766 492 798 517; x_wconf 91' lang='lat' dir='ltr'>et</span> <span class='ocrx_word' id='word_1_34' title='bbox 818 484 1007 528; x_wconf 83' lang='lat' dir='ltr'>respective</span> <span class='ocrx_word' id='word_1_35' title='bbox 1033 484 1254 519; x_wconf 75' lang='lat' dir='ltr'>Secretarium</span> <span class='ocrx_word' id='word_1_36' title='bbox 1289 485 1554 520; x_wconf 82' lang='lat' dir='ltr'>Communitatis</span> <span class='ocrx_word' id='word_1_37' title='bbox 1583 487 1641 520; x_wconf 89' lang='lat' dir='ltr'>hu-</span> 
     </span>
     <span class='ocr_line' id='line_1_5' title="bbox 154 531 1649 580; baseline 0.002 -14"><span class='ocrx_word' id='word_1_38' title='bbox 154 532 324 573; x_wconf 79' lang='lat' dir='ltr'>iusmodi3</span> <span class='ocrx_word' id='word_1_39' title='bbox 355 541 454 576; x_wconf 85' lang='lat' dir='ltr'>atque</span> <span class='ocrx_word' id='word_1_40' title='bbox 472 531 609 576; x_wconf 80' lang='lat' dir='ltr'>insuper</span> <span class='ocrx_word' id='word_1_41' title='bbox 638 531 835 571; x_wconf 83' lang='lat' dir='ltr'>mandavit,</span> <span class='ocrx_word' id='word_1_42' title='bbox 865 541 901 566; x_wconf 89' lang='lat' dir='ltr'>ut</span> <span class='ocrx_word' id='word_1_43' title='bbox 915 533 1024 577; x_wconf 86' lang='lat' dir='ltr'>quoad</span> <span class='ocrx_word' id='word_1_44' title='bbox 1042 531 1186 578; x_wconf 83' lang='lat' dir='ltr'>reliquas</span> <span class='ocrx_word' id='word_1_45' title='bbox 1207 542 1274 568; x_wconf 87' lang='lat' dir='ltr'>tres</span> <span class='ocrx_word' id='word_1_46' title='bbox 1298 542 1414 577; x_wconf 85' lang='lat' dir='ltr'>partes</span> <span class='ocrx_word' id='word_1_47' title='bbox 1430 557 1440 573; x_wconf 90' lang='lat'>,</span> <span class='ocrx_word' id='word_1_48' title='bbox 1479 534 1511 568; x_wconf 91' lang='lat' dir='ltr'>id</span> <span class='ocrx_word' id='word_1_49' title='bbox 1531 558 1542 574; x_wconf 90' lang='lat'>,</span> <span class='ocrx_word' id='word_1_50' title='bbox 1557 536 1649 580; x_wconf 90' lang='lat' dir='ltr'>quod</span> 
     </span>
     <span class='ocr_line' id='line_1_6' title="bbox 155 579 1650 628; baseline 0.001 -12"><span class='ocrx_word' id='word_1_51' title='bbox 155 593 248 617; x_wconf 83' lang='lat' dir='ltr'>antea</span> <span class='ocrx_word' id='word_1_52' title='bbox 264 579 334 616; x_wconf 84' lang='lat' dir='ltr'>fieri</span> <span class='ocrx_word' id='word_1_53' title='bbox 358 588 606 619; x_wconf 80' lang='lat' dir='ltr'>consueverat,</span> <span class='ocrx_word' id='word_1_54' title='bbox 631 579 835 624; x_wconf 78' lang='lat' dir='ltr'>inposterum</span> <span class='ocrx_word' id='word_1_55' title='bbox 854 592 992 626; x_wconf 86' lang='lat' dir='ltr'>quoque</span> <span class='ocrx_word' id='word_1_56' title='bbox 1007 591 1093 616; x_wconf 89' lang='lat' dir='ltr'>esset</span> <span class='ocrx_word' id='word_1_57' title='bbox 1116 583 1343 627; x_wconf 83' lang='lat' dir='ltr'>peragendum</span> <span class='ocrx_word' id='word_1_58' title='bbox 1367 606 1377 622; x_wconf 90' lang='lat'>,</span> <span class='ocrx_word' id='word_1_59' title='bbox 1399 594 1434 617; x_wconf 86' lang='lat' dir='ltr'>ac</span> <span class='ocrx_word' id='word_1_60' title='bbox 1455 583 1533 618; x_wconf 84' lang='lat' dir='ltr'>alias</span> <span class='ocrx_word' id='word_1_61' title='bbox 1550 591 1650 628; x_wconf 82' lang='lat' dir='ltr'>prout</span> 
     </span>
     <span class='ocr_line' id='line_1_7' title="bbox 155 627 1650 674; baseline 0.001 -9"><span class='ocrx_word' id='word_1_62' title='bbox 155 630 187 665; x_wconf 89' lang='lat' dir='ltr'>in</span> <span class='ocrx_word' id='word_1_63' title='bbox 206 629 308 673; x_wconf 86' lang='lat' dir='ltr'>ipsius</span> <span class='ocrx_word' id='word_1_64' title='bbox 338 627 527 663; x_wconf 82' lang='lat' dir='ltr'>Marcellini</span> <span class='ocrx_word' id='word_1_65' title='bbox 562 628 717 662; x_wconf 78' lang='lat' dir='ltr'>Praesidis</span> <span class='ocrx_word' id='word_1_66' title='bbox 736 629 855 664; x_wconf 85' lang='lat' dir='ltr'>Literis</span> <span class='ocrx_word' id='word_1_67' title='bbox 887 629 1055 674; x_wconf 75' lang='lat' dir='ltr'>praedictis</span> <span class='ocrx_word' id='word_1_68' title='bbox 1085 630 1139 664; x_wconf 90' lang='lat' dir='ltr'>die</span> <span class='ocrx_word' id='word_1_69' title='bbox 1154 631 1249 665; x_wconf 84' lang='lat' dir='ltr'><strong>XIII.</strong></span> <span class='ocrx_word' id='word_1_70' title='bbox 1270 631 1380 666; x_wconf 86' lang='lat' dir='ltr'>Martii</span> <span class='ocrx_word' id='word_1_71' title='bbox 1414 632 1561 671; x_wconf 82' lang='lat' dir='ltr'>eiusdem</span> <span class='ocrx_word' id='word_1_72' title='bbox 1579 633 1650 667; x_wconf 85' lang='lat' dir='ltr'>An-</span> 
     </span>
     <span class='ocr_line' id='line_1_8' title="bbox 155 676 1639 725; baseline 0.001 -11"><span class='ocrx_word' id='word_1_73' title='bbox 155 681 187 714; x_wconf 89' lang='lat' dir='ltr'>ni</span> <span class='ocrx_word' id='word_1_74' title='bbox 218 677 442 712; x_wconf 86' lang='lat' dir='ltr'><strong>MDCXCII.</strong></span> <span class='ocrx_word' id='word_1_75' title='bbox 475 676 607 723; x_wconf 85' lang='lat' dir='ltr'>scriptis</span> <span class='ocrx_word' id='word_1_76' title='bbox 633 702 643 717; x_wconf 89' lang='lat'>‚</span> <span class='ocrx_word' id='word_1_77' title='bbox 672 689 814 722; x_wconf 79' lang='lat' dir='ltr'>quarum</span> <span class='ocrx_word' id='word_1_78' title='bbox 844 687 998 713; x_wconf 85' lang='lat' dir='ltr'>tenorem</span> <span class='ocrx_word' id='word_1_79' title='bbox 1028 679 1247 723; x_wconf 82' lang='lat' dir='ltr'>praesentibus</span> <span class='ocrx_word' id='word_1_80' title='bbox 1280 690 1342 725; x_wconf 82' lang='lat' dir='ltr'>pro</span> <span class='ocrx_word' id='word_1_81' title='bbox 1371 679 1466 724; x_wconf 85' lang='lat' dir='ltr'>plene</span> <span class='ocrx_word' id='word_1_82' title='bbox 1484 705 1494 721; x_wconf 89' lang='lat'>‚</span> <span class='ocrx_word' id='word_1_83' title='bbox 1522 690 1553 716; x_wconf 86' lang='lat' dir='ltr'>et</span> <span class='ocrx_word' id='word_1_84' title='bbox 1570 680 1639 716; x_wconf 87' lang='lat' dir='ltr'>suf-</span> 
     </span>
     <span class='ocr_line' id='line_1_9' title="bbox 156 725 1641 773; baseline 0.001 -10"><span class='ocrx_word' id='word_1_85' title='bbox 156 728 306 764; x_wconf 86' lang='lat' dir='ltr'>ficienter</span> <span class='ocrx_word' id='word_1_86' title='bbox 330 737 514 769; x_wconf 86' lang='lat' dir='ltr'>expresso,</span> <span class='ocrx_word' id='word_1_87' title='bbox 555 735 585 760; x_wconf 87' lang='lat' dir='ltr'>et</span> <span class='ocrx_word' id='word_1_88' title='bbox 608 725 730 760; x_wconf 88' lang='lat' dir='ltr'>inserto</span> <span class='ocrx_word' id='word_1_89' title='bbox 759 727 870 761; x_wconf 87' lang='lat' dir='ltr'>haberi</span> <span class='ocrx_word' id='word_1_90' title='bbox 899 727 1056 762; x_wconf 87' lang='lat' dir='ltr'>volumus</span> <span class='ocrx_word' id='word_1_91' title='bbox 1073 751 1083 766; x_wconf 87' lang='lat'><em>‚</em></span> <span class='ocrx_word' id='word_1_92' title='bbox 1124 727 1254 773; x_wconf 81' lang='lat' dir='ltr'>plenius</span> <span class='ocrx_word' id='word_1_93' title='bbox 1295 730 1514 764; x_wconf 86' lang='lat' dir='ltr'>continetur.</span> <span class='ocrx_word' id='word_1_94' title='bbox 1537 730 1641 764; x_wconf 71' lang='lat' dir='ltr'>Dein-</span> 
     </span>
     <span class='ocr_line' id='line_1_10' title="bbox 155 774 1646 820; baseline 0.001 -8"><span class='ocrx_word' id='word_1_95' title='bbox 155 779 196 812; x_wconf 87' lang='lat' dir='ltr'>de</span> <span class='ocrx_word' id='word_1_96' title='bbox 228 786 306 810; x_wconf 88' lang='lat' dir='ltr'>vero</span> <span class='ocrx_word' id='word_1_97' title='bbox 326 774 483 819; x_wconf 59' lang='lat' dir='ltr'>praedicta</span> <span class='ocrx_word' id='word_1_98' title='bbox 510 775 621 809; x_wconf 84' lang='lat' dir='ltr'>omnia</span> <span class='ocrx_word' id='word_1_99' title='bbox 663 775 709 809; x_wconf 81' lang='lat' dir='ltr'>sic</span> <span class='ocrx_word' id='word_1_100' title='bbox 742 784 778 809; x_wconf 88' lang='lat' dir='ltr'>ut</span> <span class='ocrx_word' id='word_1_101' title='bbox 797 777 974 820; x_wconf 59' lang='lat' dir='ltr'>praefertur</span> <span class='ocrx_word' id='word_1_102' title='bbox 1001 788 1018 809; x_wconf 86' lang='lat' dir='ltr'>a</span> <span class='ocrx_word' id='word_1_103' title='bbox 1047 786 1233 811; x_wconf 83' lang='lat' dir='ltr'>memorato</span> <span class='ocrx_word' id='word_1_104' title='bbox 1268 776 1479 813; x_wconf 65' lang='lat' dir='ltr'>Marcellinoe</span> <span class='ocrx_word' id='word_1_105' title='bbox 1497 779 1646 814; x_wconf 83' lang='lat' dir='ltr'>Praeside</span> 
     </span>
     <span class='ocr_line' id='line_1_11' title="bbox 157 822 1646 868; baseline 0 -8"><span class='ocrx_word' id='word_1_106' title='bbox 157 825 338 860; x_wconf 86' lang='lat' dir='ltr'>constituta</span> <span class='ocrx_word' id='word_1_107' title='bbox 355 848 364 863; x_wconf 91' lang='lat'>‚</span> <span class='ocrx_word' id='word_1_108' title='bbox 393 833 491 868; x_wconf 89' lang='lat' dir='ltr'>atque</span> <span class='ocrx_word' id='word_1_109' title='bbox 520 822 715 868; x_wconf 73' lang='lat' dir='ltr'>praescripta</span> <span class='ocrx_word' id='word_1_110' title='bbox 734 848 744 863; x_wconf 85' lang='lat'>‚</span> <span class='ocrx_word' id='word_1_111' title='bbox 777 825 874 858; x_wconf 84' lang='lat' dir='ltr'>Anno</span> <span class='ocrx_word' id='word_1_112' title='bbox 905 824 1175 858; x_wconf 88' lang='lat' dir='ltr'><strong>MDCCXXVI.</strong></span> <span class='ocrx_word' id='word_1_113' title='bbox 1195 838 1212 858; x_wconf 87' lang='lat' dir='ltr'>a</span> <span class='ocrx_word' id='word_1_114' title='bbox 1229 835 1307 860; x_wconf 88' lang='lat' dir='ltr'>tunc</span> <span class='ocrx_word' id='word_1_115' title='bbox 1323 826 1546 862; x_wconf 68' lang='lat' dir='ltr'>existentibus</span> <span class='ocrx_word' id='word_1_116' title='bbox 1561 829 1646 861; x_wconf 83' lang='lat' dir='ltr'>San-</span> 
     </span>
     <span class='ocr_line' id='line_1_12' title="bbox 158 872 1645 919; baseline -0.001 -9"><span class='ocrx_word' id='word_1_117' title='bbox 158 883 219 910; x_wconf 79' lang='lat' dir='ltr'>ctae</span> <span class='ocrx_word' id='word_1_118' title='bbox 248 873 405 907; x_wconf 71' lang='lat' dir='ltr'>Romana:</span> <span class='ocrx_word' id='word_1_119' title='bbox 433 872 590 908; x_wconf 76' lang='lat' dir='ltr'>Ecclesiae</span> <span class='ocrx_word' id='word_1_120' title='bbox 639 872 873 907; x_wconf 78' lang='lat' dir='ltr'>Cardiualibus</span> <span class='ocrx_word' id='word_1_121' title='bbox 910 872 1227 908; x_wconf 87' lang='lat' dir='ltr'>Consultationibus</span> <span class='ocrx_word' id='word_1_122' title='bbox 1254 874 1470 919; x_wconf 87' lang='lat' dir='ltr'>negotiorum</span> <span class='ocrx_word' id='word_1_123' title='bbox 1492 874 1645 909; x_wconf 89' lang='lat' dir='ltr'>Ditionis</span> 
     </span>
     <span class='ocr_line' id='line_1_13' title="bbox 161 920 1648 966; baseline -0.002 -7"><span class='ocrx_word' id='word_1_124' title='bbox 161 920 356 966; x_wconf 87' lang='lat' dir='ltr'>temporalis</span> <span class='ocrx_word' id='word_1_125' title='bbox 374 921 523 960; x_wconf 82' lang='lat' dir='ltr'>ejusdem</span> <span class='ocrx_word' id='word_1_126' title='bbox 541 922 668 955; x_wconf 77' lang='lat' dir='ltr'>Sanctae</span> <span class='ocrx_word' id='word_1_127' title='bbox 688 922 846 958; x_wconf 82' lang='lat' dir='ltr'>Romanae</span> <span class='ocrx_word' id='word_1_128' title='bbox 865 921 1021 956; x_wconf 82' lang='lat' dir='ltr'>Ecclesiae</span> <span class='ocrx_word' id='word_1_129' title='bbox 1041 921 1225 966; x_wconf 83' lang='lat' dir='ltr'>praepositis</span> <span class='ocrx_word' id='word_1_130' title='bbox 1243 933 1301 966; x_wconf 84' lang='lat' dir='ltr'>per</span> <span class='ocrx_word' id='word_1_131' title='bbox 1315 922 1439 957; x_wconf 83' lang='lat' dir='ltr'>Literas</span> <span class='ocrx_word' id='word_1_132' title='bbox 1453 922 1506 957; x_wconf 93' lang='lat' dir='ltr'>die</span> <span class='ocrx_word' id='word_1_133' title='bbox 1521 923 1648 958; x_wconf 86' lang='lat' dir='ltr'><strong>XXXI.</strong></span> 
     </span>
     <span class='ocr_line' id='line_1_14' title="bbox 158 969 1642 1017; baseline -0.001 -9"><span class='ocrx_word' id='word_1_134' title='bbox 158 970 302 1017; x_wconf 82' lang='lat' dir='ltr'>Augusti</span> <span class='ocrx_word' id='word_1_135' title='bbox 321 971 408 1004; x_wconf 89' lang='lat' dir='ltr'>Anni</span> <span class='ocrx_word' id='word_1_136' title='bbox 427 970 579 1014; x_wconf 62' lang='lat' dir='ltr'>praedicti</span> <span class='ocrx_word' id='word_1_137' title='bbox 609 970 648 1004; x_wconf 83' lang='lat' dir='ltr'>ad</span> <span class='ocrx_word' id='word_1_138' title='bbox 663 970 956 1004; x_wconf 82' lang='lat' dir='ltr'>Locumtenentem</span> <span class='ocrx_word' id='word_1_139' title='bbox 994 969 1154 1004; x_wconf 80' lang='lat' dir='ltr'>Civitatis</span> <span class='ocrx_word' id='word_1_140' title='bbox 1185 970 1310 1005; x_wconf 81' lang='lat' dir='ltr'>Montis</span> <span class='ocrx_word' id='word_1_141' title='bbox 1338 970 1407 1005; x_wconf 88' lang='lat' dir='ltr'>Alti</span> <span class='ocrx_word' id='word_1_142' title='bbox 1437 971 1642 1006; x_wconf 80' lang='lat' dir='ltr'>transmissas</span> 
     </span>
     <span class='ocr_line' id='line_1_15' title="bbox 159 1018 1644 1065; baseline 0 -10"><span class='ocrx_word' id='word_1_143' title='bbox 159 1020 354 1065; x_wconf 78' lang='lat' dir='ltr'>exequenda</span> <span class='ocrx_word' id='word_1_144' title='bbox 384 1031 454 1054; x_wconf 89' lang='lat' dir='ltr'>esse</span> <span class='ocrx_word' id='word_1_145' title='bbox 482 1029 676 1063; x_wconf 86' lang='lat' dir='ltr'>responsum</span> <span class='ocrx_word' id='word_1_146' title='bbox 704 1019 793 1058; x_wconf 84' lang='lat' dir='ltr'>fuit,</span> <span class='ocrx_word' id='word_1_147' title='bbox 820 1031 857 1053; x_wconf 90' lang='lat' dir='ltr'>ac</span> <span class='ocrx_word' id='word_1_148' title='bbox 879 1018 957 1052; x_wconf 80' lang='lat' dir='ltr'>alias</span> <span class='ocrx_word' id='word_1_149' title='bbox 987 1027 1088 1063; x_wconf 89' lang='lat' dir='ltr'>prout</span> <span class='ocrx_word' id='word_1_150' title='bbox 1116 1019 1146 1053; x_wconf 91' lang='lat' dir='ltr'>in</span> <span class='ocrx_word' id='word_1_151' title='bbox 1164 1019 1279 1053; x_wconf 85' lang='lat' dir='ltr'>iisdem</span> <span class='ocrx_word' id='word_1_152' title='bbox 1315 1019 1460 1059; x_wconf 66' lang='lat' dir='ltr'>Uteris,</span> <span class='ocrx_word' id='word_1_153' title='bbox 1501 1031 1644 1065; x_wconf 87' lang='lat' dir='ltr'>quarum</span> 
     </span>
     <span class='ocr_line' id='line_1_16' title="bbox 159 1067 1643 1115; baseline 0 -12"><span class='ocrx_word' id='word_1_154' title='bbox 159 1069 427 1115; x_wconf 84' lang='lat' dir='ltr'>paritertenores</span> <span class='ocrx_word' id='word_1_155' title='bbox 457 1068 675 1113; x_wconf 59' lang='lat' dir='ltr'>praesentibus</span> <span class='ocrx_word' id='word_1_156' title='bbox 704 1079 766 1112; x_wconf 86' lang='lat' dir='ltr'>pro</span> <span class='ocrx_word' id='word_1_157' title='bbox 791 1067 983 1113; x_wconf 74' lang='lat' dir='ltr'>expressis,</span> <span class='ocrx_word' id='word_1_158' title='bbox 1024 1075 1057 1102; x_wconf 92' lang='lat' dir='ltr'>et</span> <span class='ocrx_word' id='word_1_159' title='bbox 1072 1067 1201 1103; x_wconf 85' lang='lat' dir='ltr'>insertis</span> <span class='ocrx_word' id='word_1_160' title='bbox 1229 1067 1339 1103; x_wconf 76' lang='lat' dir='ltr'>haberi</span> <span class='ocrx_word' id='word_1_161' title='bbox 1356 1068 1513 1103; x_wconf 89' lang='lat' dir='ltr'>volumus</span> <span class='ocrx_word' id='word_1_162' title='bbox 1531 1093 1542 1109; x_wconf 92' lang='lat'><strong>,</strong></span> <span class='ocrx_word' id='word_1_163' title='bbox 1571 1069 1643 1115; x_wconf 89' lang='lat' dir='ltr'>ple-</span> 
     </span>
     <span class='ocr_line' id='line_1_17' title="bbox 163 1117 485 1162; baseline -0.009 -9"><span class='ocrx_word' id='word_1_164' title='bbox 163 1118 247 1162; x_wconf 63' lang='lat' dir='ltr'>nius*</span> <span class='ocrx_word' id='word_1_165' title='bbox 263 1117 456 1153; x_wconf 84' lang='lat' dir='ltr'>continetur</span> <span class='ocrx_word' id='word_1_166' title='bbox 475 1141 485 1151; x_wconf 93' lang='lat'><strong><em>.</em></strong></span> 
     </span>
    </p>

    <p class='ocr_par' dir='ltr' id='par_1_2' title="bbox 161 1165 1658 2279">
     <span class='ocr_line' id='line_1_18' title="bbox 262 1165 1645 1225; baseline 0.001 -24"><span class='ocrx_word' id='word_1_167' title='bbox 262 1167 353 1201; x_wconf 89' lang='lat' dir='ltr'>Cum</span> <span class='ocrx_word' id='word_1_168' title='bbox 382 1175 491 1201; x_wconf 88' lang='lat' dir='ltr'>antem</span> <span class='ocrx_word' id='word_1_169' title='bbox 517 1166 729 1201; x_wconf 82' lang='lat' dir='ltr'>sicuteadem</span> <span class='ocrx_word' id='word_1_170' title='bbox 759 1167 924 1213; x_wconf 85' lang='lat' dir='ltr'>expositio</span> <span class='ocrx_word' id='word_1_171' title='bbox 948 1167 1188 1225; x_wconf 55' lang='lat' dir='ltr'>subiungebat,</span> <span class='ocrx_word' id='word_1_172' title='bbox 1216 1166 1296 1203; x_wconf 88' lang='lat' dir='ltr'>dicti</span> <span class='ocrx_word' id='word_1_173' title='bbox 1313 1165 1550 1224; x_wconf 85' lang='lat' dir='ltr'>Exponentes‚</span> <span class='ocrx_word' id='word_1_174' title='bbox 1577 1174 1645 1202; x_wconf 90' lang='lat' dir='ltr'>tam</span> 
     </span>
     <span class='ocr_line' id='line_1_19' title="bbox 163 1214 1645 1263; baseline 0 -14"><span class='ocrx_word' id='word_1_175' title='bbox 163 1214 329 1261; x_wconf 80' lang='lat' dir='ltr'>praemissa</span> <span class='ocrx_word' id='word_1_176' title='bbox 357 1217 469 1251; x_wconf 82' lang='lat' dir='ltr'>omnia</span> <span class='ocrx_word' id='word_1_177' title='bbox 499 1216 528 1250; x_wconf 91' lang='lat' dir='ltr'>in</span> <span class='ocrx_word' id='word_1_178' title='bbox 545 1216 672 1250; x_wconf 85' lang='lat' dir='ltr'>duabus</span> <span class='ocrx_word' id='word_1_179' title='bbox 702 1215 822 1251; x_wconf 86' lang='lat' dir='ltr'>Literis</span> <span class='ocrx_word' id='word_1_180' title='bbox 854 1217 1021 1263; x_wconf 70' lang='lat' dir='ltr'>predictis</span> <span class='ocrx_word' id='word_1_181' title='bbox 1042 1241 1053 1258; x_wconf 90' lang='lat'>‚</span> <span class='ocrx_word' id='word_1_182' title='bbox 1082 1217 1181 1252; x_wconf 87' lang='lat' dir='ltr'>sicuti</span> <span class='ocrx_word' id='word_1_183' title='bbox 1209 1217 1426 1263; x_wconf 66' lang='lat' dir='ltr'>praemittitur</span> <span class='ocrx_word' id='word_1_184' title='bbox 1457 1216 1645 1261; x_wconf 81' lang='lat' dir='ltr'>disposita,</span> 
     </span>
     <span class='ocr_line' id='line_1_20' title="bbox 161 1262 1652 1312; baseline -0.002 -12"><span class='ocrx_word' id='word_1_185' title='bbox 161 1274 197 1300; x_wconf 89' lang='lat' dir='ltr'>et</span> <span class='ocrx_word' id='word_1_186' title='bbox 214 1265 397 1299; x_wconf 87' lang='lat' dir='ltr'>constituta</span> <span class='ocrx_word' id='word_1_187' title='bbox 417 1290 426 1307; x_wconf 84' lang='lat'><strong>‚</strong></span> <span class='ocrx_word' id='word_1_188' title='bbox 456 1278 554 1311; x_wconf 87' lang='lat' dir='ltr'>quam</span> <span class='ocrx_word' id='word_1_189' title='bbox 575 1265 672 1300; x_wconf 82' lang='lat' dir='ltr'>etiam</span> <span class='ocrx_word' id='word_1_190' title='bbox 693 1262 851 1311; x_wconf 83' lang='lat' dir='ltr'>Capitula</span> <span class='ocrx_word' id='word_1_191' title='bbox 873 1267 962 1301; x_wconf 82' lang='lat' dir='ltr'>Artis</span> <span class='ocrx_word' id='word_1_192' title='bbox 978 1276 1042 1301; x_wconf 86' lang='lat' dir='ltr'>tam</span> <span class='ocrx_word' id='word_1_193' title='bbox 1063 1267 1179 1301; x_wconf 84' lang='lat' dir='ltr'>ruralis</span> <span class='ocrx_word' id='word_1_194' title='bbox 1195 1291 1206 1306; x_wconf 89' lang='lat'>,</span> <span class='ocrx_word' id='word_1_195' title='bbox 1246 1279 1344 1312; x_wconf 89' lang='lat' dir='ltr'>quam</span> <span class='ocrx_word' id='word_1_196' title='bbox 1366 1267 1550 1302; x_wconf 82' lang='lat' dir='ltr'>Fabrorum</span> <span class='ocrx_word' id='word_1_197' title='bbox 1568 1265 1652 1298; x_wconf 82' lang='lat' dir='ltr'>Fer-</span> 
     </span>
     <span class='ocr_line' id='line_1_21' title="bbox 161 1312 1648 1360; baseline 0 -13"><span class='ocrx_word' id='word_1_198' title='bbox 161 1313 354 1351; x_wconf 74' lang='lat' dir='ltr'>rariorum,</span> <span class='ocrx_word' id='word_1_199' title='bbox 386 1323 419 1348; x_wconf 89' lang='lat' dir='ltr'>et</span> <span class='ocrx_word' id='word_1_200' title='bbox 434 1315 592 1349; x_wconf 77' lang='lat' dir='ltr'>sutorum</span> <span class='ocrx_word' id='word_1_201' title='bbox 622 1315 698 1349; x_wconf 82' lang='lat' dir='ltr'>alias</span> <span class='ocrx_word' id='word_1_202' title='bbox 714 1326 775 1360; x_wconf 89' lang='lat' dir='ltr'>per</span> <span class='ocrx_word' id='word_1_203' title='bbox 804 1314 913 1350; x_wconf 87' lang='lat' dir='ltr'>felicis</span> <span class='ocrx_word' id='word_1_204' title='bbox 957 1315 1198 1351; x_wconf 81' lang='lat' dir='ltr'>recordationis</span> <span class='ocrx_word' id='word_1_205' title='bbox 1225 1314 1405 1352; x_wconf 84' lang='lat' dir='ltr'>Nicolaum</span> <span class='ocrx_word' id='word_1_206' title='bbox 1447 1316 1570 1358; x_wconf 85' lang='lat' dir='ltr'>Papam</span> <span class='ocrx_word' id='word_1_207' title='bbox 1600 1312 1648 1346; x_wconf 91' lang='lat' dir='ltr'>V.</span> 
     </span>
     <span class='ocr_line' id='line_1_22' title="bbox 161 1362 1646 1404; baseline -0.001 -8"><span class='ocrx_word' id='word_1_208' title='bbox 161 1362 446 1397; x_wconf 81' lang='lat' dir='ltr'>Praedecessorem</span> <span class='ocrx_word' id='word_1_209' title='bbox 477 1374 628 1399; x_wconf 86' lang='lat' dir='ltr'>nostrum</span> <span class='ocrx_word' id='word_1_210' title='bbox 647 1389 656 1404; x_wconf 93' lang='lat'>,</span> <span class='ocrx_word' id='word_1_211' title='bbox 689 1376 726 1399; x_wconf 84' lang='lat' dir='ltr'>ac</span> <span class='ocrx_word' id='word_1_212' title='bbox 744 1366 838 1399; x_wconf 82' lang='lat' dir='ltr'>bonae</span> <span class='ocrx_word' id='word_1_213' title='bbox 864 1365 1034 1400; x_wconf 81' lang='lat' dir='ltr'>memoriae</span> <span class='ocrx_word' id='word_1_214' title='bbox 1058 1366 1181 1400; x_wconf 81' lang='lat' dir='ltr'>Sanctae</span> <span class='ocrx_word' id='word_1_215' title='bbox 1201 1366 1359 1400; x_wconf 71' lang='lat' dir='ltr'>Romana:</span> <span class='ocrx_word' id='word_1_216' title='bbox 1389 1362 1546 1398; x_wconf 81' lang='lat' dir='ltr'>Ecclesiae</span> <span class='ocrx_word' id='word_1_217' title='bbox 1561 1363 1646 1396; x_wconf 91' lang='lat' dir='ltr'>Car-</span> 
     </span>
     <span class='ocr_line' id='line_1_23' title="bbox 161 1410 1648 1458; baseline 0 -14"><span class='ocrx_word' id='word_1_218' title='bbox 161 1410 304 1445; x_wconf 88' lang='lat' dir='ltr'>dinalem</span> <span class='ocrx_word' id='word_1_219' title='bbox 332 1412 619 1446; x_wconf 84' lang='lat' dir='ltr'>Adlobrandinum</span> <span class='ocrx_word' id='word_1_220' title='bbox 650 1423 833 1458; x_wconf 87' lang='lat' dir='ltr'>nuncupat.</span> <span class='ocrx_word' id='word_1_221' title='bbox 852 1438 861 1453; x_wconf 91' lang='lat'>,</span> <span class='ocrx_word' id='word_1_222' title='bbox 885 1423 918 1449; x_wconf 92' lang='lat' dir='ltr'>et</span> <span class='ocrx_word' id='word_1_223' title='bbox 945 1427 961 1448; x_wconf 94' lang='lat' dir='ltr'>a</span> <span class='ocrx_word' id='word_1_224' title='bbox 991 1424 1069 1449; x_wconf 88' lang='lat' dir='ltr'>tunc</span> <span class='ocrx_word' id='word_1_225' title='bbox 1112 1413 1329 1449; x_wconf 80' lang='lat' dir='ltr'>existentibus</span> <span class='ocrx_word' id='word_1_226' title='bbox 1372 1413 1524 1452; x_wconf 80' lang='lat' dir='ltr'>eiusdem</span> <span class='ocrx_word' id='word_1_227' title='bbox 1565 1411 1648 1449; x_wconf 85' lang='lat' dir='ltr'>San-</span> 
     </span>
     <span class='ocr_line' id='line_1_24' title="bbox 162 1458 1646 1507; baseline 0.001 -17"><span class='ocrx_word' id='word_1_228' title='bbox 162 1467 222 1491; x_wconf 76' lang='lat' dir='ltr'>ctae</span> <span class='ocrx_word' id='word_1_229' title='bbox 264 1459 422 1493; x_wconf 74' lang='lat' dir='ltr'>Romanae</span> <span class='ocrx_word' id='word_1_230' title='bbox 461 1460 615 1494; x_wconf 71' lang='lat' dir='ltr'>Ecclesiae</span> <span class='ocrx_word' id='word_1_231' title='bbox 658 1462 898 1497; x_wconf 83' lang='lat' dir='ltr'>Cardinalibus</span> <span class='ocrx_word' id='word_1_232' title='bbox 940 1462 1082 1507; x_wconf 69' lang='lat' dir='ltr'>praefatis</span> <span class='ocrx_word' id='word_1_233' title='bbox 1117 1460 1430 1496; x_wconf 85' lang='lat' dir='ltr'>Consultationibus</span> <span class='ocrx_word' id='word_1_234' title='bbox 1459 1458 1646 1505; x_wconf 80' lang='lat' dir='ltr'>praepositis</span> 
     </span>
     <span class='ocr_line' id='line_1_25' title="bbox 162 1506 1648 1553; baseline 0.001 -13"><span class='ocrx_word' id='word_1_235' title='bbox 162 1508 223 1540; x_wconf 88' lang='lat' dir='ltr'>bus</span> <span class='ocrx_word' id='word_1_236' title='bbox 279 1506 418 1540; x_wconf 85' lang='lat' dir='ltr'>diversis</span> <span class='ocrx_word' id='word_1_237' title='bbox 453 1509 638 1550; x_wconf 72' lang='lat' dir='ltr'>respective</span> <span class='ocrx_word' id='word_1_238' title='bbox 680 1509 891 1552; x_wconf 83' lang='lat' dir='ltr'>temporibus</span> <span class='ocrx_word' id='word_1_239' title='bbox 936 1511 1148 1553; x_wconf 86' lang='lat' dir='ltr'>approbata,</span> <span class='ocrx_word' id='word_1_240' title='bbox 1176 1521 1236 1551; x_wconf 87' lang='lat' dir='ltr'>per</span> <span class='ocrx_word' id='word_1_241' title='bbox 1278 1509 1350 1542; x_wconf 94' lang='lat' dir='ltr'>Nos</span> <span class='ocrx_word' id='word_1_242' title='bbox 1392 1519 1456 1542; x_wconf 90' lang='lat' dir='ltr'>una</span> <span class='ocrx_word' id='word_1_243' title='bbox 1483 1519 1561 1542; x_wconf 89' lang='lat' dir='ltr'>cum</span> <span class='ocrx_word' id='word_1_244' title='bbox 1594 1519 1648 1542; x_wconf 87' lang='lat' dir='ltr'>ea-</span> 
     </span>
     <span class='ocr_line' id='line_1_26' title="bbox 162 1553 1648 1599; baseline 0 -11"><span class='ocrx_word' id='word_1_245' title='bbox 162 1553 316 1588; x_wconf 86' lang='lat' dir='ltr'>rumdem</span> <span class='ocrx_word' id='word_1_246' title='bbox 350 1555 470 1588; x_wconf 88' lang='lat' dir='ltr'>artium</span> <span class='ocrx_word' id='word_1_247' title='bbox 508 1556 723 1599; x_wconf 86' lang='lat' dir='ltr'>exemptione</span> <span class='ocrx_word' id='word_1_248' title='bbox 766 1558 804 1590; x_wconf 88' lang='lat' dir='ltr'>ab</span> <span class='ocrx_word' id='word_1_249' title='bbox 838 1567 938 1591; x_wconf 91' lang='lat' dir='ltr'>onere</span> <span class='ocrx_word' id='word_1_250' title='bbox 980 1557 1133 1592; x_wconf 90' lang='lat' dir='ltr'>solvendi</span> <span class='ocrx_word' id='word_1_251' title='bbox 1163 1555 1492 1591; x_wconf 68' lang='lat' dir='ltr'>communicativam</span> <span class='ocrx_word' id='word_1_252' title='bbox 1518 1554 1648 1589; x_wconf 85' lang='lat' dir='ltr'>Gabel-</span> 
     </span>
     <span class='ocr_line' id='line_1_27' title="bbox 164 1600 1645 1659; baseline 0.001 -23"><span class='ocrx_word' id='word_1_253' title='bbox 164 1602 226 1636; x_wconf 89' lang='lat' dir='ltr'>lam</span> <span class='ocrx_word' id='word_1_254' title='bbox 269 1600 552 1639; x_wconf 87' lang='lat' dir='ltr'>introductionis,</span> <span class='ocrx_word' id='word_1_255' title='bbox 579 1603 824 1644; x_wconf 82' lang='lat' dir='ltr'>extractionis,</span> <span class='ocrx_word' id='word_1_256' title='bbox 859 1613 891 1638; x_wconf 87' lang='lat' dir='ltr'>et</span> <span class='ocrx_word' id='word_1_257' title='bbox 923 1614 1034 1648; x_wconf 73' lang='lat' dir='ltr'>passus</span> <span class='ocrx_word' id='word_1_258' title='bbox 1063 1604 1265 1648; x_wconf 84' lang='lat' dir='ltr'>approbari,</span> <span class='ocrx_word' id='word_1_259' title='bbox 1298 1612 1330 1637; x_wconf 90' lang='lat' dir='ltr'>et</span> <span class='ocrx_word' id='word_1_260' title='bbox 1360 1602 1550 1637; x_wconf 75' lang='lat' dir='ltr'>confirmari</span> <span class='ocrx_word' id='word_1_261' title='bbox 1573 1602 1645 1659; x_wconf 81' lang='lat' dir='ltr'>plu-</span> 
     </span>
     <span class='ocr_line' id='line_1_28' title="bbox 166 1648 1644 1696; baseline 0.001 -11"><span class='ocrx_word' id='word_1_262' title='bbox 166 1650 290 1686; x_wconf 87' lang='lat' dir='ltr'>rimum</span> <span class='ocrx_word' id='word_1_263' title='bbox 317 1648 532 1683; x_wconf 86' lang='lat' dir='ltr'>desiderent.</span> <span class='ocrx_word' id='word_1_264' title='bbox 562 1648 672 1682; x_wconf 88' lang='lat' dir='ltr'>Nobis</span> <span class='ocrx_word' id='word_1_265' title='bbox 702 1660 883 1694; x_wconf 81' lang='lat' dir='ltr'>propterea</span> <span class='ocrx_word' id='word_1_266' title='bbox 917 1651 1088 1686; x_wconf 78' lang='lat' dir='ltr'>humiliter</span> <span class='ocrx_word' id='word_1_267' title='bbox 1127 1651 1321 1696; x_wconf 89' lang='lat' dir='ltr'>supplicari</span> <span class='ocrx_word' id='word_1_268' title='bbox 1336 1650 1516 1690; x_wconf 85' lang='lat' dir='ltr'>fecerunt,</span> <span class='ocrx_word' id='word_1_269' title='bbox 1543 1660 1579 1685; x_wconf 91' lang='lat' dir='ltr'>ut</span> <span class='ocrx_word' id='word_1_270' title='bbox 1610 1653 1644 1686; x_wconf 88' lang='lat' dir='ltr'>in</span> 
     </span>
     <span class='ocr_line' id='line_1_29' title="bbox 166 1697 1648 1746; baseline 0.001 -12"><span class='ocrx_word' id='word_1_271' title='bbox 166 1697 343 1743; x_wconf 66' lang='lat' dir='ltr'>praemissis</span> <span class='ocrx_word' id='word_1_272' title='bbox 371 1697 560 1742; x_wconf 75' lang='lat' dir='ltr'>opportune</span> <span class='ocrx_word' id='word_1_273' title='bbox 591 1697 788 1741; x_wconf 88' lang='lat' dir='ltr'>providere,</span> <span class='ocrx_word' id='word_1_274' title='bbox 821 1707 854 1732; x_wconf 89' lang='lat' dir='ltr'>et</span> <span class='ocrx_word' id='word_1_275' title='bbox 874 1709 909 1733; x_wconf 86' lang='lat' dir='ltr'>ut</span> <span class='ocrx_word' id='word_1_276' title='bbox 925 1699 1008 1733; x_wconf 85' lang='lat' dir='ltr'>infra</span> <span class='ocrx_word' id='word_1_277' title='bbox 1023 1699 1200 1745; x_wconf 85' lang='lat' dir='ltr'>indulgere</span> <span class='ocrx_word' id='word_1_278' title='bbox 1216 1702 1257 1734; x_wconf 91' lang='lat' dir='ltr'>de</span> <span class='ocrx_word' id='word_1_279' title='bbox 1274 1699 1477 1746; x_wconf 88' lang='lat' dir='ltr'>benignitate</span> <span class='ocrx_word' id='word_1_280' title='bbox 1499 1701 1648 1744; x_wconf 84' lang='lat' dir='ltr'>Aposto-</span> 
     </span>
     <span class='ocr_line' id='line_1_30' title="bbox 166 1744 1648 1794; baseline 0.001 -11"><span class='ocrx_word' id='word_1_281' title='bbox 166 1747 228 1783; x_wconf 88' lang='lat' dir='ltr'>lica</span> <span class='ocrx_word' id='word_1_282' title='bbox 261 1747 501 1794; x_wconf 83' lang='lat' dir='ltr'>dignaremur.</span> <span class='ocrx_word' id='word_1_283' title='bbox 533 1746 632 1780; x_wconf 87' lang='lat' dir='ltr'>Nos·</span> <span class='ocrx_word' id='word_1_284' title='bbox 625 1744 730 1791; x_wconf 82' lang='lat' dir='ltr'>igitur</span> <span class='ocrx_word' id='word_1_285' title='bbox 755 1746 842 1790; x_wconf 87' lang='lat' dir='ltr'>ipsos</span> <span class='ocrx_word' id='word_1_286' title='bbox 870 1747 1082 1792; x_wconf 83' lang='lat' dir='ltr'>Exponentes</span> <span class='ocrx_word' id='word_1_287' title='bbox 1123 1748 1322 1793; x_wconf 83' lang='lat' dir='ltr'>specialibus</span> <span class='ocrx_word' id='word_1_288' title='bbox 1370 1748 1543 1783; x_wconf 81' lang='lat' dir='ltr'>favoribus</span> <span class='ocrx_word' id='word_1_289' title='bbox 1571 1772 1582 1788; x_wconf 86' lang='lat'><strong>,</strong></span> <span class='ocrx_word' id='word_1_290' title='bbox 1613 1757 1648 1784; x_wconf 83' lang='lat' dir='ltr'>et</span> 
     </span>
     <span class='ocr_line' id='line_1_31' title="bbox 167 1774 1651 1844; baseline 0.002 -14"><span class='ocrx_word' id='word_1_291' title='bbox 167 1796 279 1844; x_wconf 84' lang='lat' dir='ltr'>gratiis</span> <span class='ocrx_word' id='word_1_292' title='bbox 296 1795 456 1842; x_wconf 89' lang='lat' dir='ltr'>prosequi</span> <span class='ocrx_word' id='word_1_293' title='bbox 485 1774 658 1834; x_wconf 41' lang='lat' dir='ltr'>volentes?</span> <span class='ocrx_word' id='word_1_294' title='bbox 688 1804 850 1829; x_wconf 90' lang='lat' dir='ltr'>eteorum</span> <span class='ocrx_word' id='word_1_295' title='bbox 871 1794 1052 1842; x_wconf 81' lang='lat' dir='ltr'>singulares</span> <span class='ocrx_word' id='word_1_296' title='bbox 1084 1798 1242 1833; x_wconf 81' lang='lat' dir='ltr'>Personas</span> <span class='ocrx_word' id='word_1_297' title='bbox 1268 1810 1286 1832; x_wconf 89' lang='lat' dir='ltr'>a</span> <span class='ocrx_word' id='word_1_298' title='bbox 1303 1797 1479 1842; x_wconf 88' lang='lat' dir='ltr'>quibusvis</span> <span class='ocrx_word' id='word_1_299' title='bbox 1510 1808 1651 1833; x_wconf 83' lang='lat' dir='ltr'>excom-</span> 
     </span>
     <span class='ocr_line' id='line_1_32' title="bbox 167 1842 1640 1892; baseline 0.001 -12"><span class='ocrx_word' id='word_1_300' title='bbox 167 1845 432 1886; x_wconf 80' lang='lat' dir='ltr'>municationis</span> <span class='ocrx_word' id='word_1_301' title='bbox 449 1842 703 1887; x_wconf 84' lang='lat' dir='ltr'>suspensionis,</span> <span class='ocrx_word' id='word_1_302' title='bbox 717 1853 750 1878; x_wconf 92' lang='lat' dir='ltr'>et</span> <span class='ocrx_word' id='word_1_303' title='bbox 780 1844 974 1885; x_wconf 89' lang='lat' dir='ltr'>interdicti,</span> <span class='ocrx_word' id='word_1_304' title='bbox 993 1845 1130 1892; x_wconf 89' lang='lat' dir='ltr'>aliisque</span> <span class='ocrx_word' id='word_1_305' title='bbox 1160 1846 1404 1881; x_wconf 79' lang='lat' dir='ltr'>Ecclesiasticis</span> <span class='ocrx_word' id='word_1_306' title='bbox 1422 1845 1596 1881; x_wconf 90' lang='lat' dir='ltr'>sententiis</span> <span class='ocrx_word' id='word_1_307' title='bbox 1628 1871 1640 1888; x_wconf 88' lang='lat'>‚</span> 
     </span>
     <span class='ocr_line' id='line_1_33' title="bbox 163 1892 1641 1940; baseline 0.001 -11"><span class='ocrx_word' id='word_1_308' title='bbox 163 1906 310 1929; x_wconf 80' lang='lat' dir='ltr'>censuris</span> <span class='ocrx_word' id='word_1_309' title='bbox 326 1919 336 1934; x_wconf 91' lang='lat'><strong>‚</strong></span> <span class='ocrx_word' id='word_1_310' title='bbox 372 1903 405 1928; x_wconf 90' lang='lat' dir='ltr'>et</span> <span class='ocrx_word' id='word_1_311' title='bbox 418 1892 524 1937; x_wconf 87' lang='lat' dir='ltr'>poenis</span> <span class='ocrx_word' id='word_1_312' title='bbox 542 1906 557 1926; x_wconf 87' lang='lat' dir='ltr'>a</span> <span class='ocrx_word' id='word_1_313' title='bbox 572 1892 650 1931; x_wconf 83' lang='lat' dir='ltr'>jure</span> <span class='ocrx_word' id='word_1_314' title='bbox 680 1892 732 1927; x_wconf 88' lang='lat' dir='ltr'>vel</span> <span class='ocrx_word' id='word_1_315' title='bbox 749 1894 788 1927; x_wconf 93' lang='lat' dir='ltr'>ab</span> <span class='ocrx_word' id='word_1_316' title='bbox 807 1892 941 1928; x_wconf 86' lang='lat' dir='ltr'>homine</span> <span class='ocrx_word' id='word_1_317' title='bbox 969 1895 1086 1940; x_wconf 88' lang='lat' dir='ltr'>quavis</span> <span class='ocrx_word' id='word_1_318' title='bbox 1115 1894 1320 1935; x_wconf 86' lang='lat' dir='ltr'>occasione,</span> <span class='ocrx_word' id='word_1_319' title='bbox 1343 1894 1397 1929; x_wconf 90' lang='lat' dir='ltr'>vel</span> <span class='ocrx_word' id='word_1_320' title='bbox 1411 1907 1508 1930; x_wconf 82' lang='lat' dir='ltr'>causa</span> <span class='ocrx_word' id='word_1_321' title='bbox 1537 1894 1610 1930; x_wconf 88' lang='lat' dir='ltr'>latis</span> <span class='ocrx_word' id='word_1_322' title='bbox 1630 1919 1641 1937; x_wconf 90' lang='lat'>‚</span> 
     </span>
     <span class='ocr_line' id='line_1_34' title="bbox 163 1940 1650 1989; baseline 0.001 -11"><span class='ocrx_word' id='word_1_323' title='bbox 163 1943 327 1989; x_wconf 89' lang='lat' dir='ltr'>siquibus</span> <span class='ocrx_word' id='word_1_324' title='bbox 344 1941 602 1988; x_wconf 86' lang='lat' dir='ltr'>quomodolibet</span> <span class='ocrx_word' id='word_1_325' title='bbox 632 1940 795 1977; x_wconf 85' lang='lat' dir='ltr'>innodatae</span> <span class='ocrx_word' id='word_1_326' title='bbox 822 1942 994 1982; x_wconf 84' lang='lat' dir='ltr'>existunt,</span> <span class='ocrx_word' id='word_1_327' title='bbox 1024 1946 1064 1979; x_wconf 91' lang='lat' dir='ltr'>ad</span> <span class='ocrx_word' id='word_1_328' title='bbox 1080 1943 1233 1979; x_wconf 85' lang='lat' dir='ltr'>effectum</span> <span class='ocrx_word' id='word_1_329' title='bbox 1265 1944 1479 1989; x_wconf 81' lang='lat' dir='ltr'>praesentium</span> <span class='ocrx_word' id='word_1_330' title='bbox 1513 1944 1650 1980; x_wconf 86' lang='lat' dir='ltr'>dumta-</span> 
     </span>
     <span class='ocr_line' id='line_1_35' title="bbox 170 1990 1641 2038; baseline -0.001 -11"><span class='ocrx_word' id='word_1_331' title='bbox 170 2002 224 2027; x_wconf 86' lang='lat' dir='ltr'>xat</span> <span class='ocrx_word' id='word_1_332' title='bbox 250 1994 518 2038; x_wconf 86' lang='lat' dir='ltr'>consequendum</span> <span class='ocrx_word' id='word_1_333' title='bbox 535 2015 545 2030; x_wconf 86' lang='lat'><strong><em>‚</em></strong></span> <span class='ocrx_word' id='word_1_334' title='bbox 578 1991 693 2025; x_wconf 80' lang='lat' dir='ltr'>harum</span> <span class='ocrx_word' id='word_1_335' title='bbox 712 1990 797 2025; x_wconf 79' lang='lat' dir='ltr'>serie</span> <span class='ocrx_word' id='word_1_336' title='bbox 827 1992 1036 2027; x_wconf 85' lang='lat' dir='ltr'>absolventes</span> <span class='ocrx_word' id='word_1_337' title='bbox 1054 2017 1063 2033; x_wconf 93' lang='lat'>‚</span> <span class='ocrx_word' id='word_1_338' title='bbox 1097 2001 1130 2027; x_wconf 92' lang='lat' dir='ltr'>et</span> <span class='ocrx_word' id='word_1_339' title='bbox 1148 1991 1313 2028; x_wconf 86' lang='lat' dir='ltr'>absolutas</span> <span class='ocrx_word' id='word_1_340' title='bbox 1340 1995 1411 2028; x_wconf 79' lang='lat' dir='ltr'>tore</span> <span class='ocrx_word' id='word_1_341' title='bbox 1437 2004 1610 2028; x_wconf 87' lang='lat' dir='ltr'>censentes</span> <span class='ocrx_word' id='word_1_342' title='bbox 1633 2007 1641 2026; x_wconf 75' lang='grc' dir='ltr'><strong>ε</strong></span> 
     </span>
     <span class='ocr_line' id='line_1_36' title="bbox 166 2039 1653 2087; baseline 0.001 -13"><span class='ocrx_word' id='word_1_343' title='bbox 166 2039 678 2085; x_wconf 76' lang='lat' dir='ltr'>huiusmodisupplicationibus</span> <span class='ocrx_word' id='word_1_344' title='bbox 723 2039 898 2079; x_wconf 87' lang='lat' dir='ltr'>inclinati,</span> <span class='ocrx_word' id='word_1_345' title='bbox 925 2041 1045 2076; x_wconf 85' lang='lat' dir='ltr'>auditis</span> <span class='ocrx_word' id='word_1_346' title='bbox 1063 2053 1165 2087; x_wconf 84' lang='lat' dir='ltr'>super</span> <span class='ocrx_word' id='word_1_347' title='bbox 1196 2041 1373 2087; x_wconf 83' lang='lat' dir='ltr'>praemissis</span> <span class='ocrx_word' id='word_1_348' title='bbox 1401 2041 1653 2077; x_wconf 86' lang='lat' dir='ltr'>informationi-</span> 
     </span>
     <span class='ocr_line' id='line_1_37' title="bbox 168 2088 1658 2148; baseline 0.002 -25"><span class='ocrx_word' id='word_1_349' title='bbox 168 2090 229 2123; x_wconf 87' lang='lat' dir='ltr'>bus</span> <span class='ocrx_word' id='word_1_350' title='bbox 255 2091 456 2134; x_wconf 85' lang='lat' dir='ltr'>opportunis</span> <span class='ocrx_word' id='word_1_351' title='bbox 475 2113 484 2129; x_wconf 87' lang='lat'>,</span> <span class='ocrx_word' id='word_1_352' title='bbox 512 2088 780 2144; x_wconf 80' lang='lat' dir='ltr'>iurisdictionem</span> <span class='ocrx_word' id='word_1_353' title='bbox 796 2090 1034 2125; x_wconf 82' lang='lat' dir='ltr'>cumulativam</span> <span class='ocrx_word' id='word_1_354' title='bbox 1053 2091 1247 2135; x_wconf 81' lang='lat' dir='ltr'>praedictam</span> <span class='ocrx_word' id='word_1_355' title='bbox 1263 2089 1390 2135; x_wconf 84' lang='lat' dir='ltr'>publici</span> <span class='ocrx_word' id='word_1_356' title='bbox 1408 2090 1625 2148; x_wconf 80' lang='lat' dir='ltr'>Magistratus</span> <span class='ocrx_word' id='word_1_357' title='bbox 1639 2113 1658 2133; x_wconf 82' lang='lat'><em>,</em></span> 
     </span>
     <span class='ocr_line' id='line_1_38' title="bbox 170 2137 1655 2186; baseline 0.001 -13"><span class='ocrx_word' id='word_1_358' title='bbox 170 2147 204 2173; x_wconf 87' lang='lat' dir='ltr'>et</span> <span class='ocrx_word' id='word_1_359' title='bbox 218 2138 450 2172; x_wconf 79' lang='lat' dir='ltr'>commissarii</span> <span class='ocrx_word' id='word_1_360' title='bbox 467 2149 528 2181; x_wconf 89' lang='lat' dir='ltr'>pro</span> <span class='ocrx_word' id='word_1_361' title='bbox 548 2146 699 2181; x_wconf 85' lang='lat' dir='ltr'>tempore</span> <span class='ocrx_word' id='word_1_362' title='bbox 715 2137 889 2172; x_wconf 84' lang='lat' dir='ltr'>existentis</span> <span class='ocrx_word' id='word_1_363' title='bbox 906 2140 1054 2178; x_wconf 80' lang='lat' dir='ltr'>ejusdem</span> <span class='ocrx_word' id='word_1_364' title='bbox 1082 2139 1242 2174; x_wconf 86' lang='lat' dir='ltr'>Civitatis</span> <span class='ocrx_word' id='word_1_365' title='bbox 1258 2138 1420 2186; x_wconf 82' lang='lat' dir='ltr'>Ripanae&#39;</span> <span class='ocrx_word' id='word_1_366' title='bbox 1413 2152 1445 2174; x_wconf 82' lang='lat' dir='ltr'>in</span> <span class='ocrx_word' id='word_1_367' title='bbox 1460 2140 1567 2175; x_wconf 88' lang='lat' dir='ltr'>causis</span> <span class='ocrx_word' id='word_1_368' title='bbox 1586 2150 1655 2175; x_wconf 87' lang='lat' dir='ltr'>tan-</span> 
     </span>
     <span class='ocr_line' id='line_1_39' title="bbox 169 2185 1658 2233; baseline 0.002 -14"><span class='ocrx_word' id='word_1_369' title='bbox 169 2194 238 2221; x_wconf 87' lang='lat' dir='ltr'>turn</span> <span class='ocrx_word' id='word_1_370' title='bbox 267 2186 423 2222; x_wconf 82' lang='lat' dir='ltr'>fraudum</span> <span class='ocrx_word' id='word_1_371' title='bbox 442 2209 452 2225; x_wconf 93' lang='lat'>‚</span> <span class='ocrx_word' id='word_1_372' title='bbox 485 2197 565 2230; x_wconf 91' lang='lat' dir='ltr'>quas</span> <span class='ocrx_word' id='word_1_373' title='bbox 580 2187 747 2219; x_wconf 87' lang='lat' dir='ltr'>committi</span> <span class='ocrx_word' id='word_1_374' title='bbox 783 2185 987 2232; x_wconf 86' lang='lat' dir='ltr'>contingerit</span> <span class='ocrx_word' id='word_1_375' title='bbox 1004 2196 1119 2222; x_wconf 78' lang='lat' dir='ltr'>contra</span> <span class='ocrx_word' id='word_1_376' title='bbox 1137 2198 1288 2223; x_wconf 86' lang='lat' dir='ltr'>tenorem</span> <span class='ocrx_word' id='word_1_377' title='bbox 1310 2211 1320 2228; x_wconf 90' lang='lat'><strong>,</strong></span> <span class='ocrx_word' id='word_1_378' title='bbox 1351 2201 1386 2223; x_wconf 89' lang='lat' dir='ltr'>ac</span> <span class='ocrx_word' id='word_1_379' title='bbox 1402 2188 1658 2233; x_wconf 89' lang='lat' dir='ltr'>dispositionem</span> 
     </span>
     <span class='ocr_line' id='line_1_40' title="bbox 172 2233 1658 2279; baseline 0.001 -10"><span class='ocrx_word' id='word_1_380' title='bbox 172 2233 415 2279; x_wconf 83' lang='lat' dir='ltr'>Capitulorum</span> <span class='ocrx_word' id='word_1_381' title='bbox 432 2233 586 2277; x_wconf 86' lang='lat' dir='ltr'>publicos</span> <span class='ocrx_word' id='word_1_382' title='bbox 605 2243 794 2275; x_wconf 86' lang='lat' dir='ltr'>proventus</span> <span class='ocrx_word' id='word_1_383' title='bbox 814 2235 1106 2275; x_wconf 85' lang='lat' dir='ltr'>concernentium,</span> <span class='ocrx_word' id='word_1_384' title='bbox 1127 2237 1311 2271; x_wconf 87' lang='lat' dir='ltr'>secundum</span> <span class='ocrx_word' id='word_1_385' title='bbox 1326 2236 1566 2271; x_wconf 87' lang='lat' dir='ltr'>distinctiones</span> <span class='ocrx_word' id='word_1_386' title='bbox 1582 2261 1591 2275; x_wconf 93' lang='lat'><strong>‚</strong></span> <span class='ocrx_word' id='word_1_387' title='bbox 1624 2244 1658 2271; x_wconf 88' lang='lat' dir='ltr'>et</span> 
     </span>
    </p>
   </div>
   <div class='ocr_carea' id='block_1_2' title="bbox 173 2279 1657 2387">
    <p class='ocr_par' dir='ltr' id='par_1_3' title="bbox 173 2279 1657 2377">
     <span class='ocr_line' id='line_1_41' title="bbox 175 2279 1657 2327; baseline 0.002 -11"><span class='ocrx_word' id='word_1_388' title='bbox 175 2283 384 2317; x_wconf 85' lang='lat' dir='ltr'>conditiones</span> <span class='ocrx_word' id='word_1_389' title='bbox 400 2305 410 2321; x_wconf 96' lang='lat'>‚</span> <span class='ocrx_word' id='word_1_390' title='bbox 443 2292 478 2314; x_wconf 88' lang='lat' dir='ltr'>ac</span> <span class='ocrx_word' id='word_1_391' title='bbox 499 2279 690 2325; x_wconf 85' lang='lat' dir='ltr'>praescripta</span> <span class='ocrx_word' id='word_1_392' title='bbox 723 2291 879 2323; x_wconf 84' lang='lat' dir='ltr'>expressa</span> <span class='ocrx_word' id='word_1_393' title='bbox 895 2284 923 2316; x_wconf 86' lang='lat' dir='ltr'>in</span> <span class='ocrx_word' id='word_1_394' title='bbox 940 2284 1029 2317; x_wconf 84' lang='lat' dir='ltr'>dicta</span> <span class='ocrx_word' id='word_1_395' title='bbox 1056 2283 1202 2327; x_wconf 81' lang='lat' dir='ltr'>Epistola</span> <span class='ocrx_word' id='word_1_396' title='bbox 1230 2284 1335 2327; x_wconf 88' lang='lat' dir='ltr'>ipsius</span> <span class='ocrx_word' id='word_1_397' title='bbox 1366 2284 1552 2320; x_wconf 85' lang='lat' dir='ltr'>Marcellini</span> <span class='ocrx_word' id='word_1_398' title='bbox 1572 2285 1657 2319; x_wconf 60' lang='lat' dir='ltr'>Prat-</span> 
     </span>
     <span class='ocr_line' id='line_1_42' title="bbox 173 2327 1656 2387; baseline 0.001 -21"><span class='ocrx_word' id='word_1_399' title='bbox 173 2329 254 2366; x_wconf 76' lang='lat' dir='ltr'>sidis</span> <span class='ocrx_word' id='word_1_400' title='bbox 269 2332 344 2366; x_wconf 84' lang='lat' dir='ltr'>data</span> <span class='ocrx_word' id='word_1_401' title='bbox 359 2332 419 2365; x_wconf 87' lang='lat' dir='ltr'>sub</span> <span class='ocrx_word' id='word_1_402' title='bbox 438 2329 492 2363; x_wconf 89' lang='lat' dir='ltr'>die</span> <span class='ocrx_word' id='word_1_403' title='bbox 523 2328 617 2362; x_wconf 88' lang='lat' dir='ltr'><strong>XIII.</strong></span> <span class='ocrx_word' id='word_1_404' title='bbox 638 2327 750 2362; x_wconf 87' lang='lat' dir='ltr'>Martii</span> <span class='ocrx_word' id='word_1_405' title='bbox 768 2329 996 2364; x_wconf 86' lang='lat' dir='ltr'><strong>MDCXCII.</strong></span> <span class='ocrx_word' id='word_1_406' title='bbox 1010 2354 1020 2369; x_wconf 92' lang='lat'>‚</span> <span class='ocrx_word' id='word_1_407' title='bbox 1046 2341 1083 2364; x_wconf 88' lang='lat' dir='ltr'>ac</span> <span class='ocrx_word' id='word_1_408' title='bbox 1110 2339 1146 2363; x_wconf 92' lang='lat' dir='ltr'>ut</span> <span class='ocrx_word' id='word_1_409' title='bbox 1163 2330 1340 2374; x_wconf 81' lang='lat' dir='ltr'>praefertur</span> <span class='ocrx_word' id='word_1_410' title='bbox 1357 2355 1367 2371; x_wconf 93' lang='lat'>,</span> <span class='ocrx_word' id='word_1_411' title='bbox 1394 2335 1580 2387; x_wconf 85' lang='lat' dir='ltr'>approbata</span> <span class='ocrx_word' id='word_1_412' title='bbox 1614 2333 1656 2367; x_wconf 90' lang='lat' dir='ltr'>ab</span> 
     </span>
    </p>
   </div>
   <div class='ocr_carea' id='block_1_3' title="bbox 173 2376 1660 2523">
    <p class='ocr_par' dir='ltr' id='par_1_4' title="bbox 173 2376 1660 2523">
     <span class='ocr_line' id='line_1_43' title="bbox 173 2376 1660 2426; baseline 0.003 -13"><span class='ocrx_word' id='word_1_413' title='bbox 173 2377 245 2414; x_wconf 84' lang='lat' dir='ltr'>alia</span> <span class='ocrx_word' id='word_1_414' title='bbox 252 2379 397 2424; x_wconf 85' lang='lat' dir='ltr'>Epistola</span> <span class='ocrx_word' id='word_1_415' title='bbox 414 2387 675 2413; x_wconf 85' lang='lat' dir='ltr'>memoratorum</span> <span class='ocrx_word' id='word_1_416' title='bbox 704 2376 936 2412; x_wconf 81' lang='lat' dir='ltr'>Cardinalium</span> <span class='ocrx_word' id='word_1_417' title='bbox 970 2377 1274 2414; x_wconf 87' lang='lat' dir='ltr'>Consulationibus</span> <span class='ocrx_word' id='word_1_418' title='bbox 1308 2380 1524 2426; x_wconf 84' lang='lat' dir='ltr'>negotiorum</span> <span class='ocrx_word' id='word_1_419' title='bbox 1547 2381 1660 2417; x_wconf 86' lang='lat' dir='ltr'>Ditio-</span> 
     </span>
     <span class='ocr_line' id='line_1_44' title="bbox 174 2425 1659 2473; baseline 0.003 -12"><span class='ocrx_word' id='word_1_420' title='bbox 174 2428 223 2462; x_wconf 89' lang='lat' dir='ltr'>nis</span> <span class='ocrx_word' id='word_1_421' title='bbox 253 2428 441 2472; x_wconf 86' lang='lat' dir='ltr'>temporalis</span> <span class='ocrx_word' id='word_1_422' title='bbox 467 2439 570 2472; x_wconf 81' lang='lat' dir='ltr'>ipsius</span> <span class='ocrx_word' id='word_1_423' title='bbox 586 2427 710 2461; x_wconf 84' lang='lat' dir='ltr'>Sanctae</span> <span class='ocrx_word' id='word_1_424' title='bbox 729 2427 890 2462; x_wconf 69' lang='lat' dir='ltr'>Romanae.</span> <span class='ocrx_word' id='word_1_425' title='bbox 906 2427 1059 2462; x_wconf 85' lang='lat' dir='ltr'>Ecclesiae</span> <span class='ocrx_word' id='word_1_426' title='bbox 1090 2425 1346 2473; x_wconf 84' lang='lat' dir='ltr'>praepositorum</span> <span class='ocrx_word' id='word_1_427' title='bbox 1375 2429 1429 2464; x_wconf 90' lang='lat' dir='ltr'>die</span> <span class='ocrx_word' id='word_1_428' title='bbox 1445 2431 1567 2466; x_wconf 90' lang='lat' dir='ltr'><strong>XXXI.</strong></span> <span class='ocrx_word' id='word_1_429' title='bbox 1587 2432 1659 2465; x_wconf 81' lang='lat' dir='ltr'>Au·</span> 
     </span>
     <span class='ocr_line' id='line_1_45' title="bbox 174 2475 1660 2523; baseline 0.003 -12"><span class='ocrx_word' id='word_1_430' title='bbox 174 2476 263 2522; x_wconf 82' lang='lat' dir='ltr'>gusti</span> <span class='ocrx_word' id='word_1_431' title='bbox 296 2476 564 2512; x_wconf 86' lang='lat' dir='ltr'><strong>MDCCXXVI.</strong></span> <span class='ocrx_word' id='word_1_432' title='bbox 579 2476 780 2510; x_wconf 80' lang='lat' dir='ltr'>auctoritate</span> <span class='ocrx_word' id='word_1_433' title='bbox 818 2485 931 2510; x_wconf 85' lang='lat' dir='ltr'>nostra</span> <span class='ocrx_word' id='word_1_434' title='bbox 945 2475 1141 2521; x_wconf 78' lang='lat' dir='ltr'>Apostolica</span> <span class='ocrx_word' id='word_1_435' title='bbox 1159 2486 1273 2512; x_wconf 87' lang='lat' dir='ltr'>tenore</span> <span class='ocrx_word' id='word_1_436' title='bbox 1300 2480 1508 2523; x_wconf 83' lang='lat' dir='ltr'>praesentium</span> <span class='ocrx_word' id='word_1_437' title='bbox 1538 2481 1660 2515; x_wconf 83' lang='lat' dir='ltr'>confir-</span> 
     </span>
    </p>
   </div>
   <div class='ocr_carea' id='block_1_4' title="bbox 175 2525 1668 2661">
    <p class='ocr_par' dir='ltr' id='par_1_5' title="bbox 175 2525 1668 2661">
     <span class='ocr_line' id='line_1_46' title="bbox 176 2525 1660 2571; baseline 0.002 -11"><span class='ocrx_word' id='word_1_438' title='bbox 176 2537 330 2564; x_wconf 85' lang='lat' dir='ltr'>mamus,</span> <span class='ocrx_word' id='word_1_439' title='bbox 357 2535 389 2560; x_wconf 89' lang='lat' dir='ltr'>et</span> <span class='ocrx_word' id='word_1_440' title='bbox 402 2527 644 2571; x_wconf 82' lang='lat' dir='ltr'>approbamus,</span> <span class='ocrx_word' id='word_1_441' title='bbox 679 2537 715 2559; x_wconf 89' lang='lat' dir='ltr'>ac</span> <span class='ocrx_word' id='word_1_442' title='bbox 735 2535 905 2569; x_wconf 76' lang='lat' dir='ltr'>perpetua:</span> <span class='ocrx_word' id='word_1_443' title='bbox 937 2525 1144 2560; x_wconf 87' lang='lat' dir='ltr'>inviolabilis</span> <span class='ocrx_word' id='word_1_444' title='bbox 1174 2527 1382 2571; x_wconf 81' lang='lat' dir='ltr'>Apostolicae</span> <span class='ocrx_word' id='word_1_445' title='bbox 1410 2529 1578 2564; x_wconf 85' lang='lat' dir='ltr'>firmitatis</span> <span class='ocrx_word' id='word_1_446' title='bbox 1607 2540 1660 2563; x_wconf 86' lang='lat' dir='ltr'>ro-</span> 
     </span>
     <span class='ocr_line' id='line_1_47' title="bbox 175 2574 1659 2659; baseline 0.002 -51"><span class='ocrx_word' id='word_1_447' title='bbox 175 2574 239 2610; x_wconf 86' lang='lat' dir='ltr'>bur</span> <span class='ocrx_word' id='word_1_448' title='bbox 261 2574 435 2611; x_wconf 88' lang='lat' dir='ltr'>adiicimus</span> <span class='ocrx_word' id='word_1_449' title='bbox 452 2587 462 2617; x_wconf 81' lang='lat'><em>3</em></span> <span class='ocrx_word' id='word_1_450' title='bbox 491 2586 528 2610; x_wconf 86' lang='lat' dir='ltr'>ac</span> <span class='ocrx_word' id='word_1_451' title='bbox 549 2584 708 2621; x_wconf 86' lang='lat' dir='ltr'>praeterea</span> <span class='ocrx_word' id='word_1_452' title='bbox 722 2574 884 2620; x_wconf 85' lang='lat' dir='ltr'>Capitula</span> <span class='ocrx_word' id='word_1_453' title='bbox 916 2575 1008 2610; x_wconf 84' lang='lat' dir='ltr'>Artis</span> <span class='ocrx_word' id='word_1_454' title='bbox 1028 2574 1173 2615; x_wconf 86' lang='lat' dir='ltr'>Ruralis‚</span> <span class='ocrx_word' id='word_1_455' title='bbox 1186 2578 1367 2622; x_wconf 85' lang='lat' dir='ltr'>approbata</span> <span class='ocrx_word' id='word_1_456' title='bbox 1384 2589 1401 2613; x_wconf 85' lang='lat' dir='ltr'>a</span> <span class='ocrx_word' id='word_1_457' title='bbox 1419 2577 1555 2624; x_wconf 82' lang='lat' dir='ltr'>praefato</span> <span class='ocrx_word' id='word_1_458' title='bbox 1576 2577 1659 2659; x_wconf 52' lang='lat' dir='ltr'>Cap</span> 
     </span>
     <span class='ocr_line' id='line_1_48' title="bbox 1149 2625 1668 2661; baseline 0.006 -3"><span class='ocrx_word' id='word_1_459' title='bbox 1149 2633 1161 2659; x_wconf 86' lang='lat' dir='ltr'>t</span> <span class='ocrx_word' id='word_1_460' title='bbox 1191 2636 1207 2658; x_wconf 85' lang='lat'>2</span> <span class='ocrx_word' id='word_1_461' title='bbox 1551 2626 1627 2661; x_wconf 88' lang='lat' dir='ltr'>dina</span> <span class='ocrx_word' id='word_1_462' title='bbox 1643 2625 1668 2661; x_wconf 86' lang='lat' dir='ltr'>i-</span> 
     </span>
    </p>
   </div>
  </div>
 </body>
</html>
