1993 3195
588 341 627 382 C
661 342 699 381 Α
731 344 759 381 Ρ
792 342 833 380 U
863 340 900 380 T
965 342 1043 381 lV.
1471 358 1554 399 231

110 406 238 462 rigans
272 402 357 443 duo
384 396 602 442 uniformia
628 397 804 448 judicata
824 398 1057 440 favorabilia
1082 397 1304 447 habuerim
1333 411 1551 453 prouteve-

108 466 166 506 nit
191 463 233 503 in
253 460 382 502 Causa
418 458 637 502 Trevirensi
662 459 763 501 inter
797 455 1114 501 C0m11mnitatem
1150 457 1454 498 Walcracensem
1471 487 1483 505 ‚
1515 472 1554 500 et

108 521 343 565 caselensem
363 534 482 576 super
511 518 820 562 reaedificatione
841 516 1036 559 Ecclesiae
1055 516 1236 558 Matricis
1253 516 1294 557 in
1314 517 1509 559 Walcraclz
1540 546 1551 558 .

104 582 324 637 Postquam
354 579 464 622 enim
499 594 520 620 a
539 578 682 632 Judice
703 576 928 619 Ordinatio
949 576 1025 618 lata
1043 575 1123 618 fuit
1139 576 1341 618 sententia
1359 576 1554 619 adversus

104 639 427 684 communitatem
449 640 692 681 caselensi-m
711 669 724 688 ‚
741 638 838 680 haec
868 636 1094 680 reclamavit
1112 637 1372 693 appellatione
1406 650 1557 693 propo-

100 699 173 742 sita
205 715 339 742 coram
372 697 531 741 Nmzcio
550 697 752 747 Pontificio
783 695 1036 745 Col01ziensi3
1067 712 1089 738 a
1142 711 1195 737 uo
1216 697 1257 737 in
1278 695 1453 739 secunda
1472 727 1485 745 ‚
1518 708 1556 739 et

102 760 217 802 tertia
250 759 410 802 istantia
450 774 633 802 revocata
661 757 738 799 fuit
767 757 1090 814 priorsententia
1109 711 1272 808 ciudicis
1302 755 1513 798 Ordinarii
1535 785 1545 795 .

102 817 172 859 Ab
187 818 248 859 his
266 819 432 862 duobus
457 817 648 875 judicatis
677 817 945 860 Nunciaturae
965 816 1176 874 appellavit
1203 816 1323 857 altera
1351 815 1554 857 Commu-

101 876 204 919 nitas
240 878 293 919 ad
322 880 550 920 Romanam
585 876 789 927 Curiam,
820 876 1083 932 obtinuitque
1117 872 1459 917 commissionem
1488 890 1553 931 ap-

100 936 327 994 pellationis
351 953 420 995 per
438 940 560 981 Breve
576 969 590 988 ,
607 937 803 979 directum
831 938 993 979 Decimo
1012 968 1025 987 ,
1057 946 1096 977 et
1111 933 1399 978 Arclzicliacono
1421 933 1554 980 Eccle-

99 995 182 1038 siae
219 996 458 1040 Trevirensis
476 1029 490 1047 ,
519 998 593 1054 qui
611 996 716 1039 dicta
746 997 831 1038 duo
865 995 1106 1037 intermedia
1129 992 1309 1049 judicata
1333 993 1555 1051 Tribunalis

100 1054 370 1097 Nunciaturae
407 1069 683 1105 revocarunt,
710 1068 747 1097 et
762 1055 1060 1096 confirmarunt
1091 1051 1191 1093 illud
1208 1051 1355 1104 judicis
1375 1051 1559 1092 Ordina-

99 1114 175 1161 rii.
212 1115 256 1155 ln
276 1116 352 1156 hoc
371 1129 506 1158 rerum
534 1128 640 1157 statu
660 1146 672 1164 ,
700 1113 914 1156 Caselerzsis
944 1109 1210 1154 communitas
1250 1109 1556 1167 appellationem

100 1173 167 1213 sub
184 1174 319 1214 Banca
341 1173 383 1214 in
403 1176 588 1214 Romana
609 1173 742 1214 Curi‘a
760 1174 970 1229 proposuit
986 1174 1062 1213 sub
1080 1171 1142 1212 die
1155 1169 1215 1210 16.
1230 1168 1425 1210 februarii
1444 1182 1557 1223 1771.

99 1243 137 1272 et
152 1231 333 1272 obtinuit
351 1230 631 1288 appellationis
647 1230 989 1271 Commissionem
1006 1244 1074 1285 per
1090 1231 1236 1272 Breve,
1256 1227 1451 1269 directum
1470 1227 1559 1279 Offi⁴

98 1289 191 1331 ciali
205 1289 496 1346 Archiepiscopi
509 1288 745 1332 coloniensis
766 1321 778 1338 ‚
811 1298 850 1331 et
882 1289 1046 1332 Decano
1077 1285 1319 1345 Collegiame
1352 1285 1561 1330 Ecclesiae.

98 1347 173 1389 Ss.
195 1348 469 1405 Apostolorum
507 1349 637 1391 dictae
668 1347 861 1392 Civitatis
886 1378 904 1388 ..

599 1464 919 1508 CAPUT
978 1466 1067 1506 IV.

393 1586 455 1628 De
480 1582 617 1628 ordine
639 1583 868 1642 Scripturae
888 1612 902 1632 ‚
930 1594 968 1623 et
983 1579 1283 1630 Informazionis.

512 1655 604 1688 ante
627 1643 929 1705 propositionem
958 1641 1113 1685 Causae
1131 1672 1142 1684 .

133 1778 136 1780 ·
219 1764 331 1806 Uum
365 1764 408 1807 in
445 1765 630 1807 Romana
663 1763 797 1806 Curia
816 1794 842 1813 „
871 1778 977 1820 quae
1010 1776 1095 1804 non
1127 1776 1258 1818 pauca
1298 1775 1319 1801 a
1348 1761 1567 1804 Romanae*-

95 1764 219 1905 Q
253 1823 511 1880 Reipublicae
530 1824 690 1878 judiciis
722 1823 967 1877 adoptavit,
990 1821 1212 1863 laudabilis(
1231 1820 1362 1877 vigeat
1391 1834 1559 1862 consue-

243 1882 341 1923 tudo
362 1881 423 1921 illa
444 1912 456 1930 ,
485 1894 531 1922 ut
555 1880 711 1922 diversa
740 1880 782 1918 in
804 1880 964 1920 Causis.
985 1879 1160 1934 agendis!
1185 1880 1325 1919 munia
1352 1878 1432 1921 sint
1459 1881 1558 1920 Pro-

94 1942 308 1991 curatoris,
327 1954 364 1982 et
385 1938 604 1986 Advocati,
624 1937 1117 1995 proindeque2diversam,
1127 1951 1199 1993 pro
1217 1937 1481 1993 Litigantium
1495 1938 1560 1979 de»

92 1998 274 2041 fensione
303 1997 519 2051 cujuslibet
534 1997 742 2039 scribendi.
756 1996 954 2038 rationem
973 2011 1051 2038 esse
1071 2026 1093 2044 ‚f
1118 1995 1316 2036 nonnulli.
1331 2008 1524 2038 censeant
1541 2027 1555 2046 ,

94 2057 264 2116 praefari
281 2057 346 2100 hic
368 2056 715 2100 meritoduximus
732 2085 744 2104 ,
758 2070 961 2109 quantum
979 2069 1118 2112 nempe
1137 2054 1414 2096 procuratoris
1431 2055 1559 2097 facul-

97 2131 157 2162 tas
174 2118 283 2167 ‚sive
299 2133 450 2160 munus
463 2145 476 2163 ,
495 2118 547 2158 ab
567 2116 632 2157 illo
651 2118 960 2159 Advocatorum
978 2115 1094 2156 distet
1113 2146 1123 2155 .
1143 2114 1346 2169 Equidem
1359 2114 1558 2156 Procura-

97 2191 223 2226 tores,
239 2179 362 2234 vulgo
375 2174 564 2218 C'uriales
584 2174 781 2231 appellati,
800 2172 1058 2214 instructores
1072 2173 1321 2227 judiciorum
1339 2187 1436 2217 sunt
1454 2173 1559 2223 :,ita-

100 2251 147 2281 ut
174 2238 225 2280 ad
248 2252 314 2281 eos
341 2235 538 2296 pertineat
567 2231 898 2276 commissiones³
920 2245 1165 2287 componere
1198 2232 1457 2281 „monitoria
1480 2262 1493 2281 ‚
1525 2245 1564 2275 et

100 2296 246 2341 libellos
265 2327 278 2346 ‚
311 2297 500 2350 articulos
517 2325 529 2343 ,
563 2293 783 2351 positiones
799 2323 822 2342 ,,
846 2304 1083 2348 caeteraque
1115 2303 1207 2333 acta
1242 2290 1449 2347 judicialia
1467 2305 1563 2333 con·

101 2359 215 2401 ficere
235 2373 252 2406 ς’
275 2372 458 2414 processu
485 2353 573 2410 iam
594 2353 792 2395 instructo
810 2383 823 2400 ,
856 2349 967 2392 illurn
991 2365 1220 2406 percurrere
1240 2382 1262 2399 ‚.
1285 2365 1335 2393 et*
1356 2364 1561 2406 quatenus

103 2433 204 2475 opus
231 2416 535 2465 sit‚,di·scursum
554 2447 575 2464 ‚.
602 2427 647 2458 ut
663 2412 715 2454 ait
734 2411 794 2452 De
810 2411 948 2459 Luca,
963 2410 1171 2466 efformare
1199 2425 1275 2464 pro
1294 2407 1562 2466 congressibus

93 2476 186 2535 fieri
203 2476 321 2518 solitis
335 2493 412 2533 pr0÷
427 2472 899 2519 Causarumdirectiorw,
928 2468 982 2510 ἱτα
1001 2468 1224 2510 instruendo
1257 2469 1478 2510 Advocatos
1508 2467 1558 2507 de

102 2537 252 2578 illarum
284 2547 387 2578 statu
410 2564 422 2583 ,
456 2547 570 2592 atque
585 2533 840 2594 promovendo
866 2528 1008 2572 motiva
1028 2528 1142 2570 etiam
1166 2527 1301 2585 juris.
1335 2526 1560 2569 Indubium

51 2614 69 2629 κ
103 2596 201 2641 uero
224 2610 278 2639 est
294 2627 307 2647 ,
336 2596 419 2638 illos
434 2595 553 2640 etiam
581 2595 750 2639 scribere
767 2608 841 2652 pto
859 2588 1089 2634 defensione
1107 2587 1344 2634 Causarum
1359 2616 1384 2638 ‚.
1404 2599 1444 2631 et
1471 2583 1563 2627 scri-

1459 2658 1569 2703 pru-2-
