1993 3195
114 331 147 360 et
175 323 206 358 in
232 323 282 356 εἰς
309 328 545 356 contentorum
561 325 743 357 commodo
762 347 772 363 ‚
806 333 839 358 et
856 324 981 359 effectu
1009 327 1149 370 pacifice
1176 325 1244 362 frui
1265 350 1276 366 ‚
1299 333 1336 362 et
1353 329 1508 372 gaudere3
1528 293 1597 367 11ng

112 371 345 419 permittentes
362 368 436 405 illos
454 394 464 410 ,
492 383 551 406 seu
568 383 683 407 corum
702 373 894 419 quempiam
913 375 1057 418 desuper
1071 374 1333 418 quomodolibet
1352 375 1503 410 indebite
1523 391 1598 413 mo-

111 420 220 457 lestari
237 445 247 460 ‚
278 420 493 465 perturbari,
521 420 724 467 inquietari,
755 420 807 458 vel
827 421 1006 469 impediri,
1034 422 1313 458 contradictores
1335 425 1534 469 quoslibet,
1566 438 1598 463 et

110 469 269 505 Rebelles
288 481 348 515 per
365 469 549 506 Sententias
566 495 577 510 ,
604 479 638 506 et
653 472 844 512 Censuras‚
878 481 911 507 et
935 483 1046 518 poenas
1073 472 1320 508 Ecclesiasticas
1334 497 1345 513 ,
1377 473 1507 520 aliaque
1532 487 1600 522 op-

109 520 351 565 portunaiuris
367 544 378 559 ,
408 529 441 555 et
455 519 532 554 facti
548 521 696 555 remedia
715 544 725 560 ,
757 521 979 568 appellatione
1013 521 1187 568 posposita
1203 546 1213 562 ‚
1242 524 1492 568 compescendo
1509 549 1519 564 ‚
1552 525 1598 560 le-

110 568 307 615 gitimisque
322 580 423 613 super
442 569 491 604 his
508 569 668 605 habendis
694 572 841 606 servatis.
869 570 1080 616 processibus
1096 596 1107 613 ‚
1138 582 1291 607 censuras
1309 597 1319 613 ,
1349 581 1383 607 et
1401 584 1523 618 poenas
1550 575 1599 619 ip-

110 630 162 653 sas
178 618 304 653 iteratis
323 618 456 653 vicibus
486 619 583 654 etiam
603 622 840 665 aggravando,
872 621 1028 657 invocato
1058 623 1157 657 etiam
1186 621 1227 656 ad
1259 623 1324 657 hoc
1344 623 1368 659 si
1386 634 1472 667 opus
1496 623 1601 658 fuerit

109 667 241 702 auxilio
257 666 383 701 brachii
407 667 597 709 Secularis3
625 679 691 703 non
705 670 917 705 obstantibus
933 671 1091 706 omnibus
1107 695 1118 711 ‚
1153 680 1185 705 et
1211 671 1354 717 singulis
1369 696 1380 711 ‚
1409 682 1483 717 quae
1501 672 1531 706 in
1548 684 1601 708 su-

111 715 278 761 praedictis
300 714 419 750 nostris
437 715 541 751 literis
557 717 783 754 concessimus
812 731 877 753 non
906 720 1066 759 obstare,
1094 719 1290 765 caeterisque
1317 720 1494 755 contrariis
1524 720 1599 767 qui-

110 765 324 809 buscumque
342 778 350 797 ε
370 765 495 800 Datum
515 766 633 802 Romae
645 769 732 811 apud
749 769 901 803 Sanctam
919 768 1060 801 Mariam
1080 769 1245 806 Maiorem
1261 771 1322 803 sub
1337 768 1475 805 Annulo
1489 770 1602 808 Pisca-

110 813 195 849 toris
208 813 263 849 die
276 812 357 849 XII.
373 814 521 860 Augusti
550 816 730 851 MDCCI.
756 815 914 851 Pontific.
943 817 1047 850 nostri
1074 817 1174 851 Anno
1202 818 1232 852 1.

1140 868 1175 900 F.
1204 865 1403 903 oliverius.

744 916 810 964 N.
836 917 959 963 XIX.

506 1011 1198 1058 NOTlflcstzloNE.

108 1107 180 1192 B
198 1108 311 1144 Enche
328 1106 422 1141 molti
439 1108 544 1144 Editti
562 1109 649 1145 della
667 1111 851 1157 Segnatura
872 1109 907 1145 di
924 1108 1094 1144 Giustizia
1109 1109 1194 1144 altre
1209 1107 1302 1142 volte
1332 1108 1498 1153 publicati
1513 1109 1613 1145 d'c·r·>

209 1158 286 1192 dine
305 1153 384 1191 dell'
398 1156 672 1194 Eminentissimo
691 1161 832 1203 Signore
855 1161 961 1193 Card·
992 1158 1099 1191 Scotti
1121 1157 1276 1191 Prefetto
1289 1180 1300 1196 ‚
1328 1169 1346 1191 e
1362 1158 1604 1201 specialmente

110 1205 141 1240 in
158 1205 273 1251 quello
290 1201 345 1240 de'
365 1215 377 1238 1
390 1216 421 1239 2.
439 1207 550 1242 Genn.
582 1217 687 1251 1719.
703 1209 734 1250 §-
750 1207 908 1242 Volumus
927 1206 976 1240 sia
996 1206 1153 1240 ordinato
1167 1230 1178 1246 ‚
1206 1206 1269 1240 che
1298 1205 1472 1252 chiunque
1498 1208 1601 1242 ricor-

109 1266 146 1290 re
171 1253 236 1288 alla
253 1255 349 1299 piena
365 1253 546 1300 Segnatura
559 1279 570 1295 ‚
597 1256 707 1291 debba
723 1259 800 1290 dare
818 1256 848 1290 in
865 1255 1061 1289 Summario
1075 1279 1086 1295 ‚
1113 1254 1200 1289 oltre
1218 1253 1248 1288 la
1263 1254 1523 1292 commissione
1540 1280 1549 1295 ,
1579 1254 1603 1291 il

108 1302 262 1338 Decreto
277 1327 287 1343 ‚
315 1315 336 1337 o
364 1303 525 1339 Sentenza
541 1329 550 1344 ‚
585 1314 705 1340 contro
722 1307 776 1339 cui
798 1305 824 1339 si
839 1304 1006 1339 domanda
1025 1303 1146 1349 venghi
1163 1315 1349 1338 commessa
1377 1303 1407 1339 la
1438 1316 1536 1341 causa
1550 1329 1561 1345 ‚
1587 1316 1606 1339 e

108 1352 165 1386 cio
188 1363 253 1386 non
271 1360 402 1386 ostante
419 1377 429 1392 ‚
457 1353 515 1397 piu
532 1352 624 1388 volte
643 1353 719 1390 siasi
735 1362 924 1389 trascurata
952 1352 973 1387 l'
986 1364 1183 1387 osservanza
1201 1352 1233 1386 di
1257 1353 1341 1387 detti
1357 1352 1479 1387 Ordini
1499 1379 1509 1393 ,
1536 1365 1607 1388 cre-

107 1401 220 1436 dendo
246 1398 391 1434 talvolta
406 1401 427 1434 il
443 1402 630 1435 ricorrente
643 1414 759 1437 sanare
775 1402 928 1437 l'incorsa
942 1401 1230 1437 contravenzione,
1244 1413 1308 1435 con
1335 1401 1415 1435 dare
1434 1401 1455 1435 il
1473 1403 1606 1437 Decre-

109 1458 147 1485 to
165 1473 176 1490 ‚
201 1461 223 1483 o
241 1457 396 1484 sentenza
416 1449 447 1483 in
465 1461 565 1484 mano
581 1450 614 1485 di
632 1450 831 1496 Monsignor
849 1451 997 1484 Ponente
1024 1447 1114 1482 della
1132 1449 1244 1483 Causa
1258 1472 1268 1486 ‚
1296 1460 1428 1493 oppure
1457 1451 1542 1485 nella
1557 1450 1607 1484 ri-

107 1506 222 1543 sposta
237 1522 247 1531 .
273 1497 404 1542 Quindi
419 1498 437 1532 ὲ
451 1522 461 1538 ,
489 1500 551 1533 che
567 1498 720 1533 d'ordine
734 1498 788 1534 del
808 1501 944 1534 sudetto
961 1497 1238 1532 Eminentissimo
1261 1496 1385 1544 Signor
1403 1498 1510 1534 Card.
1528 1500 1607 1534 Pre-

106 1548 194 1583 fetto
215 1570 226 1587 ‚
252 1558 270 1581 e
288 1558 348 1592 per
367 1545 508 1582 l'intiera
521 1549 719 1583 esecuzione
733 1548 786 1583 de’
801 1561 873 1583 Suol
894 1548 998 1582 Editti
1015 1571 1025 1586 ‚
1052 1548 1079 1582 si
1099 1546 1128 1581 fa
1146 1557 1263 1591 sapere
1290 1558 1307 1579 a
1326 1547 1404 1580 tutti
1421 1549 1427 1579 i
1446 1547 1616 1588 Curiali,

106 1599 171 1633 che
196 1596 435 1630 onninamente
459 1597 612 1631 debbano
640 1596 672 1630 in
701 1599 862 1632 avvenire
882 1595 1061 1643 registrare
1091 1596 1143 1631 nel
1165 1595 1357 1629 Sommario
1378 1594 1465 1629 della
1491 1595 1603 1640 prima

108 1646 278 1681 Scrittura
295 1646 337 1680 da
353 1646 438 1680 darsi
460 1659 477 1681 a
493 1645 571 1681 tutti
604 1644 625 1679 li
642 1645 776 1690 Signori
796 1645 919 1680 Prel'ati
939 1643 1077 1679 Votanti
1112 1653 1206 1679 tanto
1230 1643 1251 1678 il
1279 1646 1419 1677 decreto
1438 1668 1448 1684 ‚
1477 1654 1618 1689 quanto⁴

110 1695 141 1730 la
158 1695 322 1729 Sentenza
334 1719 344 1732 ‚
371 1695 459 1731 dalla
471 1695 567 1741 quale
582 1694 609 1730 si
631 1695 797 1730 domanda
813 1693 1080 1740 l'Appellazione
1093 1718 1105 1733 ‚
1134 1694 1174 1727 ne
1188 1691 1365 1737 suffragara
1382 1695 1461 1728 dare
1477 1692 1605 1734 quello,

108 1756 131 1779 o
147 1743 258 1788 quella
274 1743 361 1778 nella
379 1743 523 1788 risposta
538 1743 625 1778 della
640 1745 753 1779 Causa
767 1768 777 1783 ‚
794 1757 816 1778 o
837 1755 920 1788 pure
944 1756 961 1777 a
979 1743 1178 1787 Monsignor
1194 1741 1345 1776 Ponente
1363 1766 1381 1780 ‚,
1402 1751 1532 1777 mentre
1548 1743 1606 1777 cio

109 1805 176 1828 non
192 1801 322 1827 ostante
348 1792 587 1828 incorreranno
606 1792 637 1826 la
652 1803 754 1827 stessa
769 1805 852 1837 pen-a
865 1816 876 1831 ,
906 1791 1058 1836 ingionra
1077 1791 1127 1824 nei
1146 1790 1270 1825 sudetti
1288 1790 1392 1824 Editti
1408 1814 1419 1831 ,
1448 1791 1489 1825 ed
1519 1790 1606 1826 inol-

111 1849 165 1876 tre
185 1853 250 1876 non
275 1842 302 1875 si
322 1840 393 1877 fara
407 1850 508 1877 conto
528 1840 579 1876 de’
595 1842 680 1876 detti
699 1840 834 1875 Decreti
850 1865 861 1880 ‚
887 1852 908 1874 o
927 1841 1090 1875 Sentenze
1105 1863 1115 1878 ‚
1144 1849 1242 1873 come
1256 1851 1289 1871 se
1306 1848 1370 1871 non
1386 1839 1514 1874 fossera
1535 1838 1605 1874 dati

111 1890 165 1925 nel
181 1891 394 1933 Sommafio,
420 1894 461 1927 ed
492 1890 513 1926 il
540 1892 790 1929 Procuratore,
819 1891 879 1925 che
914 1887 1063 1924 scrivera
1087 1887 1173 1922 nella
1201 1886 1338 1926 Causa,
1365 1890 1437 1922 sara
1454 1891 1606 1924 condan-

111 1948 191 1974 nato
207 1952 225 1974 a
237 1953 359 1986 pagare
376 1942 404 1975 le
419 1951 517 1986 spese
532 1941 584 1976 del
599 1939 738 1986 proprio
754 1964 765 1979 ‚
792 1951 890 1974 senza
905 1939 1023 1974 alcuna
1038 1936 1237 1972 remissione
1251 1934 1281 1970 d'
1296 1936 1476 1981 applicarsi
1494 1940 1535 1972 ad
1550 1947 1600 1972 ,πε

111 1986 216 2025 bitrio
231 1990 265 2025 di
281 1991 312 2025 S.
327 1990 364 2025 E.
379 1991 417 2026 In
436 1991 545 2026 Roma
562 2000 683 2036 questo
713 1990 746 2024 dl
763 2000 797 2035 7.
814 1990 880 2035 Ag.
908 1998 1012 2033 1721.

886 2043 938 2072 A.
958 2038 995 2072 de
1011 2034 1208 2072 abbatibus
1221 2033 1378 2070 Auditor
1394 2056 1406 2069 0

764 2137 964 2188 N.sz

523 2233 1220 2279 ΝοτιΡιεΛΖΙαΝΕι

213 2332 223 2346 ’
237 2333 368 2371 Ordine
393 2332 470 2370 doll'
487 2330 760 2369 Eminentissimo
778 2329 899 2375 signor
915 2329 1020 2364 Card.
1035 2328 1142 2364 Scottl
1160 2327 1313 2364 Prefetto
1329 2326 1417 2362 della
1439 2326 1612 2371 segnatum
1639 2327 1644 2331 '

240 2395 276 2418 ra
297 2384 328 2418 di
343 2383 513 2419 Giustizia
530 2394 590 2429 per
611 2379 750 2425 togliere
770 2391 791 2425 g
806 2379 821 2415 i.
835 2379 926 2414 abusi
942 2403 953 2418 ‚
984 2377 1047 2412 ele
1065 2376 1246 2415 soverchie,
1267 2376 1462 2422 lunghezze·
1482 2384 1607 2420 troppo

119 2431 350 2478 pregiudiziali
369 2434 420 2468 alli
438 2432 580 2479 litiganti
602 2457 612 2472 ‚
641 2431 667 2465 si
684 2431 715 2464 fa
729 2440 843 2472 sapere
859 2440 876 2463 a
891 2428 971 2462 turti
998 2427 1018 2461 li
1037 2426 1166 2471 signori
1185 2426 1345 2465 curiali,
1366 2427 1426 2460 che
1443 2424 1496 2460 dal
1517 2424 1607 2469 gior-

119 2489 166 2513 no
182 2492 329 2522 presente
345 2482 374 2517 in
393 2474 549 2517 avvenire
566 2494 627 2515 non
655 2480 681 2515 si
710 2478 912 2524 leggerarno
933 2476 1044 2513 avanti
1077 2475 1097 2510 l'
1114 2477 1134 2510 E
1165 2476 1197 2510 S.
1229 2473 1385 2510 citazioni
1415 2475 1454 2510 di,
1475 2485 1605 2509 veruna

119 2539 211 2566 sorte
224 2556 235 2572 ‚
261 2534 302 2566 ne
318 2533 347 2568 in
362 2529 582 2578 qualsivoglia
594 2542 693 2566 causa
707 2553 719 2571 ‚
746 2539 780 2563 se
795 2527 903 2574 prima
919 2539 982 2562 non
1006 2537 1148 2562 saranno
1176 2523 1391 2561 sottoscritte
1411 2524 1466 2559 col
1478 2523 1605 2572 poterit

1534 2569 1602 2619 legi
