<?xml version="1.0" encoding="UTF-8"?>
<!DOCTYPE html PUBLIC "-//W3C//DTD XHTML 1.0 Transitional//EN"
    "http://www.w3.org/TR/xhtml1/DTD/xhtml1-transitional.dtd">
<html xmlns="http://www.w3.org/1999/xhtml" xml:lang="en" lang="en">
 <head>
  <title>
</title>
<meta http-equiv="Content-Type" content="text/html;charset=utf-8" />
  <meta name='ocr-system' content='tesseract 3.04.00' />
  <meta name='ocr-capabilities' content='ocr_page ocr_carea ocr_par ocr_line ocrx_word'/>
</head>
<body>
  <div class='ocr_page' id='page_1' title='image "./dejuresignaturae00vita_0415.png"; bbox 0 0 1993 3195; ppageno 0'>
   <div class='ocr_carea' id='block_1_1' title="bbox 155 312 1674 2649">
    <p class='ocr_par' dir='ltr' id='par_1_1' title="bbox 689 312 1670 356">
     <span class='ocr_line' id='line_1_1' title="bbox 689 312 1670 356; baseline 0.007 -10"><span class='ocrx_word' id='word_1_1' title='bbox 689 312 719 346; x_wconf 82' lang='lat' dir='ltr'>A</span> <span class='ocrx_word' id='word_1_2' title='bbox 762 312 788 346; x_wconf 89' lang='grc' dir='ltr'><strong>Ρ</strong></span> <span class='ocrx_word' id='word_1_3' title='bbox 827 313 854 346; x_wconf 85' lang='grc' dir='ltr'>Ρ</span> <span class='ocrx_word' id='word_1_4' title='bbox 890 313 914 347; x_wconf 87' lang='lat' dir='ltr'>E</span> <span class='ocrx_word' id='word_1_5' title='bbox 957 315 990 347; x_wconf 92' lang='lat' dir='ltr'>N</span> <span class='ocrx_word' id='word_1_6' title='bbox 1027 315 1062 349; x_wconf 96' lang='lat' dir='ltr'><strong>D</strong></span> <span class='ocrx_word' id='word_1_7' title='bbox 1101 317 1116 351; x_wconf 89' lang='grc' dir='ltr'>Ι</span> <span class='ocrx_word' id='word_1_8' title='bbox 1153 316 1184 351; x_wconf 87' lang='lat' dir='ltr'>X</span> <span class='ocrx_word' id='word_1_9' title='bbox 1607 329 1670 356; x_wconf 82' lang='lat'>11¹</span> 
     </span>
    </p>

    <p class='ocr_par' dir='ltr' id='par_1_2' title="bbox 186 356 1674 797">
     <span class='ocr_line' id='line_1_2' title="bbox 291 356 1674 407; baseline 0.01 -18"><span class='ocrx_word' id='word_1_10' title='bbox 291 356 445 391; x_wconf 88' lang='lat' dir='ltr'>Caveant</span> <span class='ocrx_word' id='word_1_11' title='bbox 474 356 588 402; x_wconf 88' lang='lat' dir='ltr'>itaque</span> <span class='ocrx_word' id='word_1_12' title='bbox 620 358 775 399; x_wconf 87' lang='lat' dir='ltr'>Iudices,</span> <span class='ocrx_word' id='word_1_13' title='bbox 806 363 1040 403; x_wconf 76' lang='lat' dir='ltr'>etrespective</span> <span class='ocrx_word' id='word_1_14' title='bbox 1067 364 1385 404; x_wconf 83' lang='lat' dir='ltr'>Administratores,</span> <span class='ocrx_word' id='word_1_15' title='bbox 1415 362 1610 407; x_wconf 88' lang='lat' dir='ltr'>Officiales,</span> <span class='ocrx_word' id='word_1_16' title='bbox 1640 378 1674 403; x_wconf 88' lang='lat' dir='ltr'>et</span> 
     </span>
     <span class='ocr_line' id='line_1_3' title="bbox 190 404 1672 457; baseline 0.005 -16"><span class='ocrx_word' id='word_1_17' title='bbox 190 404 425 451; x_wconf 83' lang='lat' dir='ltr'>Depositarii‚</span> <span class='ocrx_word' id='word_1_18' title='bbox 453 417 581 441; x_wconf 78' lang='lat' dir='ltr'>necnon</span> <span class='ocrx_word' id='word_1_19' title='bbox 608 407 797 447; x_wconf 89' lang='lat' dir='ltr'>Cursores‚</span> <span class='ocrx_word' id='word_1_20' title='bbox 825 417 859 443; x_wconf 89' lang='lat' dir='ltr'>et</span> <span class='ocrx_word' id='word_1_21' title='bbox 884 409 1078 444; x_wconf 74' lang='lat' dir='ltr'>Mandarai-ii</span> <span class='ocrx_word' id='word_1_22' title='bbox 1097 434 1106 448; x_wconf 92' lang='lat'>,</span> <span class='ocrx_word' id='word_1_23' title='bbox 1134 424 1173 446; x_wconf 91' lang='lat' dir='ltr'>ne</span> <span class='ocrx_word' id='word_1_24' title='bbox 1193 413 1272 456; x_wconf 89' lang='lat' dir='ltr'>quid</span> <span class='ocrx_word' id='word_1_25' title='bbox 1303 423 1364 457; x_wconf 85' lang='lat' dir='ltr'>per</span> <span class='ocrx_word' id='word_1_26' title='bbox 1392 424 1448 447; x_wconf 89' lang='lat' dir='ltr'>eos</span> <span class='ocrx_word' id='word_1_27' title='bbox 1475 414 1531 447; x_wconf 82' lang='lat' dir='ltr'>fiat</span> <span class='ocrx_word' id='word_1_28' title='bbox 1558 425 1672 449; x_wconf 79' lang='lat' dir='ltr'>contra</span> 
     </span>
     <span class='ocr_line' id='line_1_4' title="bbox 189 454 1671 507; baseline 0.005 -18"><span class='ocrx_word' id='word_1_29' title='bbox 189 454 331 491; x_wconf 80' lang='lat' dir='ltr'>formam</span> <span class='ocrx_word' id='word_1_30' title='bbox 348 480 358 495; x_wconf 94' lang='lat'>,</span> <span class='ocrx_word' id='word_1_31' title='bbox 387 463 420 490; x_wconf 88' lang='lat' dir='ltr'>et</span> <span class='ocrx_word' id='word_1_32' title='bbox 435 455 688 500; x_wconf 77' lang='lat' dir='ltr'>dispositionem</span> <span class='ocrx_word' id='word_1_33' title='bbox 716 457 815 496; x_wconf 83' lang='lat' dir='ltr'>hujus</span> <span class='ocrx_word' id='word_1_34' title='bbox 832 457 964 494; x_wconf 76' lang='lat' dir='ltr'>Nostra:</span> <span class='ocrx_word' id='word_1_35' title='bbox 984 458 1273 493; x_wconf 86' lang='lat' dir='ltr'>Constitutionis:</span> <span class='ocrx_word' id='word_1_36' title='bbox 1302 461 1334 494; x_wconf 91' lang='lat' dir='ltr'>Si</span> <span class='ocrx_word' id='word_1_37' title='bbox 1350 461 1425 507; x_wconf 89' lang='lat' dir='ltr'>quis</span> <span class='ocrx_word' id='word_1_38' title='bbox 1440 461 1527 497; x_wconf 88' lang='lat' dir='ltr'>enim</span> <span class='ocrx_word' id='word_1_39' title='bbox 1545 463 1575 496; x_wconf 90' lang='lat' dir='ltr'>ei</span> <span class='ocrx_word' id='word_1_40' title='bbox 1590 474 1671 498; x_wconf 88' lang='lat' dir='ltr'>ausu</span> 
     </span>
     <span class='ocr_line' id='line_1_5' title="bbox 190 504 1672 554; baseline 0.005 -17"><span class='ocrx_word' id='word_1_41' title='bbox 190 505 371 540; x_wconf 86' lang='lat' dir='ltr'>temerario</span> <span class='ocrx_word' id='word_1_42' title='bbox 397 504 565 540; x_wconf 86' lang='lat' dir='ltr'>contraire</span> <span class='ocrx_word' id='word_1_43' title='bbox 596 507 869 552; x_wconf 59' lang='lat' dir='ltr'>praesumpserit,</span> <span class='ocrx_word' id='word_1_44' title='bbox 896 507 978 542; x_wconf 88' lang='lat' dir='ltr'>sciat</span> <span class='ocrx_word' id='word_1_45' title='bbox 1005 519 1040 542; x_wconf 92' lang='lat' dir='ltr'>se</span> <span class='ocrx_word' id='word_1_46' title='bbox 1069 509 1193 554; x_wconf 86' lang='lat' dir='ltr'>absque</span> <span class='ocrx_word' id='word_1_47' title='bbox 1218 507 1287 543; x_wconf 82' lang='lat' dir='ltr'>ulla</span> <span class='ocrx_word' id='word_1_48' title='bbox 1313 521 1372 554; x_wconf 91' lang='lat' dir='ltr'>spe</span> <span class='ocrx_word' id='word_1_49' title='bbox 1398 510 1527 549; x_wconf 83' lang='lat' dir='ltr'>veniae,</span> <span class='ocrx_word' id='word_1_50' title='bbox 1554 510 1608 545; x_wconf 89' lang='lat' dir='ltr'>vel</span> <span class='ocrx_word' id='word_1_51' title='bbox 1626 511 1672 545; x_wconf 90' lang='lat' dir='ltr'>in·</span> 
     </span>
     <span class='ocr_line' id='line_1_6' title="bbox 188 553 1670 604; baseline 0.003 -16"><span class='ocrx_word' id='word_1_52' title='bbox 188 553 370 600; x_wconf 87' lang='lat' dir='ltr'>dulgentiae</span> <span class='ocrx_word' id='word_1_53' title='bbox 398 579 408 594; x_wconf 95' lang='lat'>‚</span> <span class='ocrx_word' id='word_1_54' title='bbox 436 553 526 589; x_wconf 87' lang='lat' dir='ltr'>ultra</span> <span class='ocrx_word' id='word_1_55' title='bbox 554 553 816 600; x_wconf 80' lang='lat' dir='ltr'>indignationem</span> <span class='ocrx_word' id='word_1_56' title='bbox 854 555 1040 598; x_wconf 80' lang='lat' dir='ltr'>Nostram,</span> <span class='ocrx_word' id='word_1_57' title='bbox 1070 568 1200 604; x_wconf 78' lang='lat' dir='ltr'>poenam</span> <span class='ocrx_word' id='word_1_58' title='bbox 1231 569 1368 604; x_wconf 91' lang='lat' dir='ltr'>quoque</span> <span class='ocrx_word' id='word_1_59' title='bbox 1400 559 1604 594; x_wconf 88' lang='lat' dir='ltr'>reductionis</span> <span class='ocrx_word' id='word_1_60' title='bbox 1637 560 1670 594; x_wconf 90' lang='lat' dir='ltr'>in</span> 
     </span>
     <span class='ocr_line' id='line_1_7' title="bbox 187 603 1671 648; baseline 0.005 -11"><span class='ocrx_word' id='word_1_61' title='bbox 187 603 367 647; x_wconf 87' lang='lat' dir='ltr'>pristinum</span> <span class='ocrx_word' id='word_1_62' title='bbox 384 626 395 641; x_wconf 92' lang='lat'>‚</span> <span class='ocrx_word' id='word_1_63' title='bbox 420 614 461 637; x_wconf 85' lang='lat' dir='ltr'>ac</span> <span class='ocrx_word' id='word_1_64' title='bbox 479 603 672 638; x_wconf 86' lang='lat' dir='ltr'>refectionis</span> <span class='ocrx_word' id='word_1_65' title='bbox 698 605 849 640; x_wconf 90' lang='lat' dir='ltr'>omnium</span> <span class='ocrx_word' id='word_1_66' title='bbox 878 605 1074 641; x_wconf 88' lang='lat' dir='ltr'>damnorum</span> <span class='ocrx_word' id='word_1_67' title='bbox 1092 631 1102 646; x_wconf 95' lang='lat'>‚</span> <span class='ocrx_word' id='word_1_68' title='bbox 1131 615 1162 641; x_wconf 88' lang='lat' dir='ltr'>et</span> <span class='ocrx_word' id='word_1_69' title='bbox 1191 606 1375 648; x_wconf 85' lang='lat' dir='ltr'>interesse,</span> <span class='ocrx_word' id='word_1_70' title='bbox 1407 618 1473 641; x_wconf 89' lang='lat' dir='ltr'>non</span> <span class='ocrx_word' id='word_1_71' title='bbox 1503 606 1532 642; x_wconf 94' lang='lat' dir='ltr'>in</span> <span class='ocrx_word' id='word_1_72' title='bbox 1566 609 1671 644; x_wconf 88' lang='lat' dir='ltr'>subsi-</span> 
     </span>
     <span class='ocr_line' id='line_1_8' title="bbox 186 650 1670 701; baseline 0.004 -15"><span class='ocrx_word' id='word_1_73' title='bbox 186 652 308 693; x_wconf 86' lang='lat' dir='ltr'>dium,</span> <span class='ocrx_word' id='word_1_74' title='bbox 342 652 399 687; x_wconf 93' lang='lat' dir='ltr'>scd</span> <span class='ocrx_word' id='word_1_75' title='bbox 415 650 646 697; x_wconf 80' lang='lat' dir='ltr'>principaliter</span> <span class='ocrx_word' id='word_1_76' title='bbox 664 677 674 693; x_wconf 93' lang='lat'>‚</span> <span class='ocrx_word' id='word_1_77' title='bbox 702 663 734 689; x_wconf 91' lang='lat' dir='ltr'>et</span> <span class='ocrx_word' id='word_1_78' title='bbox 763 653 941 689; x_wconf 78' lang='lat' dir='ltr'>insolidum</span> <span class='ocrx_word' id='word_1_79' title='bbox 969 667 1044 691; x_wconf 84' lang='lat' dir='ltr'>cum</span> <span class='ocrx_word' id='word_1_80' title='bbox 1074 655 1113 691; x_wconf 90' lang='lat' dir='ltr'>iis</span> <span class='ocrx_word' id='word_1_81' title='bbox 1131 681 1141 696; x_wconf 92' lang='lat'>,</span> <span class='ocrx_word' id='word_1_82' title='bbox 1167 656 1225 701; x_wconf 90' lang='lat' dir='ltr'>qui</span> <span class='ocrx_word' id='word_1_83' title='bbox 1250 655 1487 701; x_wconf 71' lang='lat' dir='ltr'>praedictorum</span> <span class='ocrx_word' id='word_1_84' title='bbox 1521 655 1670 693; x_wconf 88' lang='lat' dir='ltr'>vinculo·</span> 
     </span>
     <span class='ocr_line' id='line_1_9' title="bbox 187 701 1668 753; baseline 0.004 -18"><span class='ocrx_word' id='word_1_85' title='bbox 187 712 262 737; x_wconf 88' lang='lat' dir='ltr'>rum</span> <span class='ocrx_word' id='word_1_86' title='bbox 293 701 494 737; x_wconf 84' lang='lat' dir='ltr'>deletionem</span> <span class='ocrx_word' id='word_1_87' title='bbox 512 725 521 741; x_wconf 94' lang='lat'>‚</span> <span class='ocrx_word' id='word_1_88' title='bbox 553 713 611 737; x_wconf 90' lang='lat' dir='ltr'>seu</span> <span class='ocrx_word' id='word_1_89' title='bbox 641 702 858 738; x_wconf 84' lang='lat' dir='ltr'>cassationem</span> <span class='ocrx_word' id='word_1_90' title='bbox 879 703 1026 740; x_wconf 87' lang='lat' dir='ltr'>indebite</span> <span class='ocrx_word' id='word_1_91' title='bbox 1058 705 1293 747; x_wconf 88' lang='lat' dir='ltr'>obtinuerint,</span> <span class='ocrx_word' id='word_1_92' title='bbox 1321 705 1395 752; x_wconf 86' lang='lat' dir='ltr'>ipso</span> <span class='ocrx_word' id='word_1_93' title='bbox 1423 706 1539 747; x_wconf 81' lang='lat' dir='ltr'>facto,</span> <span class='ocrx_word' id='word_1_94' title='bbox 1566 715 1668 753; x_wconf 88' lang='lat' dir='ltr'>atque</span> 
     </span>
     <span class='ocr_line' id='line_1_10' title="bbox 188 749 729 797; baseline 0.004 -13"><span class='ocrx_word' id='word_1_95' title='bbox 188 749 261 797; x_wconf 90' lang='lat' dir='ltr'>ipso</span> <span class='ocrx_word' id='word_1_96' title='bbox 277 753 350 792; x_wconf 84' lang='lat' dir='ltr'>jure</span> <span class='ocrx_word' id='word_1_97' title='bbox 381 750 591 786; x_wconf 87' lang='lat' dir='ltr'>incursurum</span> <span class='ocrx_word' id='word_1_98' title='bbox 627 751 699 786; x_wconf 89' lang='lat' dir='ltr'>fore</span> <span class='ocrx_word' id='word_1_99' title='bbox 720 776 729 786; x_wconf 91' lang='lat'>.</span> 
     </span>
    </p>

    <p class='ocr_par' dir='ltr' id='par_1_3' title="bbox 167 798 1670 1623">
     <span class='ocr_line' id='line_1_11' title="bbox 286 798 1668 848; baseline 0.005 -15"><span class='ocrx_word' id='word_1_100' title='bbox 286 798 468 844; x_wconf 89' lang='lat' dir='ltr'>Reliquum</span> <span class='ocrx_word' id='word_1_101' title='bbox 486 809 561 840; x_wconf 88' lang='lat' dir='ltr'>est,</span> <span class='ocrx_word' id='word_1_102' title='bbox 593 800 752 846; x_wconf 87' lang='lat' dir='ltr'>utaliqua</span> <span class='ocrx_word' id='word_1_103' title='bbox 774 800 873 837; x_wconf 85' lang='lat' dir='ltr'>etiam</span> <span class='ocrx_word' id='word_1_104' title='bbox 903 802 1095 847; x_wconf 72' lang='lat' dir='ltr'>opportune</span> <span class='ocrx_word' id='word_1_105' title='bbox 1109 812 1292 839; x_wconf 81' lang='lat' dir='ltr'>statuamus</span> <span class='ocrx_word' id='word_1_106' title='bbox 1318 815 1380 848; x_wconf 91' lang='lat' dir='ltr'>pro</span> <span class='ocrx_word' id='word_1_107' title='bbox 1398 813 1490 840; x_wconf 85' lang='lat' dir='ltr'>recto</span> <span class='ocrx_word' id='word_1_108' title='bbox 1521 816 1582 840; x_wconf 90' lang='lat' dir='ltr'>usu</span> <span class='ocrx_word' id='word_1_109' title='bbox 1610 816 1668 839; x_wconf 90' lang='lat' dir='ltr'>vo-</span> 
     </span>
     <span class='ocr_line' id='line_1_12' title="bbox 183 846 1665 893; baseline 0.003 -11"><span class='ocrx_word' id='word_1_110' title='bbox 183 846 334 884; x_wconf 84' lang='lat' dir='ltr'>luntariae</span> <span class='ocrx_word' id='word_1_111' title='bbox 358 848 605 884; x_wconf 89' lang='lat' dir='ltr'>Iurisdictionis</span> <span class='ocrx_word' id='word_1_112' title='bbox 627 849 659 884; x_wconf 94' lang='lat' dir='ltr'>in</span> <span class='ocrx_word' id='word_1_113' title='bbox 692 852 750 884; x_wconf 88' lang='lat' dir='ltr'>hac</span> <span class='ocrx_word' id='word_1_114' title='bbox 770 850 868 885; x_wconf 82' lang='lat' dir='ltr'>Alma</span> <span class='ocrx_word' id='word_1_115' title='bbox 899 851 1013 893; x_wconf 86' lang='lat' dir='ltr'>Urbe,</span> <span class='ocrx_word' id='word_1_116' title='bbox 1046 860 1080 886; x_wconf 93' lang='lat' dir='ltr'>et</span> <span class='ocrx_word' id='word_1_117' title='bbox 1110 853 1204 887; x_wconf 87' lang='lat' dir='ltr'>Statu</span> <span class='ocrx_word' id='word_1_118' title='bbox 1235 863 1349 888; x_wconf 90' lang='lat' dir='ltr'>nostro</span> <span class='ocrx_word' id='word_1_119' title='bbox 1383 852 1665 888; x_wconf 87' lang='lat' dir='ltr'>Ecclesiasiastico</span> 
     </span>
     <span class='ocr_line' id='line_1_13' title="bbox 180 897 1664 946; baseline 0.003 -15"><span class='ocrx_word' id='word_1_120' title='bbox 180 901 375 932; x_wconf 77' lang='lat' dir='ltr'>exercenda:</span> <span class='ocrx_word' id='word_1_121' title='bbox 392 921 401 932; x_wconf 91' lang='lat'>.</span> <span class='ocrx_word' id='word_1_122' title='bbox 432 897 600 943; x_wconf 88' lang='lat' dir='ltr'>Quamvis</span> <span class='ocrx_word' id='word_1_123' title='bbox 635 898 665 932; x_wconf 91' lang='lat' dir='ltr'>in</span> <span class='ocrx_word' id='word_1_124' title='bbox 695 897 853 942; x_wconf 81' lang='lat' dir='ltr'>praedicta</span> <span class='ocrx_word' id='word_1_125' title='bbox 876 900 963 934; x_wconf 90' lang='lat' dir='ltr'>Urbe</span> <span class='ocrx_word' id='word_1_126' title='bbox 987 925 997 941; x_wconf 96' lang='lat'>,</span> <span class='ocrx_word' id='word_1_127' title='bbox 1032 909 1065 935; x_wconf 87' lang='lat' dir='ltr'>et</span> <span class='ocrx_word' id='word_1_128' title='bbox 1094 900 1260 946; x_wconf 84' lang='lat' dir='ltr'>plerisque</span> <span class='ocrx_word' id='word_1_129' title='bbox 1287 901 1359 937; x_wconf 90' lang='lat' dir='ltr'>aliis</span> <span class='ocrx_word' id='word_1_130' title='bbox 1385 901 1537 940; x_wconf 86' lang='lat' dir='ltr'>ejusdem</span> <span class='ocrx_word' id='word_1_131' title='bbox 1553 902 1664 936; x_wconf 85' lang='lat' dir='ltr'>Status</span> 
     </span>
     <span class='ocr_line' id='line_1_14' title="bbox 179 945 1666 995; baseline 0.003 -16"><span class='ocrx_word' id='word_1_132' title='bbox 179 945 299 981; x_wconf 82' lang='lat' dir='ltr'>Nostri</span> <span class='ocrx_word' id='word_1_133' title='bbox 333 946 556 982; x_wconf 83' lang='lat' dir='ltr'>Ecclesiastici</span> <span class='ocrx_word' id='word_1_134' title='bbox 575 946 812 988; x_wconf 86' lang='lat' dir='ltr'>Civitatibus,</span> <span class='ocrx_word' id='word_1_135' title='bbox 846 948 988 990; x_wconf 81' lang='lat' dir='ltr'>Terris,</span> <span class='ocrx_word' id='word_1_136' title='bbox 1016 949 1181 990; x_wconf 84' lang='lat' dir='ltr'>Castris„</span> <span class='ocrx_word' id='word_1_137' title='bbox 1206 950 1377 995; x_wconf 81' lang='lat' dir='ltr'>oppidis,</span> <span class='ocrx_word' id='word_1_138' title='bbox 1411 949 1535 990; x_wconf 87' lang='lat' dir='ltr'>Locis,</span> <span class='ocrx_word' id='word_1_139' title='bbox 1566 958 1666 994; x_wconf 86' lang='lat' dir='ltr'>atque</span> 
     </span>
     <span class='ocr_line' id='line_1_15' title="bbox 179 994 1670 1041; baseline 0.001 -11"><span class='ocrx_word' id='word_1_140' title='bbox 179 994 370 1031; x_wconf 89' lang='lat' dir='ltr'>Provinciis</span> <span class='ocrx_word' id='word_1_141' title='bbox 397 996 504 1035; x_wconf 87' lang='lat' dir='ltr'>scite,</span> <span class='ocrx_word' id='word_1_142' title='bbox 538 998 787 1041; x_wconf 83' lang='lat' dir='ltr'>prudenterque</span> <span class='ocrx_word' id='word_1_143' title='bbox 817 1006 980 1033; x_wconf 84' lang='lat' dir='ltr'>statutum</span> <span class='ocrx_word' id='word_1_144' title='bbox 1011 999 1080 1038; x_wconf 89' lang='lat' dir='ltr'>sit,</span> <span class='ocrx_word' id='word_1_145' title='bbox 1109 1010 1148 1034; x_wconf 91' lang='lat' dir='ltr'>ne</span> <span class='ocrx_word' id='word_1_146' title='bbox 1165 997 1262 1032; x_wconf 87' lang='lat' dir='ltr'>aliter</span> <span class='ocrx_word' id='word_1_147' title='bbox 1287 997 1471 1037; x_wconf 81' lang='lat' dir='ltr'>Mulieres,</span> <span class='ocrx_word' id='word_1_148' title='bbox 1502 1007 1533 1033; x_wconf 90' lang='lat' dir='ltr'>et</span> <span class='ocrx_word' id='word_1_149' title='bbox 1557 999 1670 1033; x_wconf 86' lang='lat' dir='ltr'>Mino-</span> 
     </span>
     <span class='ocr_line' id='line_1_16' title="bbox 180 1045 1664 1093; baseline 0.002 -15"><span class='ocrx_word' id='word_1_150' title='bbox 180 1054 258 1085; x_wconf 75' lang='lat' dir='ltr'>res,</span> <span class='ocrx_word' id='word_1_151' title='bbox 289 1045 434 1081; x_wconf 85' lang='lat' dir='ltr'>maxime</span> <span class='ocrx_word' id='word_1_152' title='bbox 461 1056 542 1080; x_wconf 90' lang='lat' dir='ltr'>vero</span> <span class='ocrx_word' id='word_1_153' title='bbox 570 1045 766 1090; x_wconf 87' lang='lat' dir='ltr'>Impuberes</span> <span class='ocrx_word' id='word_1_154' title='bbox 795 1057 851 1080; x_wconf 89' lang='lat' dir='ltr'>seu</span> <span class='ocrx_word' id='word_1_155' title='bbox 881 1046 1030 1092; x_wconf 68' lang='lat' dir='ltr'>pnpilli,</span> <span class='ocrx_word' id='word_1_156' title='bbox 1066 1046 1174 1082; x_wconf 89' lang='lat' dir='ltr'>valide</span> <span class='ocrx_word' id='word_1_157' title='bbox 1205 1050 1402 1081; x_wconf 85' lang='lat' dir='ltr'>contrahere</span> <span class='ocrx_word' id='word_1_158' title='bbox 1433 1047 1503 1082; x_wconf 89' lang='lat' dir='ltr'>sive</span> <span class='ocrx_word' id='word_1_159' title='bbox 1522 1046 1664 1093; x_wconf 85' lang='lat' dir='ltr'>obligari</span> 
     </span>
     <span class='ocr_line' id='line_1_17' title="bbox 178 1094 1663 1140; baseline 0.003 -12"><span class='ocrx_word' id='word_1_160' title='bbox 178 1104 312 1138; x_wconf 88' lang='lat' dir='ltr'>posstnt</span> <span class='ocrx_word' id='word_1_161' title='bbox 329 1118 339 1135; x_wconf 91' lang='lat'>,</span> <span class='ocrx_word' id='word_1_162' title='bbox 369 1106 468 1140; x_wconf 81' lang='lat' dir='ltr'>quam</span> <span class='ocrx_word' id='word_1_163' title='bbox 492 1094 591 1129; x_wconf 91' lang='lat' dir='ltr'>certis</span> <span class='ocrx_word' id='word_1_164' title='bbox 621 1094 888 1139; x_wconf 83' lang='lat' dir='ltr'>praescriptisque</span> <span class='ocrx_word' id='word_1_165' title='bbox 921 1096 1080 1131; x_wconf 85' lang='lat' dir='ltr'>adhibitis</span> <span class='ocrx_word' id='word_1_166' title='bbox 1105 1095 1394 1135; x_wconf 85' lang='lat' dir='ltr'>solemnitatibus,</span> <span class='ocrx_word' id='word_1_167' title='bbox 1419 1104 1451 1129; x_wconf 90' lang='lat' dir='ltr'>et</span> <span class='ocrx_word' id='word_1_168' title='bbox 1480 1097 1663 1140; x_wconf 82' lang='lat' dir='ltr'>praesertim</span> 
     </span>
     <span class='ocr_line' id='line_1_18' title="bbox 177 1143 1665 1190; baseline 0.003 -14"><span class='ocrx_word' id='word_1_169' title='bbox 177 1145 270 1187; x_wconf 88' lang='lat' dir='ltr'>quod</span> <span class='ocrx_word' id='word_1_170' title='bbox 287 1155 385 1179; x_wconf 89' lang='lat' dir='ltr'>causa</span> <span class='ocrx_word' id='word_1_171' title='bbox 401 1143 623 1178; x_wconf 87' lang='lat' dir='ltr'>contrahendi</span> <span class='ocrx_word' id='word_1_172' title='bbox 641 1168 651 1183; x_wconf 90' lang='lat'>,</span> <span class='ocrx_word' id='word_1_173' title='bbox 682 1146 732 1177; x_wconf 88' lang='lat' dir='ltr'>vel</span> <span class='ocrx_word' id='word_1_174' title='bbox 751 1143 951 1179; x_wconf 87' lang='lat' dir='ltr'>distrahendi</span> <span class='ocrx_word' id='word_1_175' title='bbox 982 1145 1012 1179; x_wconf 93' lang='lat' dir='ltr'>in</span> <span class='ocrx_word' id='word_1_176' title='bbox 1033 1144 1165 1189; x_wconf 87' lang='lat' dir='ltr'>scriptis</span> <span class='ocrx_word' id='word_1_177' title='bbox 1183 1144 1291 1180; x_wconf 85' lang='lat' dir='ltr'>ludici</span> <span class='ocrx_word' id='word_1_178' title='bbox 1314 1144 1547 1188; x_wconf 82' lang='lat' dir='ltr'>exprimatur:</span> <span class='ocrx_word' id='word_1_179' title='bbox 1564 1145 1665 1190; x_wconf 89' lang='lat' dir='ltr'>Isque</span> 
     </span>
     <span class='ocr_line' id='line_1_19' title="bbox 174 1190 1664 1239; baseline 0.003 -13"><span class='ocrx_word' id='word_1_180' title='bbox 174 1202 273 1226; x_wconf 85' lang='lat' dir='ltr'>causa</span> <span class='ocrx_word' id='word_1_181' title='bbox 302 1191 497 1232; x_wconf 83' lang='lat' dir='ltr'>huiusmodi</span> <span class='ocrx_word' id='word_1_182' title='bbox 523 1190 619 1236; x_wconf 88' lang='lat' dir='ltr'>plene</span> <span class='ocrx_word' id='word_1_183' title='bbox 648 1192 805 1237; x_wconf 84' lang='lat' dir='ltr'>cognita,</span> <span class='ocrx_word' id='word_1_184' title='bbox 835 1202 867 1227; x_wconf 88' lang='lat' dir='ltr'>et</span> <span class='ocrx_word' id='word_1_185' title='bbox 881 1193 1074 1233; x_wconf 87' lang='lat' dir='ltr'>verificata,</span> <span class='ocrx_word' id='word_1_186' title='bbox 1094 1204 1194 1239; x_wconf 89' lang='lat' dir='ltr'>super</span> <span class='ocrx_word' id='word_1_187' title='bbox 1214 1193 1402 1229; x_wconf 89' lang='lat' dir='ltr'>Contractu</span> <span class='ocrx_word' id='word_1_188' title='bbox 1422 1217 1432 1232; x_wconf 91' lang='lat'>‚</span> <span class='ocrx_word' id='word_1_189' title='bbox 1463 1205 1520 1227; x_wconf 90' lang='lat' dir='ltr'>seu</span> <span class='ocrx_word' id='word_1_190' title='bbox 1535 1192 1664 1230; x_wconf 88' lang='lat' dir='ltr'>Distra-</span> 
     </span>
     <span class='ocr_line' id='line_1_20' title="bbox 174 1239 1667 1288; baseline 0.001 -13"><span class='ocrx_word' id='word_1_191' title='bbox 174 1249 232 1275; x_wconf 88' lang='lat' dir='ltr'>ctu</span> <span class='ocrx_word' id='word_1_192' title='bbox 250 1265 260 1280; x_wconf 93' lang='lat'>‚</span> <span class='ocrx_word' id='word_1_193' title='bbox 292 1241 345 1277; x_wconf 78' lang='lat' dir='ltr'>vel</span> <span class='ocrx_word' id='word_1_194' title='bbox 363 1241 426 1276; x_wconf 88' lang='lat' dir='ltr'>alia</span> <span class='ocrx_word' id='word_1_195' title='bbox 441 1252 654 1285; x_wconf 87' lang='lat' dir='ltr'>quacumque</span> <span class='ocrx_word' id='word_1_196' title='bbox 669 1239 876 1287; x_wconf 79' lang='lat' dir='ltr'>obligatione</span> <span class='ocrx_word' id='word_1_197' title='bbox 890 1266 899 1281; x_wconf 87' lang='lat'>‚</span> <span class='ocrx_word' id='word_1_198' title='bbox 932 1243 1117 1277; x_wconf 87' lang='lat' dir='ltr'>Decretum</span> <span class='ocrx_word' id='word_1_199' title='bbox 1138 1266 1148 1282; x_wconf 94' lang='lat'>,</span> <span class='ocrx_word' id='word_1_200' title='bbox 1179 1251 1212 1277; x_wconf 81' lang='lat' dir='ltr'>ct·</span> <span class='ocrx_word' id='word_1_201' title='bbox 1226 1242 1464 1277; x_wconf 86' lang='lat' dir='ltr'>auctoritatem</span> <span class='ocrx_word' id='word_1_202' title='bbox 1481 1254 1573 1276; x_wconf 85' lang='lat' dir='ltr'>suam</span> <span class='ocrx_word' id='word_1_203' title='bbox 1590 1255 1667 1288; x_wconf 82' lang='lat' dir='ltr'>spe-</span> 
     </span>
     <span class='ocr_line' id='line_1_21' title="bbox 173 1288 1664 1336; baseline 0.002 -13"><span class='ocrx_word' id='word_1_204' title='bbox 173 1288 307 1324; x_wconf 84' lang='lat' dir='ltr'>cialiter</span> <span class='ocrx_word' id='word_1_205' title='bbox 337 1290 525 1334; x_wconf 86' lang='lat' dir='ltr'>interponat</span> <span class='ocrx_word' id='word_1_206' title='bbox 540 1303 555 1321; x_wconf 73' lang='grc' dir='ltr'>ε·</span> <span class='ocrx_word' id='word_1_207' title='bbox 580 1290 658 1334; x_wconf 86' lang='lat' dir='ltr'>quia</span> <span class='ocrx_word' id='word_1_208' title='bbox 671 1298 778 1325; x_wconf 89' lang='lat' dir='ltr'>tamen</span> <span class='ocrx_word' id='word_1_209' title='bbox 802 1290 1010 1334; x_wconf 83' lang='lat' dir='ltr'>experientia</span> <span class='ocrx_word' id='word_1_210' title='bbox 1036 1301 1249 1336; x_wconf 78' lang='lat' dir='ltr'>compertum</span> <span class='ocrx_word' id='word_1_211' title='bbox 1281 1300 1332 1326; x_wconf 92' lang='lat' dir='ltr'>est</span> <span class='ocrx_word' id='word_1_212' title='bbox 1357 1315 1367 1331; x_wconf 91' lang='lat'>,</span> <span class='ocrx_word' id='word_1_213' title='bbox 1402 1289 1587 1325; x_wconf 86' lang='lat' dir='ltr'>nonnullos</span> <span class='ocrx_word' id='word_1_214' title='bbox 1607 1292 1664 1328; x_wconf 89' lang='lat' dir='ltr'>Iu-</span> 
     </span>
     <span class='ocr_line' id='line_1_22' title="bbox 171 1337 1664 1385; baseline 0.002 -13"><span class='ocrx_word' id='word_1_215' title='bbox 171 1337 288 1377; x_wconf 79' lang='lat' dir='ltr'>dices,</span> <span class='ocrx_word' id='word_1_216' title='bbox 313 1348 371 1374; x_wconf 87' lang='lat' dir='ltr'>aut</span> <span class='ocrx_word' id='word_1_217' title='bbox 399 1339 489 1372; x_wconf 86' lang='lat' dir='ltr'>nulla</span> <span class='ocrx_word' id='word_1_218' title='bbox 509 1349 644 1382; x_wconf 90' lang='lat' dir='ltr'>prorsus</span> <span class='ocrx_word' id='word_1_219' title='bbox 674 1363 684 1378; x_wconf 90' lang='lat'>,</span> <span class='ocrx_word' id='word_1_220' title='bbox 711 1347 766 1374; x_wconf 89' lang='lat' dir='ltr'>aut</span> <span class='ocrx_word' id='word_1_221' title='bbox 794 1338 915 1374; x_wconf 88' lang='lat' dir='ltr'>leviori</span> <span class='ocrx_word' id='word_1_222' title='bbox 946 1348 1074 1375; x_wconf 89' lang='lat' dir='ltr'>tantum</span> <span class='ocrx_word' id='word_1_223' title='bbox 1102 1340 1236 1385; x_wconf 84' lang='lat' dir='ltr'>negocii</span> <span class='ocrx_word' id='word_1_224' title='bbox 1265 1351 1447 1384; x_wconf 63' lang='lat' dir='ltr'>causasque·</span> <span class='ocrx_word' id='word_1_225' title='bbox 1465 1339 1664 1384; x_wconf 80' lang='lat' dir='ltr'>cognitione</span> 
     </span>
     <span class='ocr_line' id='line_1_23' title="bbox 170 1387 1662 1434; baseline 0.002 -14"><span class='ocrx_word' id='word_1_226' title='bbox 170 1388 342 1430; x_wconf 66' lang='lat' dir='ltr'>praemissa</span> <span class='ocrx_word' id='word_1_227' title='bbox 357 1412 366 1426; x_wconf 97' lang='lat'>,</span> <span class='ocrx_word' id='word_1_228' title='bbox 400 1387 495 1421; x_wconf 85' lang='lat' dir='ltr'>facile</span> <span class='ocrx_word' id='word_1_229' title='bbox 525 1387 667 1422; x_wconf 89' lang='lat' dir='ltr'>nimium</span> <span class='ocrx_word' id='word_1_230' title='bbox 700 1387 876 1433; x_wconf 81' lang='lat' dir='ltr'>indulgere</span> <span class='ocrx_word' id='word_1_231' title='bbox 902 1388 1079 1431; x_wconf 88' lang='lat' dir='ltr'>postulatis</span> <span class='ocrx_word' id='word_1_232' title='bbox 1098 1399 1215 1423; x_wconf 88' lang='lat' dir='ltr'>eorum</span> <span class='ocrx_word' id='word_1_233' title='bbox 1235 1411 1245 1426; x_wconf 85' lang='lat'><em>‚</em></span> <span class='ocrx_word' id='word_1_234' title='bbox 1277 1390 1333 1434; x_wconf 89' lang='lat' dir='ltr'>qui</span> <span class='ocrx_word' id='word_1_235' title='bbox 1349 1388 1454 1422; x_wconf 89' lang='lat' dir='ltr'>aliena</span> <span class='ocrx_word' id='word_1_236' title='bbox 1469 1399 1567 1423; x_wconf 86' lang='lat' dir='ltr'>sexus</span> <span class='ocrx_word' id='word_1_237' title='bbox 1584 1389 1662 1424; x_wconf 78' lang='lat' dir='ltr'>sinl-</span> 
     </span>
     <span class='ocr_line' id='line_1_24' title="bbox 169 1434 1661 1482; baseline 0.003 -15"><span class='ocrx_word' id='word_1_238' title='bbox 169 1434 350 1479; x_wconf 89' lang='lat' dir='ltr'>plicitate‚</span> <span class='ocrx_word' id='word_1_239' title='bbox 375 1434 431 1468; x_wconf 80' lang='lat' dir='ltr'>vel</span> <span class='ocrx_word' id='word_1_240' title='bbox 463 1435 566 1469; x_wconf 83' lang='lat' dir='ltr'>aetatis</span> <span class='ocrx_word' id='word_1_241' title='bbox 593 1435 849 1475; x_wconf 83' lang='lat' dir='ltr'>imbecillitate,</span> <span class='ocrx_word' id='word_1_242' title='bbox 883 1445 997 1471; x_wconf 83' lang='lat' dir='ltr'>contra</span> <span class='ocrx_word' id='word_1_243' title='bbox 1022 1439 1074 1476; x_wconf 83' lang='lat' dir='ltr'>jus</span> <span class='ocrx_word' id='word_1_244' title='bbox 1107 1447 1140 1470; x_wconf 89' lang='lat' dir='ltr'>et</span> <span class='ocrx_word' id='word_1_245' title='bbox 1168 1449 1301 1481; x_wconf 87' lang='lat' dir='ltr'>aequum</span> <span class='ocrx_word' id='word_1_246' title='bbox 1323 1439 1536 1471; x_wconf 73' lang='lat' dir='ltr'>abutunturt</span> <span class='ocrx_word' id='word_1_247' title='bbox 1559 1447 1661 1482; x_wconf 88' lang='lat' dir='ltr'>atque</span> 
     </span>
     <span class='ocr_line' id='line_1_25' title="bbox 167 1482 1657 1528; baseline 0.002 -11"><span class='ocrx_word' id='word_1_248' title='bbox 167 1483 246 1517; x_wconf 91' lang='lat' dir='ltr'>hinc</span> <span class='ocrx_word' id='word_1_249' title='bbox 276 1482 501 1522; x_wconf 85' lang='lat' dir='ltr'>Mulieribus,</span> <span class='ocrx_word' id='word_1_250' title='bbox 532 1483 719 1518; x_wconf 86' lang='lat' dir='ltr'>Minoribus</span> <span class='ocrx_word' id='word_1_251' title='bbox 750 1507 759 1522; x_wconf 90' lang='lat'><strong><em>‚</em></strong></span> <span class='ocrx_word' id='word_1_252' title='bbox 797 1493 832 1517; x_wconf 84' lang='lat' dir='ltr'>et</span> <span class='ocrx_word' id='word_1_253' title='bbox 859 1483 1000 1526; x_wconf 77' lang='lat' dir='ltr'>pupillis</span> <span class='ocrx_word' id='word_1_254' title='bbox 1022 1507 1032 1521; x_wconf 89' lang='lat'><strong>‚</strong></span> <span class='ocrx_word' id='word_1_255' title='bbox 1059 1484 1116 1528; x_wconf 90' lang='lat' dir='ltr'>qui</span> <span class='ocrx_word' id='word_1_256' title='bbox 1145 1486 1207 1518; x_wconf 90' lang='lat' dir='ltr'>sub</span> <span class='ocrx_word' id='word_1_257' title='bbox 1240 1496 1347 1524; x_wconf 83' lang='lat' dir='ltr'>cura,</span> <span class='ocrx_word' id='word_1_258' title='bbox 1379 1493 1411 1518; x_wconf 86' lang='lat' dir='ltr'>et</span> <span class='ocrx_word' id='word_1_259' title='bbox 1439 1487 1657 1527; x_wconf 76' lang='lat' dir='ltr'>protectione</span> 
     </span>
     <span class='ocr_line' id='line_1_26' title="bbox 167 1531 1656 1580; baseline 0.003 -14"><span class='ocrx_word' id='word_1_260' title='bbox 167 1531 342 1573; x_wconf 79' lang='lat' dir='ltr'>Principis·</span> <span class='ocrx_word' id='word_1_261' title='bbox 366 1532 504 1572; x_wconf 84' lang='lat' dir='ltr'>speciali</span> <span class='ocrx_word' id='word_1_262' title='bbox 529 1531 672 1575; x_wconf 83' lang='lat' dir='ltr'>quadam</span> <span class='ocrx_word' id='word_1_263' title='bbox 700 1532 828 1567; x_wconf 81' lang='lat' dir='ltr'>ratione</span> <span class='ocrx_word' id='word_1_264' title='bbox 854 1531 1040 1567; x_wconf 86' lang='lat' dir='ltr'>constituti.</span> <span class='ocrx_word' id='word_1_265' title='bbox 1065 1541 1142 1567; x_wconf 87' lang='lat' dir='ltr'>sunt</span> <span class='ocrx_word' id='word_1_266' title='bbox 1160 1555 1181 1572; x_wconf 68' lang='grc'>,,,</span> <span class='ocrx_word' id='word_1_267' title='bbox 1214 1532 1313 1569; x_wconf 54' lang='lat' dir='ltr'>nulla⁴</span> <span class='ocrx_word' id='word_1_268' title='bbox 1347 1532 1508 1580; x_wconf 20' lang='lat' dir='ltr'>ipsorum*</span> <span class='ocrx_word' id='word_1_269' title='bbox 1529 1534 1656 1580; x_wconf 81' lang='lat' dir='ltr'>culpa,</span> 
     </span>
     <span class='ocr_line' id='line_1_27' title="bbox 168 1579 703 1623; baseline -0.009 -6"><span class='ocrx_word' id='word_1_270' title='bbox 168 1582 287 1617; x_wconf 87' lang='lat' dir='ltr'>damna</span> <span class='ocrx_word' id='word_1_271' title='bbox 313 1579 507 1623; x_wconf 64' lang='lat' dir='ltr'>gravissima</span> <span class='ocrx_word' id='word_1_272' title='bbox 533 1580 703 1623; x_wconf 78' lang='lat' dir='ltr'>irrogari..</span> 
     </span>
    </p>

    <p class='ocr_par' dir='ltr' id='par_1_4' title="bbox 155 1626 1668 2603">
     <span class='ocr_line' id='line_1_28' title="bbox 293 1626 1657 1669; baseline 0.002 -5"><span class='ocrx_word' id='word_1_273' title='bbox 293 1629 430 1664; x_wconf 90' lang='lat' dir='ltr'>Idcirco</span> <span class='ocrx_word' id='word_1_274' title='bbox 459 1636 494 1662; x_wconf 91' lang='lat' dir='ltr'>ut</span> <span class='ocrx_word' id='word_1_275' title='bbox 523 1637 636 1661; x_wconf 85' lang='lat' dir='ltr'>eorum</span> <span class='ocrx_word' id='word_1_276' title='bbox 678 1626 898 1662; x_wconf 80' lang='lat' dir='ltr'>indemnitati</span> <span class='ocrx_word' id='word_1_277' title='bbox 931 1628 1110 1663; x_wconf 88' lang='lat' dir='ltr'>efficaciter</span> <span class='ocrx_word' id='word_1_278' title='bbox 1150 1628 1395 1669; x_wconf 71' lang='lat' dir='ltr'>consulatur,</span> <span class='ocrx_word' id='word_1_279' title='bbox 1434 1630 1592 1666; x_wconf 84' lang='lat' dir='ltr'>volumus</span> <span class='ocrx_word' id='word_1_280' title='bbox 1623 1631 1657 1666; x_wconf 86' lang='lat' dir='ltr'>in</span> 
     </span>
     <span class='ocr_line' id='line_1_29' title="bbox 165 1674 1657 1724; baseline 0.005 -15"><span class='ocrx_word' id='word_1_281' title='bbox 165 1679 283 1724; x_wconf 82' lang='lat' dir='ltr'>primis</span> <span class='ocrx_word' id='word_1_282' title='bbox 300 1702 309 1717; x_wconf 92' lang='lat'>,</span> <span class='ocrx_word' id='word_1_283' title='bbox 337 1686 374 1712; x_wconf 91' lang='lat' dir='ltr'>ut</span> <span class='ocrx_word' id='word_1_284' title='bbox 404 1676 433 1710; x_wconf 91' lang='lat' dir='ltr'>in</span> <span class='ocrx_word' id='word_1_285' title='bbox 453 1684 624 1722; x_wconf 86' lang='lat' dir='ltr'>posterum</span> <span class='ocrx_word' id='word_1_286' title='bbox 653 1674 737 1709; x_wconf 88' lang='lat' dir='ltr'>nulli</span> <span class='ocrx_word' id='word_1_287' title='bbox 771 1688 811 1710; x_wconf 82' lang='lat' dir='ltr'>ex</span> <span class='ocrx_word' id='word_1_288' title='bbox 839 1676 1158 1717; x_wconf 84' lang='lat' dir='ltr'>Gubernatoribus‚</span> <span class='ocrx_word' id='word_1_289' title='bbox 1188 1677 1429 1715; x_wconf 78' lang='lat' dir='ltr'>I&#39;raetoribus‚-</span> <span class='ocrx_word' id='word_1_290' title='bbox 1447 1679 1657 1716; x_wconf 81' lang='lat' dir='ltr'>Vice-Duci-</span> 
     </span>
     <span class='ocr_line' id='line_1_30' title="bbox 165 1723 1656 1775; baseline 0.001 -13"><span class='ocrx_word' id='word_1_291' title='bbox 165 1728 227 1762; x_wconf 89' lang='lat' dir='ltr'>bus</span> <span class='ocrx_word' id='word_1_292' title='bbox 254 1751 264 1767; x_wconf 92' lang='lat'>,</span> <span class='ocrx_word' id='word_1_293' title='bbox 304 1725 447 1761; x_wconf 87' lang='lat' dir='ltr'>Vicariis</span> <span class='ocrx_word' id='word_1_294' title='bbox 466 1750 476 1765; x_wconf 93' lang='lat'>,</span> <span class='ocrx_word' id='word_1_295' title='bbox 518 1734 575 1759; x_wconf 90' lang='lat' dir='ltr'>aut</span> <span class='ocrx_word' id='word_1_296' title='bbox 603 1723 667 1758; x_wconf 85' lang='lat' dir='ltr'>alio</span> <span class='ocrx_word' id='word_1_297' title='bbox 691 1736 908 1769; x_wconf 84' lang='lat' dir='ltr'>quocumque</span> <span class='ocrx_word' id='word_1_298' title='bbox 939 1725 1073 1760; x_wconf 90' lang='lat' dir='ltr'>nomine</span> <span class='ocrx_word' id='word_1_299' title='bbox 1104 1728 1302 1772; x_wconf 87' lang='lat' dir='ltr'>nuncupatis</span> <span class='ocrx_word' id='word_1_300' title='bbox 1331 1726 1569 1769; x_wconf 89' lang='lat' dir='ltr'>Officialibus,</span> <span class='ocrx_word' id='word_1_301' title='bbox 1597 1728 1656 1775; x_wconf 88' lang='lat' dir='ltr'>qui</span> 
     </span>
     <span class='ocr_line' id='line_1_31' title="bbox 165 1773 1668 1818; baseline -0.001 -8"><span class='ocrx_word' id='word_1_302' title='bbox 165 1784 239 1810; x_wconf 90' lang='lat' dir='ltr'>actu</span> <span class='ocrx_word' id='word_1_303' title='bbox 281 1775 456 1810; x_wconf 82' lang='lat' dir='ltr'>Terrarum</span> <span class='ocrx_word' id='word_1_304' title='bbox 485 1796 496 1812; x_wconf 85' lang='lat'>‚</span> <span class='ocrx_word' id='word_1_305' title='bbox 537 1773 783 1818; x_wconf 80' lang='lat' dir='ltr'>Oppidoruin,</span> <span class='ocrx_word' id='word_1_306' title='bbox 819 1775 1018 1809; x_wconf 86' lang='lat' dir='ltr'>Castrorum</span> <span class='ocrx_word' id='word_1_307' title='bbox 1047 1799 1058 1815; x_wconf 89' lang='lat'>,</span> <span class='ocrx_word' id='word_1_308' title='bbox 1098 1784 1132 1809; x_wconf 90' lang='lat' dir='ltr'>et</span> <span class='ocrx_word' id='word_1_309' title='bbox 1177 1776 1355 1810; x_wconf 85' lang='lat' dir='ltr'>Locorum</span> <span class='ocrx_word' id='word_1_310' title='bbox 1384 1776 1504 1811; x_wconf 67' lang='lat' dir='ltr'>Status,</span> <span class='ocrx_word' id='word_1_311' title='bbox 1536 1777 1668 1813; x_wconf 60' lang='lat' dir='ltr'>Nostri,</span> 
     </span>
     <span class='ocr_line' id='line_1_32' title="bbox 162 1821 1653 1869; baseline 0.002 -10"><span class='ocrx_word' id='word_1_312' title='bbox 162 1824 414 1864; x_wconf 86' lang='lat' dir='ltr'>Ecclesiastici,</span> <span class='ocrx_word' id='word_1_313' title='bbox 449 1831 482 1858; x_wconf 91' lang='lat' dir='ltr'>et</span> <span class='ocrx_word' id='word_1_314' title='bbox 507 1822 691 1866; x_wconf 67' lang='lat' dir='ltr'>praesertim</span> <span class='ocrx_word' id='word_1_315' title='bbox 723 1821 934 1858; x_wconf 87' lang='lat' dir='ltr'>Baronalium</span> <span class='ocrx_word' id='word_1_316' title='bbox 965 1823 1149 1869; x_wconf 84' lang='lat' dir='ltr'>regimen,.</span> <span class='ocrx_word' id='word_1_317' title='bbox 1167 1833 1224 1858; x_wconf 85' lang='lat' dir='ltr'>aut</span> <span class='ocrx_word' id='word_1_318' title='bbox 1251 1825 1435 1869; x_wconf 68' lang='lat' dir='ltr'>publicum&lt;</span> <span class='ocrx_word' id='word_1_319' title='bbox 1462 1825 1493 1860; x_wconf 88' lang='lat' dir='ltr'>in</span> <span class='ocrx_word' id='word_1_320' title='bbox 1525 1827 1653 1862; x_wconf 89' lang='lat' dir='ltr'>eisdem</span> 
     </span>
     <span class='ocr_line' id='line_1_33' title="bbox 163 1872 1654 1918; baseline 0.002 -10"><span class='ocrx_word' id='word_1_321' title='bbox 163 1885 309 1913; x_wconf 89' lang='lat' dir='ltr'>munus,</span> <span class='ocrx_word' id='word_1_322' title='bbox 347 1873 544 1910; x_wconf 84' lang='lat' dir='ltr'>etofficium</span> <span class='ocrx_word' id='word_1_323' title='bbox 564 1881 722 1907; x_wconf 82' lang='lat' dir='ltr'>exercent</span> <span class='ocrx_word' id='word_1_324' title='bbox 747 1897 757 1911; x_wconf 92' lang='lat'>,</span> <span class='ocrx_word' id='word_1_325' title='bbox 798 1872 986 1907; x_wconf 87' lang='lat' dir='ltr'>Decretum</span> <span class='ocrx_word' id='word_1_326' title='bbox 1014 1873 1151 1918; x_wconf 87' lang='lat' dir='ltr'>aliquod</span> <span class='ocrx_word' id='word_1_327' title='bbox 1177 1873 1373 1908; x_wconf 87' lang='lat' dir='ltr'>voluntariae</span> <span class='ocrx_word' id='word_1_328' title='bbox 1403 1874 1654 1914; x_wconf 69' lang='lat' dir='ltr'>jurisdictionis</span> 
     </span>
     <span class='ocr_line' id='line_1_34' title="bbox 162 1921 1653 1967; baseline 0.001 -10"><span class='ocrx_word' id='word_1_329' title='bbox 162 1923 378 1965; x_wconf 77' lang='lat' dir='ltr'>interponere</span> <span class='ocrx_word' id='word_1_330' title='bbox 416 1921 515 1957; x_wconf 87' lang='lat' dir='ltr'>liceat</span> <span class='ocrx_word' id='word_1_331' title='bbox 543 1921 573 1956; x_wconf 87' lang='lat' dir='ltr'>in</span> <span class='ocrx_word' id='word_1_332' title='bbox 591 1921 831 1956; x_wconf 86' lang='lat' dir='ltr'>Contractibus</span> <span class='ocrx_word' id='word_1_333' title='bbox 859 1921 1041 1957; x_wconf 87' lang='lat' dir='ltr'>Mulierum</span> <span class='ocrx_word' id='word_1_334' title='bbox 1060 1946 1080 1961; x_wconf 16' lang='grc' dir='ltr'>,Α</span> <span class='ocrx_word' id='word_1_335' title='bbox 1101 1922 1299 1962; x_wconf 79' lang='lat' dir='ltr'>Minorum·‚</span> <span class='ocrx_word' id='word_1_336' title='bbox 1326 1922 1380 1957; x_wconf 89' lang='lat' dir='ltr'>vel</span> <span class='ocrx_word' id='word_1_337' title='bbox 1397 1924 1616 1967; x_wconf 90' lang='lat' dir='ltr'>Impuberum</span> <span class='ocrx_word' id='word_1_338' title='bbox 1640 1947 1653 1965; x_wconf 75' lang='lat'><em>2</em></span> 
     </span>
     <span class='ocr_line' id='line_1_35' title="bbox 162 1969 1653 2016; baseline 0.002 -11"><span class='ocrx_word' id='word_1_339' title='bbox 162 1971 226 2005; x_wconf 88' lang='lat' dir='ltr'>nisi</span> <span class='ocrx_word' id='word_1_340' title='bbox 249 1972 374 2006; x_wconf 85' lang='lat' dir='ltr'>Laurea</span> <span class='ocrx_word' id='word_1_341' title='bbox 406 1969 584 2006; x_wconf 87' lang='lat' dir='ltr'>Doctorali</span> <span class='ocrx_word' id='word_1_342' title='bbox 603 1969 632 2004; x_wconf 90' lang='lat' dir='ltr'>in</span> <span class='ocrx_word' id='word_1_343' title='bbox 649 1969 759 2016; x_wconf 88' lang='lat' dir='ltr'>aliqua</span> <span class='ocrx_word' id='word_1_344' title='bbox 787 1969 954 2015; x_wconf 80' lang='lat' dir='ltr'>publica,</span> <span class='ocrx_word' id='word_1_345' title='bbox 973 1981 1006 2005; x_wconf 91' lang='lat' dir='ltr'>et</span> <span class='ocrx_word' id='word_1_346' title='bbox 1023 1971 1421 2016; x_wconf 79' lang='lat' dir='ltr'>approbatastudiorum</span> <span class='ocrx_word' id='word_1_347' title='bbox 1449 1973 1653 2008; x_wconf 85' lang='lat' dir='ltr'>Universita-</span> 
     </span>
     <span class='ocr_line' id='line_1_36' title="bbox 161 2018 1651 2066; baseline 0.002 -13"><span class='ocrx_word' id='word_1_348' title='bbox 161 2027 195 2054; x_wconf 87' lang='lat' dir='ltr'>te</span> <span class='ocrx_word' id='word_1_349' title='bbox 210 2019 335 2055; x_wconf 85' lang='lat' dir='ltr'>fuerint</span> <span class='ocrx_word' id='word_1_350' title='bbox 356 2020 503 2066; x_wconf 83' lang='lat' dir='ltr'>insigniti</span> <span class='ocrx_word' id='word_1_351' title='bbox 525 2043 535 2059; x_wconf 89' lang='lat'>,</span> <span class='ocrx_word' id='word_1_352' title='bbox 573 2027 606 2054; x_wconf 88' lang='lat' dir='ltr'>et</span> <span class='ocrx_word' id='word_1_353' title='bbox 618 2031 718 2063; x_wconf 87' lang='lat' dir='ltr'>super</span> <span class='ocrx_word' id='word_1_354' title='bbox 734 2022 798 2054; x_wconf 90' lang='lat' dir='ltr'>hoc</span> <span class='ocrx_word' id='word_1_355' title='bbox 824 2018 856 2053; x_wconf 91' lang='lat' dir='ltr'>in</span> <span class='ocrx_word' id='word_1_356' title='bbox 873 2019 1084 2055; x_wconf 85' lang='lat' dir='ltr'>Cancellaria</span> <span class='ocrx_word' id='word_1_357' title='bbox 1101 2045 1112 2061; x_wconf 91' lang='lat'>‚</span> <span class='ocrx_word' id='word_1_358' title='bbox 1139 2019 1219 2056; x_wconf 49' lang='lat' dir='ltr'>sive&#39;</span> <span class='ocrx_word' id='word_1_359' title='bbox 1235 2022 1316 2056; x_wconf 88' lang='lat' dir='ltr'>actis</span> <span class='ocrx_word' id='word_1_360' title='bbox 1344 2020 1610 2058; x_wconf 24' lang='lat' dir='ltr'>illiustivitatis</span> <span class='ocrx_word' id='word_1_361' title='bbox 1639 2045 1651 2063; x_wconf 93' lang='lat'>,</span> 
     </span>
     <span class='ocr_line' id='line_1_37' title="bbox 161 2067 1653 2113; baseline 0.002 -11"><span class='ocrx_word' id='word_1_362' title='bbox 161 2067 272 2103; x_wconf 84' lang='lat' dir='ltr'>Terrae</span> <span class='ocrx_word' id='word_1_363' title='bbox 290 2094 300 2108; x_wconf 86' lang='lat'>,</span> <span class='ocrx_word' id='word_1_364' title='bbox 335 2070 406 2104; x_wconf 90' lang='lat' dir='ltr'>sive</span> <span class='ocrx_word' id='word_1_365' title='bbox 425 2069 531 2109; x_wconf 86' lang='lat' dir='ltr'>Loci,</span> <span class='ocrx_word' id='word_1_366' title='bbox 559 2067 734 2113; x_wconf 86' lang='lat' dir='ltr'>publicum</span> <span class='ocrx_word' id='word_1_367' title='bbox 753 2092 771 2108; x_wconf 27' lang='lat' dir='ltr'>‚t</span> <span class='ocrx_word' id='word_1_368' title='bbox 801 2076 836 2102; x_wconf 87' lang='lat' dir='ltr'>et</span> <span class='ocrx_word' id='word_1_369' title='bbox 852 2068 975 2113; x_wconf 82' lang='lat' dir='ltr'>Legale</span> <span class='ocrx_word' id='word_1_370' title='bbox 1000 2070 1249 2105; x_wconf 41' lang='lat' dir='ltr'>documentum*</span> <span class='ocrx_word' id='word_1_371' title='bbox 1271 2069 1516 2105; x_wconf 79' lang='lat' dir='ltr'>intramensem</span> <span class='ocrx_word' id='word_1_372' title='bbox 1551 2084 1569 2107; x_wconf 86' lang='lat' dir='ltr'>a</span> <span class='ocrx_word' id='word_1_373' title='bbox 1596 2070 1653 2106; x_wconf 91' lang='lat' dir='ltr'>die</span> 
     </span>
     <span class='ocr_line' id='line_1_38' title="bbox 160 2116 1652 2166; baseline 0.002 -14"><span class='ocrx_word' id='word_1_374' title='bbox 160 2116 398 2161; x_wconf 89' lang='lat' dir='ltr'>publicationis</span> <span class='ocrx_word' id='word_1_375' title='bbox 427 2119 524 2155; x_wconf 84' lang='lat' dir='ltr'>huius</span> <span class='ocrx_word' id='word_1_376' title='bbox 550 2126 670 2151; x_wconf 86' lang='lat' dir='ltr'>nostrae</span> <span class='ocrx_word' id='word_1_377' title='bbox 689 2117 953 2152; x_wconf 89' lang='lat' dir='ltr'>Constitutionis</span> <span class='ocrx_word' id='word_1_378' title='bbox 980 2121 1270 2164; x_wconf 88' lang='lat' dir='ltr'>computandum,</span> <span class='ocrx_word' id='word_1_379' title='bbox 1303 2129 1335 2153; x_wconf 91' lang='lat' dir='ltr'>et</span> <span class='ocrx_word' id='word_1_380' title='bbox 1351 2119 1565 2163; x_wconf 75' lang='lat' dir='ltr'>respective,</span> <span class='ocrx_word' id='word_1_381' title='bbox 1592 2119 1652 2166; x_wconf 86' lang='lat' dir='ltr'>qui</span> 
     </span>
     <span class='ocr_line' id='line_1_39' title="bbox 161 2164 1653 2215; baseline 0.002 -16"><span class='ocrx_word' id='word_1_382' title='bbox 161 2164 192 2200; x_wconf 85' lang='lat' dir='ltr'>in</span> <span class='ocrx_word' id='word_1_383' title='bbox 208 2168 362 2201; x_wconf 73' lang='lat' dir='ltr'>futurum</span> <span class='ocrx_word' id='word_1_384' title='bbox 389 2166 642 2215; x_wconf 65' lang='lat' dir='ltr'>deputabuntur</span> <span class='ocrx_word' id='word_1_385' title='bbox 660 2188 670 2204; x_wconf 89' lang='lat'>‚</span> <span class='ocrx_word' id='word_1_386' title='bbox 700 2165 731 2198; x_wconf 91' lang='lat' dir='ltr'>in</span> <span class='ocrx_word' id='word_1_387' title='bbox 748 2165 917 2209; x_wconf 89' lang='lat' dir='ltr'>principio</span> <span class='ocrx_word' id='word_1_388' title='bbox 947 2167 999 2200; x_wconf 91' lang='lat' dir='ltr'>sui</span> <span class='ocrx_word' id='word_1_389' title='bbox 1016 2168 1227 2212; x_wconf 80' lang='lat' dir='ltr'>Magistratus</span> <span class='ocrx_word' id='word_1_390' title='bbox 1243 2191 1253 2207; x_wconf 92' lang='lat'><strong>‚</strong></span> <span class='ocrx_word' id='word_1_391' title='bbox 1284 2179 1399 2203; x_wconf 88' lang='lat' dir='ltr'>coram</span> <span class='ocrx_word' id='word_1_392' title='bbox 1416 2168 1562 2202; x_wconf 89' lang='lat' dir='ltr'>Notario</span> <span class='ocrx_word' id='word_1_393' title='bbox 1577 2193 1587 2208; x_wconf 94' lang='lat'>,</span> <span class='ocrx_word' id='word_1_394' title='bbox 1618 2175 1653 2203; x_wconf 87' lang='lat' dir='ltr'>et</span> 
     </span>
     <span class='ocr_line' id='line_1_40' title="bbox 158 2212 1651 2262; baseline 0.003 -15"><span class='ocrx_word' id='word_1_395' title='bbox 158 2212 314 2249; x_wconf 89' lang='lat' dir='ltr'>Testibus</span> <span class='ocrx_word' id='word_1_396' title='bbox 343 2214 375 2248; x_wconf 90' lang='lat' dir='ltr'>in</span> <span class='ocrx_word' id='word_1_397' title='bbox 394 2214 503 2248; x_wconf 88' lang='lat' dir='ltr'>forma</span> <span class='ocrx_word' id='word_1_398' title='bbox 544 2213 694 2258; x_wconf 84' lang='lat' dir='ltr'>legitima</span> <span class='ocrx_word' id='word_1_399' title='bbox 718 2213 956 2257; x_wconf 85' lang='lat' dir='ltr'>deposuerint,</span> <span class='ocrx_word' id='word_1_400' title='bbox 990 2214 1081 2249; x_wconf 76' lang='lat' dir='ltr'>Alias</span> <span class='ocrx_word' id='word_1_401' title='bbox 1110 2216 1259 2250; x_wconf 85' lang='lat' dir='ltr'>Decreta</span> <span class='ocrx_word' id='word_1_402' title='bbox 1286 2218 1326 2250; x_wconf 90' lang='lat' dir='ltr'>ab</span> <span class='ocrx_word' id='word_1_403' title='bbox 1343 2217 1424 2260; x_wconf 91' lang='lat' dir='ltr'>ipsis</span> <span class='ocrx_word' id='word_1_404' title='bbox 1453 2217 1651 2262; x_wconf 85' lang='lat' dir='ltr'>interposita</span> 
     </span>
     <span class='ocr_line' id='line_1_41' title="bbox 156 2261 1649 2311; baseline 0.003 -15"><span class='ocrx_word' id='word_1_405' title='bbox 156 2261 278 2299; x_wconf 86' lang='lat' dir='ltr'>nullius</span> <span class='ocrx_word' id='word_1_406' title='bbox 294 2263 359 2307; x_wconf 80' lang='lat' dir='ltr'>sint</span> <span class='ocrx_word' id='word_1_407' title='bbox 377 2263 508 2297; x_wconf 85' lang='lat' dir='ltr'>roboris</span> <span class='ocrx_word' id='word_1_408' title='bbox 526 2285 536 2299; x_wconf 93' lang='lat'>,</span> <span class='ocrx_word' id='word_1_409' title='bbox 564 2269 597 2295; x_wconf 86' lang='lat' dir='ltr'>et</span> <span class='ocrx_word' id='word_1_410' title='bbox 615 2262 776 2295; x_wconf 90' lang='lat' dir='ltr'>momenti</span> <span class='ocrx_word' id='word_1_411' title='bbox 794 2273 804 2299; x_wconf 90' lang='lat'>;</span> <span class='ocrx_word' id='word_1_412' title='bbox 823 2271 855 2296; x_wconf 92' lang='lat' dir='ltr'>et</span> <span class='ocrx_word' id='word_1_413' title='bbox 872 2262 941 2305; x_wconf 86' lang='lat' dir='ltr'>ipse</span> <span class='ocrx_word' id='word_1_414' title='bbox 956 2263 1067 2302; x_wconf 75' lang='lat' dir='ltr'>,ludex</span> <span class='ocrx_word' id='word_1_415' title='bbox 1084 2275 1212 2307; x_wconf 89' lang='lat' dir='ltr'>poenam</span> <span class='ocrx_word' id='word_1_416' title='bbox 1234 2263 1401 2304; x_wconf 81' lang='lat' dir='ltr'>infamiae-‚</span> <span class='ocrx_word' id='word_1_417' title='bbox 1431 2274 1465 2300; x_wconf 88' lang='lat' dir='ltr'>et</span> <span class='ocrx_word' id='word_1_418' title='bbox 1478 2274 1649 2311; x_wconf 71' lang='lat' dir='ltr'>perpetuae</span> 
     </span>
     <span class='ocr_line' id='line_1_42' title="bbox 157 2308 1648 2358; baseline 0.002 -13"><span class='ocrx_word' id='word_1_419' title='bbox 157 2310 369 2348; x_wconf 84' lang='lat' dir='ltr'>inhabilitatis</span> <span class='ocrx_word' id='word_1_420' title='bbox 387 2311 427 2347; x_wconf 88' lang='lat' dir='ltr'>ad</span> <span class='ocrx_word' id='word_1_421' title='bbox 443 2320 666 2356; x_wconf 71' lang='lat' dir='ltr'>quaecumque</span> <span class='ocrx_word' id='word_1_422' title='bbox 695 2308 816 2342; x_wconf 87' lang='lat' dir='ltr'>Officia</span> <span class='ocrx_word' id='word_1_423' title='bbox 831 2331 841 2346; x_wconf 93' lang='lat'>‚</span> <span class='ocrx_word' id='word_1_424' title='bbox 870 2317 905 2342; x_wconf 86' lang='lat' dir='ltr'>et</span> <span class='ocrx_word' id='word_1_425' title='bbox 921 2309 1137 2354; x_wconf 79' lang='lat' dir='ltr'>Magistratus</span> <span class='ocrx_word' id='word_1_426' title='bbox 1151 2335 1161 2350; x_wconf 88' lang='lat'>‚</span> <span class='ocrx_word' id='word_1_427' title='bbox 1181 2311 1339 2355; x_wconf 53' lang='lat' dir='ltr'>aliasque*</span> <span class='ocrx_word' id='word_1_428' title='bbox 1357 2314 1466 2348; x_wconf 70' lang='lat' dir='ltr'>etiarn,</span> <span class='ocrx_word' id='word_1_429' title='bbox 1489 2313 1648 2358; x_wconf 85' lang='lat' dir='ltr'>corporis</span> 
     </span>
     <span class='ocr_line' id='line_1_43' title="bbox 155 2355 1649 2406; baseline 0.002 -12"><span class='ocrx_word' id='word_1_430' title='bbox 155 2359 332 2395; x_wconf 82' lang='lat' dir='ltr'>afflictivas</span> <span class='ocrx_word' id='word_1_431' title='bbox 347 2360 486 2396; x_wconf 72' lang='lat' dir='ltr'>arbitrio</span> <span class='ocrx_word' id='word_1_432' title='bbox 504 2366 617 2394; x_wconf 89' lang='lat' dir='ltr'>nostro</span> <span class='ocrx_word' id='word_1_433' title='bbox 639 2356 833 2402; x_wconf 86' lang='lat' dir='ltr'>infligendas</span> <span class='ocrx_word' id='word_1_434' title='bbox 847 2379 858 2395; x_wconf 91' lang='lat'>,</span> <span class='ocrx_word' id='word_1_435' title='bbox 887 2355 961 2400; x_wconf 87' lang='lat' dir='ltr'>ipso</span> <span class='ocrx_word' id='word_1_436' title='bbox 982 2357 1056 2396; x_wconf 75' lang='lat' dir='ltr'>iure</span> <span class='ocrx_word' id='word_1_437' title='bbox 1071 2358 1218 2394; x_wconf 83' lang='lat' dir='ltr'>incurrat</span> <span class='ocrx_word' id='word_1_438' title='bbox 1233 2384 1244 2397; x_wconf 88' lang='lat'>‚</span> <span class='ocrx_word' id='word_1_439' title='bbox 1269 2360 1402 2395; x_wconf 79' lang='lat' dir='ltr'>sublata</span> <span class='ocrx_word' id='word_1_440' title='bbox 1421 2361 1540 2406; x_wconf 91' lang='lat' dir='ltr'>quavis</span> <span class='ocrx_word' id='word_1_441' title='bbox 1568 2373 1649 2397; x_wconf 91' lang='lat' dir='ltr'>con-</span> 
     </span>
     <span class='ocr_line' id='line_1_44' title="bbox 157 2404 1649 2456; baseline 0 -11"><span class='ocrx_word' id='word_1_442' title='bbox 157 2410 335 2445; x_wconf 87' lang='lat' dir='ltr'>suetudine</span> <span class='ocrx_word' id='word_1_443' title='bbox 350 2410 381 2444; x_wconf 89' lang='lat' dir='ltr'>in</span> <span class='ocrx_word' id='word_1_444' title='bbox 395 2408 601 2446; x_wconf 88' lang='lat' dir='ltr'>contrarium</span> <span class='ocrx_word' id='word_1_445' title='bbox 619 2429 629 2440; x_wconf 92' lang='lat'><strong>.</strong></span> <span class='ocrx_word' id='word_1_446' title='bbox 658 2406 714 2441; x_wconf 89' lang='lat' dir='ltr'>Ne</span> <span class='ocrx_word' id='word_1_447' title='bbox 728 2410 853 2441; x_wconf 64' lang='lat' dir='ltr'>autem*</span> <span class='ocrx_word' id='word_1_448' title='bbox 871 2404 904 2439; x_wconf 88' lang='lat' dir='ltr'>in</span> <span class='ocrx_word' id='word_1_449' title='bbox 921 2406 1106 2441; x_wconf 87' lang='lat' dir='ltr'>humilibus</span> <span class='ocrx_word' id='word_1_450' title='bbox 1133 2407 1280 2453; x_wconf 90' lang='lat' dir='ltr'>Oppidis</span> <span class='ocrx_word' id='word_1_451' title='bbox 1296 2433 1315 2448; x_wconf 93' lang='lat'>,.</span> <span class='ocrx_word' id='word_1_452' title='bbox 1339 2422 1396 2444; x_wconf 89' lang='lat' dir='ltr'>seu</span> <span class='ocrx_word' id='word_1_453' title='bbox 1412 2410 1511 2445; x_wconf 88' lang='lat' dir='ltr'>Locis</span> <span class='ocrx_word' id='word_1_454' title='bbox 1525 2435 1546 2452; x_wconf 32' lang='lat' dir='ltr'>,t</span> <span class='ocrx_word' id='word_1_455' title='bbox 1566 2421 1649 2456; x_wconf 91' lang='lat' dir='ltr'>pro-</span> 
     </span>
     <span class='ocr_line' id='line_1_45' title="bbox 156 2453 1644 2503; baseline 0.003 -11"><span class='ocrx_word' id='word_1_456' title='bbox 156 2466 270 2503; x_wconf 84' lang='lat' dir='ltr'>pterea</span> <span class='ocrx_word' id='word_1_457' title='bbox 296 2460 387 2503; x_wconf 85' lang='lat' dir='ltr'>quod</span> <span class='ocrx_word' id='word_1_458' title='bbox 418 2458 463 2493; x_wconf 83' lang='lat' dir='ltr'>ibi</span> <span class='ocrx_word' id='word_1_459' title='bbox 492 2459 638 2495; x_wconf 80' lang='lat' dir='ltr'>Praeter‚</span> <span class='ocrx_word' id='word_1_460' title='bbox 670 2463 730 2490; x_wconf 86' lang='lat' dir='ltr'>aut</span> <span class='ocrx_word' id='word_1_461' title='bbox 745 2454 829 2489; x_wconf 86' lang='lat' dir='ltr'>alius</span> <span class='ocrx_word' id='word_1_462' title='bbox 842 2453 1005 2489; x_wconf 85' lang='lat' dir='ltr'>Officialis</span> <span class='ocrx_word' id='word_1_463' title='bbox 1023 2456 1150 2492; x_wconf 88' lang='lat' dir='ltr'>Laurea</span> <span class='ocrx_word' id='word_1_464' title='bbox 1179 2457 1356 2494; x_wconf 87' lang='lat' dir='ltr'>Doctorali</span> <span class='ocrx_word' id='word_1_465' title='bbox 1371 2458 1416 2493; x_wconf 88' lang='lat' dir='ltr'>sit</span> <span class='ocrx_word' id='word_1_466' title='bbox 1435 2459 1644 2502; x_wconf 84' lang='lat' dir='ltr'>destitutus,</span> 
     </span>
     <span class='ocr_line' id='line_1_46' title="bbox 156 2505 1643 2555; baseline 0.003 -15"><span class='ocrx_word' id='word_1_467' title='bbox 156 2506 319 2541; x_wconf 81' lang='lat' dir='ltr'>Mulieres</span> <span class='ocrx_word' id='word_1_468' title='bbox 334 2532 344 2546; x_wconf 88' lang='lat'><strong>‚</strong></span> <span class='ocrx_word' id='word_1_469' title='bbox 366 2506 514 2541; x_wconf 89' lang='lat' dir='ltr'>Minores</span> <span class='ocrx_word' id='word_1_470' title='bbox 531 2531 543 2546; x_wconf 87' lang='lat'><em>‚</em></span> <span class='ocrx_word' id='word_1_471' title='bbox 558 2508 611 2542; x_wconf 89' lang='lat' dir='ltr'>vel</span> <span class='ocrx_word' id='word_1_472' title='bbox 639 2505 834 2549; x_wconf 87' lang='lat' dir='ltr'>Impuberes</span> <span class='ocrx_word' id='word_1_473' title='bbox 862 2506 1084 2545; x_wconf 84' lang='lat' dir='ltr'>contrahere,</span> <span class='ocrx_word' id='word_1_474' title='bbox 1114 2505 1168 2541; x_wconf 83' lang='lat' dir='ltr'>vel</span> <span class='ocrx_word' id='word_1_475' title='bbox 1197 2507 1384 2543; x_wconf 86' lang='lat' dir='ltr'>distrahere</span> <span class='ocrx_word' id='word_1_476' title='bbox 1409 2520 1473 2555; x_wconf 89' lang='lat' dir='ltr'>pro</span> <span class='ocrx_word' id='word_1_477' title='bbox 1493 2508 1643 2555; x_wconf 90' lang='lat' dir='ltr'>ipsorum</span> 
     </span>
     <span class='ocr_line' id='line_1_47' title="bbox 155 2552 1645 2603; baseline 0.001 -13"><span class='ocrx_word' id='word_1_478' title='bbox 155 2555 338 2603; x_wconf 83' lang='lat' dir='ltr'>indigentia</span> <span class='ocrx_word' id='word_1_479' title='bbox 361 2554 493 2603; x_wconf 88' lang='lat' dir='ltr'>penitus</span> <span class='ocrx_word' id='word_1_480' title='bbox 521 2554 768 2603; x_wconf 72' lang='lat' dir='ltr'>impediantur,</span> <span class='ocrx_word' id='word_1_481' title='bbox 799 2552 956 2591; x_wconf 87' lang='lat' dir='ltr'>volumus</span> <span class='ocrx_word' id='word_1_482' title='bbox 974 2566 1015 2591; x_wconf 89' lang='lat' dir='ltr'>eo</span> <span class='ocrx_word' id='word_1_483' title='bbox 1029 2566 1133 2598; x_wconf 85' lang='lat' dir='ltr'>casu,</span> <span class='ocrx_word' id='word_1_484' title='bbox 1164 2556 1427 2600; x_wconf 82' lang='lat' dir='ltr'>constituimus,</span> <span class='ocrx_word' id='word_1_485' title='bbox 1461 2559 1645 2596; x_wconf 80' lang='lat' dir='ltr'>etmanda-</span> 
     </span>
    </p>

    <p class='ocr_par' dir='ltr' id='par_1_5' title="bbox 1561 2617 1647 2649">
     <span class='ocr_line' id='line_1_48' title="bbox 1561 2617 1647 2649; baseline -0.012 -7"><span class='ocrx_word' id='word_1_486' title='bbox 1561 2617 1647 2649; x_wconf 43' lang='lat' dir='ltr'>mus,</span> 
     </span>
    </p>
   </div>
  </div>
 </body>
</html>
