1952 3167
326 303 370 339 32
673 296 736 331 DE
762 297 875 339 JURE
911 294 1192 332 SIGNATURAE
1219 295 1428 331 IUSTITIAE

325 340 534 379 violabiliter
553 345 750 388 observari3
780 347 923 393 sicque,
951 355 984 380 et
1004 357 1066 380 non
1096 345 1194 380 aliter
1219 346 1248 379 in
1276 344 1452 391 praeniissis
1479 355 1539 389 per
1561 354 1795 390 quoscumque

325 390 463 433 judices
491 394 692 430 Ordinarios
722 420 732 436 ,
761 405 796 430 et
826 395 1008 440 Delegatos
1035 394 1153 441 quavis
1183 394 1402 434 auctoritate,
1430 393 1706 439 praeeminentia,
1737 401 1795 428 aut

326 448 491 486 potestate
520 443 723 489 fungentes,
749 453 781 479 et
808 445 1007 484 functuros,
1037 453 1195 484 nunc‚et
1229 456 1290 488 pro
1305 452 1457 487 tempore
1471 445 1677 484 existentes,
1693 442 1795 479 etiam

323 489 513 526 Causarum
542 492 658 528 Palatii
687 493 875 537 Apostolici
906 493 1111 531 Auditorcs‚
1143 501 1174 525 et
1203 492 1237 524 S.
1254 492 1295 525 R.
1326 491 1363 523 E.
1389 490 1586 524 Cardiusles
1619 492 1718 528 etiam
1748 492 1791 526 de

323 537 427 572 latere
443 540 610 587 Legatos,
645 543 771 576 sublata
797 543 870 581 eis,
886 551 918 575 et
936 551 1050 574 eorum
1078 539 1219 574 cuilibet
1234 538 1352 583 quavis
1386 537 1484 572 aliter
1510 539 1707 580 iudicandi,
1733 552 1793 576 seu

318 586 563 632 ,interpretandi
592 591 748 625 facultate
773 614 783 629 ‚
813 589 954 630 judicari
983 613 994 628 ,
1024 600 1041 622 e
1069 587 1200 622 definiri
1220 587 1372 626 debere3
1402 586 1542 621 Irritum
1571 599 1734 634 quoque,
1756 597 1792 624 et

321 636 442 678 inane,
460 639 488 672 si
513 651 607 673 secus
633 649 734 683 super
759 638 809 672 his
838 649 1040 683 aquoquam
1067 636 1184 683 quavis
1216 634 1415 671 auctoritate
1430 635 1600 677 scienter,
1627 635 1705 672 vel
1697 648 1790 683 igno

315 693 434 721 :anter
456 686 637 732 contigerit
663 686 811 721 attentari
829 711 840 720 .

427 735 488 769 VI.
538 737 617 770 Non
659 736 866 771 obstantibus
908 735 1084 781 praemissis
1110 758 1120 775 ‚
1161 745 1193 770 et
1219 743 1380 782 quatenus
1406 748 1490 781 opus
1528 735 1572 769 sit
1595 759 1606 775 ‚
1637 743 1750 770 nostra
1779 759 1792 776 ,

316 790 350 816 ct
380 784 598 820 Cancellariae
636 784 842 830 Apostolicae
875 784 1004 831 Regula
1042 785 1083 819 de
1120 784 1195 824 iure
1232 785 1372 831 quaesito
1416 796 1480 819 non
1525 782 1679 818 tollendo
1710 808 1721 824 ,
1759 792 1792 818 et

314 831 386 868 aliis
419 834 690 880 quibuscumque
725 834 956 880 Apostolicis‚
983 846 1020 869 ac
1046 834 1077 868 in
1103 834 1354 870 Universalibus
1376 859 1387 874 ,
1420 832 1717 873 Provincialibus,
1754 841 1788 867 et

315 881 541 927 Synodalibus
567 883 734 919 Conciliis
775 882 874 918 editis
906 883 1118 929 generalibus
1145 908 1155 923 ,
1195 882 1248 917 vel
1288 882 1489 927 specialibus
1521 881 1787 916 Constitutioni-

312 930 399 969 bus,
434 938 468 964 et
494 932 766 965 ordinationibus
801 955 811 970 ,
839 943 899 965 nec
926 942 991 965 non
1020 931 1196 975 quibusvis
1226 934 1324 967 etiam
1354 933 1544 972 iuramento
1571 954 1582 969 ‚
1610 931 1791 965 confirma-

315 978 407 1012 tione
432 979 662 1022 Apostolica,
694 979 749 1013 vel
782 978 844 1012 alia
872 979 990 1023 quavis
1022 979 1179 1014 firmitate
1210 980 1374 1014 roboratis
1405 1004 1415 1019 ,
1444 978 1603 1018 statutis,
1632 990 1691 1013 nec
1725 990 1791 1013 non

311 1025 494 1071 praedicta,
509 1026 651 1072 aliisque
681 1027 955 1073 quibuscumque
985 1051 995 1067 ,
1024 1029 1253 1071 quamtumvis
1290 1027 1530 1074 antiquissimis
1561 1052 1572 1068 ‚
1613 1035 1646 1062 et
1672 1025 1791 1062 imme-

311 1073 531 1110 motabilibus
575 1076 873 1112 consuetudinibus
905 1101 916 1116 ,
950 1076 1143 1122 privilegiis
1183 1089 1318 1123 quoque
1348 1101 1358 1118 ,
1402 1077 1540 1112 indultis
1567 1101 1577 1116 ,
1618 1085 1653 1111 et
1684 1076 1787 1112 literis

307 1123 515 1169 Apostolicis
549 1127 587 1159 ad
621 1126 772 1161 favorem
799 1125 1004 1172 utriusque,
1032 1126 1086 1161 vel
1115 1126 1250 1162 alterius
1280 1127 1464 1173 Signaturae
1493 1134 1611 1161 nostrae
1630 1125 1791 1161 Referen-

308 1173 507 1213 dariorum,
536 1173 590 1209 vel
608 1175 808 1211 Votantium
827 1199 837 1215 ,
863 1186 922 1210 seu
951 1185 1068 1210 eorum
1098 1200 1108 1215 ,
1140 1185 1172 1210 et
1194 1187 1490 1221 quorumcumque
1514 1173 1760 1220 Collegiorum
1777 1198 1789 1215 ,
1811 1182 1816 1185 '

305 1222 361 1255 vel
392 1222 780 1264 Tribunaliun1‚etiam
814 1223 952 1269 speciali
979 1233 1059 1258 nota
1083 1224 1288 1270 dignorum,
1313 1225 1374 1259 sub
1394 1224 1666 1269 quibuscumque
1697 1233 1791 1258 teno-

308 1269 402 1304 ribus
419 1294 430 1309 ,
455 1280 488 1305 et
515 1272 657 1311 formis,
684 1285 722 1307 ac
746 1285 824 1307 cum
857 1272 1031 1317 quibusvis
1048 1297 1058 1312 ‚
1080 1273 1181 1307 etiam
1208 1274 1498 1317 derogatoriarum
1533 1272 1790 1316 derogator-iis,

307 1318 448 1364 aliisque
475 1297 750 1360 efficacioribus,
779 1330 812 1355 et
839 1320 979 1355 insolitis
994 1320 1169 1355 Clausulis
1186 1344 1197 1360 ‚
1230 1328 1263 1355 et
1292 1321 1436 1355 decretis
1470 1319 1500 1354 in
1517 1330 1635 1366 genere
1654 1319 1734 1360 ‚vel
1757 1319 1792 1354 in

303 1368 440 1412 specie,
473 1368 573 1404 etiarn
594 1378 686 1404 motu
715 1369 852 1415 proprio
882 1393 892 1410 ,
917 1378 950 1404 et
973 1371 1014 1404 de
1041 1369 1216 1416 potestatis
1250 1368 1483 1415 plenitudine,
1514 1380 1571 1405 aut
1599 1368 1678 1403 alias
1698 1379 1791 1424 ‘quo-

305 1415 496 1451 modolibet
521 1429 583 1463 per
598 1418 862 1453 Praedecessores
894 1428 1027 1453 nostros
1068 1419 1238 1453 Romanos
1267 1418 1445 1453 Pontifices
1477 1417 1665 1456 concessis,
1696 1417 1794 1451 inno-

301 1464 415 1503 vatis,
445 1467 649 1500 confirmatis
669 1490 680 1504 ,
728 1474 760 1500 et
787 1467 1001 1510 approbatis.
1033 1466 1170 1511 Qibus
1184 1466 1366 1504 omnibus,
1396 1474 1429 1499 et
1445 1464 1587 1510 singulis
1615 1489 1626 1505 ,
1656 1465 1790 1500 etiamsi

300 1523 363 1558 pro
395 1511 529 1548 illorum
571 1513 751 1548 sufficienti
780 1514 998 1558 derogatione
1039 1515 1080 1547 de
1111 1513 1177 1548 illis
1202 1538 1213 1553 ,
1253 1524 1441 1559 eorumque
1481 1514 1558 1548 totis
1588 1513 1788 1554 tenoribus,

299 1561 452 1604 specialis
470 1585 479 1600 ‚
508 1561 688 1606 specifica,
720 1561 916 1602 individua,
948 1572 982 1597 et
1005 1574 1182 1607 expressa,
1218 1574 1253 1597 ac
1273 1563 1313 1597 de
1332 1564 1437 1597 verbo
1465 1564 1505 1596 ad
1522 1563 1687 1602 verbum,
1720 1574 1788 1597 non

296 1617 408 1643 autem
440 1620 501 1654 per
518 1608 696 1644 Clausulas
730 1609 896 1655 generales
929 1635 940 1650 ,
994 1612 1083 1645 idem
1123 1611 1345 1656 importantes
1377 1611 1504 1644 mentio
1531 1634 1541 1650 ,
1581 1623 1639 1645 seu
1660 1610 1787 1657 quaevis

296 1657 361 1691 alia
389 1657 565 1702 expressio
595 1659 768 1698 habenda,
812 1667 869 1694 aut
903 1659 1011 1705 aliqua
1043 1660 1108 1693 alia
1137 1659 1302 1705 exquisita
1328 1659 1437 1694 forma
1465 1661 1506 1694 ad
1528 1661 1592 1694 hoc
1624 1661 1788 1695 servanda

292 1706 408 1745 foret,
447 1714 580 1742 tenores
627 1707 820 1747 hujusmodi
850 1732 861 1747 ‚
899 1721 936 1743 ac
955 1709 980 1743 si
1013 1709 1054 1742 de
1082 1709 1186 1749 verbo
1215 1732 1226 1748 ‚
1264 1709 1303 1743 ad
1335 1710 1474 1743 verbum
1501 1733 1512 1749 ,
1540 1707 1621 1743 nihil
1650 1710 1786 1754 penitus

288 1754 444 1794 omisso,
476 1765 509 1790 et
523 1756 630 1792 forma
657 1757 689 1791 in
706 1756 769 1791 illis
803 1757 948 1798 tradita,
988 1757 1191 1797 observata,
1233 1756 1532 1802 exprimerentur,
1573 1756 1628 1792 vel
1665 1758 1786 1793 insere-

288 1811 430 1844 rentur,
457 1803 575 1840 iisdem
604 1805 821 1852 praesentibus
858 1817 919 1851 pro
948 1805 1045 1851 plene
1063 1829 1072 1845 ‚
1092 1815 1125 1840 et
1138 1805 1345 1840 snfficienter
1386 1806 1572 1851 expressis,
1602 1814 1637 1841 et
1655 1806 1787 1844 insertis

288 1852 449 1888 habentes
481 1855 522 1888 ad
550 1855 707 1891 effectum
727 1855 942 1902 praesentium
966 1880 977 1895 ,
1007 1854 1073 1890 illis
1103 1853 1181 1889 alias
1209 1854 1240 1888 in
1268 1866 1330 1889 suo
1371 1857 1494 1889 robore
1522 1856 1744 1900 permansuris
1773 1879 1784 1897 ,

290 1901 412 1936 harum
433 1903 518 1938 serie
536 1905 737 1950 derogamus
751 1929 761 1944 ‚
792 1906 987 1950 caeterisque
1018 1903 1195 1939 contrariis
1212 1904 1516 1949 quibuscumque.

384 1950 465 1985 VII.
493 1952 588 1988 Nulli
603 1965 686 2000 ergo
712 1955 846 1989 omnino
876 1955 1051 1989 homiuum
1082 1952 1179 1988 liceat
1206 1953 1359 1999 paginam
1392 1955 1476 1988 hanc
1506 1962 1697 1990 nostrarum
1725 1965 1785 1997 ap.-

286 1997 522 2043 probationis,
551 2003 817 2038 confirmationis
840 2027 851 2042 ‚
888 2001 1138 2042 innovationis,
1167 2003 1312 2042 statuti,
1346 2003 1559 2039 decretorum
1588 2001 1784 2037 declarati&

285 2046 359 2086 nis,
384 2047 595 2090 voluntatis,
626 2052 794 2091 mandati,
820 2050 1042 2087 absolutionis
1062 2075 1072 2091 ‚
1105 2052 1360 2088 concessionum
1381 2076 1392 2092 ,
1421 2052 1542 2087 indulti
1571 2075 1582 2091 ,
1625 2059 1658 2084 et
1686 2050 1782 2084 dero-

285 2095 453 2139 gatfffllls,
484 2098 665 2145 infringere
683 2125 695 2141 ‚
719 2101 770 2138 vel
787 2099 816 2135 ei
843 2113 925 2136 ausu
958 2100 1138 2135 temerario
1174 2101 1342 2135 contraire
1368 2124 1377 2133 .
1406 2100 1439 2133 Si
1465 2101 1537 2144 quis
1565 2106 1675 2133 autem
1715 2100 1780 2133 hoc

284 2150 450 2177 attentare
480 2149 732 2193 praesumpserit
757 2148 1019 2192 indignationem
1047 2147 1299 2199 Omnipotentis
1329 2146 1420 2185 Dei,
1446 2158 1483 2181 ac
1503 2147 1690 2182 Beatorum
1719 2148 1783 2182 Pe-

285 2189 352 2230 tri,
367 2199 400 2224 et
418 2192 511 2227 Pau-li
543 2195 789 2239 Apostolorum
815 2196 886 2231 ejus
903 2217 914 2233 ,
943 2205 979 2226 se
1005 2192 1142 2227 noverit
1158 2193 1396 2230 incursurum.

381 2238 507 2274 Datum
543 2242 660 2276 Romae
692 2242 784 2286 apud
818 2240 973 2275 Sanctam
1014 2241 1155 2276 Mariam
1199 2241 1364 2282 Maiorem
1403 2243 1500 2278 Anno
1541 2243 1782 2279 Incarnationis

283 2286 475 2322 Dominicae
491 2286 710 2327 millessimo,
740 2288 989 2325 sexcentesimo
1009 2289 1229 2335 nonagesimo
1259 2291 1404 2337 quinto,
1431 2292 1533 2328 tertio
1557 2293 1688 2328 decimo
1703 2291 1780 2328 Kal.

284 2333 457 2381 Augusti,
483 2335 703 2372 Pontificatus
727 2336 831 2371 nostri
858 2338 956 2372 Anno
976 2338 1019 2371 V.

476 2383 518 2418 B.
534 2383 734 2427 Cardinalis
750 2385 889 2419 Prodat.

380 2434 407 2467 J
433 2432 839 2470 1².card..21lbanus=
878 2434 956 2469 Visa
972 2435 1011 2471 de
1027 2434 1118 2471 curia
1141 2446 1177 2470 =
1214 2439 1242 2473 J.
1273 2437 1537 2485 Sacripantes...
1502 2449 1537 2460 ·-·
1599 2443 1640 2475 D.
1671 2440 1775 2477 Ciam-

423 2481 548 2530 pinus.

574 2529 667 2568 Loco
694 2534 733 2578 ›1‹
758 2530 890 2578 plumbi
919 2553 930 2566 .

329 2608 332 2611 Δ
375 2599 380 2616 4
1622 2596 1624 2602 ¹
1733 2594 1778 2623 re!
