1952 3167
286 327 331 360 70
653 312 714 346 DE
744 311 857 354 JURE
894 310 1173 346 SIGNATURAE
1199 310 1410 351 JUSTITIAE

283 364 399 400 tione,
427 360 498 395 sive
524 370 664 395 recursu
691 370 824 395 remoto
842 385 852 400 ‚
882 361 956 394 illos
985 359 1040 405 qui
1071 358 1100 393 in
1134 370 1251 393 eorum
1281 369 1445 397 munere,
1473 359 1567 394 dicto
1604 359 1656 394 vel
1684 361 1772 396 facto

283 410 511 456 deliquerint3
542 410 609 443 sine
636 409 830 453 praejudicio
863 408 1063 454 procedendi
1093 417 1206 441 contra
1232 408 1339 442 dictos
1369 408 1552 449 culpabiles
1571 420 1630 451 per
1645 410 1773 444 Exccu-

285 470 373 494 tores
410 458 507 496 huius
535 467 655 493 nostrae
671 457 936 492 constitutionis
957 481 967 497 ,
984 456 1082 491 etiam
1115 467 1154 489 ex
1180 455 1294 488 officio
1329 456 1369 488 ad
1405 467 1514 497 poenas
1538 457 1769 499 pecuniarias,

284 518 316 543 et
345 506 533 551 corporales
553 531 563 545 ‚
591 519 626 540 ac
655 506 877 551 suspensionis
900 515 1035 549 quoque
1061 511 1253 546 perpetuat,
1285 513 1348 535 non
1372 502 1479 536 solum
1502 503 1534 535 in
1551 514 1591 536 eo
1607 504 1769 540 Tribuna-

286 557 334 596 li,
364 557 394 589 in
423 567 490 599 quo
521 556 581 599 ipsi
612 554 838 599 deliquerint,
866 556 922 587 sed
953 553 1050 586 ctiam
1079 550 1110 583 in
1140 550 1322 590 omnibus,
1348 558 1381 584 et
1408 549 1676 596 quibuscumque
1695 553 1767 590 aliis

286 614 404 639 nostra:
432 604 530 639 Urbis
562 602 822 638 Tribunalibus.

382 747 548 781 Volumus
591 747 719 781 tandem
759 754 858 790 atquc
885 745 1077 778 mandamus
1120 754 1181 788 pro
1208 743 1405 778 omnimoda
1431 744 1643 778 observantia
1671 746 1768 785 huius

293 805 412 831 nostrae
429 794 696 830 Constitutionis
713 819 722 833 ‚
738 796 828 839 quod
857 794 1085 837 unusquisque
1111 791 1271 826 Notarius
1290 792 1480 826 Tribunalis
1497 817 1506 831 ,
1525 802 1556 826 et
1577 795 1792 832 cuiuscum-‚

288 857 354 890 que
384 845 498 879 curiae
525 844 651 882 Urbis3
678 844 839 877 Notarius
863 842 1005 876 Archivi
1032 841 1267 885 Scriptorum,
1297 850 1329 874 et
1362 841 1524 875 Notarius
1546 842 1686 875 Archivi
1705 843 1770 877 Ur-

287 895 362 927 bani
392 894 535 927 retinere
554 896 695 926 debeant
709 901 872 935 perpetuo
902 890 1036 925 affixum
1056 889 1225 935 exemplar
1256 890 1353 928 huius
1386 898 1508 923 nostrae
1541 889 1771 924 Constitutio-

286 942 335 975 nis
366 942 396 975 in
427 952 543 974 eorum
573 939 704 974 Officiis
739 939 924 984 respective
949 950 959 977 3
998 951 1055 972 nec
1083 950 1149 972 non
1180 938 1312 973 affixum
1344 938 1523 972 retineatur
1546 937 1576 971 in
1606 938 1769 973 Archivio

286 989 421 1022 Urbano
446 991 531 1031 apud
565 987 730 1021 Palatium
756 998 904 1021 nostrum
924 987 1119 1020 Vaticanum
1136 1009 1147 1025 ‚
1176 996 1207 1020 et
1239 988 1270 1021 in
1285 985 1435 1021 Archivo
1454 986 1671 1021 Notariorum
1696 988 1768 1022 Cu-

284 1037 341 1070 ria:
372 1035 572 1080 Capitolina:
616 1036 648 1070 in
674 1035 799 1069 aedibus
824 1033 992 1080 Capitolii
1023 1035 1181 1070 existente
1206 1058 1216 1074 ,
1260 1037 1321 1070 sub
1355 1036 1462 1080 poenis
1504 1043 1677 1070 scutorum
1713 1037 1771 1071 de-

285 1096 355 1120 cem
375 1109 384 1119 .
420 1094 485 1119 etc.

381 1134 459 1168 Non
485 1134 722 1168 obstantibus.
751 1142 813 1168 etc.

381 1182 506 1217 Datum
534 1182 651 1216 Romae
680 1183 767 1224 apud
794 1182 949 1217 sanctum
992 1180 1129 1215 Petrum
1169 1183 1268 1215 Anno
1296 1181 1538 1215 incarnationis
1577 1181 1767 1218 Dominicae

285 1229 465 1265 millesimo
492 1230 788 1276 septingentesimo
814 1229 977 1275 vigesimo
1007 1240 1155 1268 octaVO,
1184 1241 1234 1264 lv.
1249 1229 1325 1264 Kal.
1342 1230 1422 1264 Maii
1451 1229 1670 1264 pontificatus
1698 1232 1769 1266 No-

285 1279 344 1312 stri
372 1280 471 1313 Anno
496 1279 558 1314 1V.

903 1329 964 1376 N.
987 1329 1152 1374 XXIV.

341 1423 565 1472 'Indultum
584 1424 861 1472 Pontificium
878 1459 892 1478 ,
920 1444 1008 1492 quo
1024 1424 1229 1471 Auditori
1261 1426 1489 1487 Signaturae
1510 1440 1716 1473 concessa

395 1493 474 1546 fuit
499 1493 910 1544 facultasvdeferendi
931 1494 1229 1543 Rocchettum
1246 1530 1260 1550 ,
1294 1509 1337 1543 et
1354 1494 1677 1545 redimiculutn'

540 1568 780 1617 violaceum
807 1571 853 1614 in
876 1568 990 1643 ΡίΙΙετο
1018 1567 1069 1615 ad
1095 1571 1222 1616 instar
1251 1571 1512 1617 Votantium

793 1639 986 1703 ejusdem
1010 1643 1264 1704 Signaturae.

696 1759 1093 1795 BEATISSIMO
1132 1759 1362 1794 PADRE.

365 1855 373 1868 ’
388 1857 556 1891 Auditore
587 1857 672 1892 della
691 1857 871 1901 Segnatura
890 1857 923 1891 di
943 1857 1109 1892 Giustizia
1129 1856 1330 1892 umilissimo
1349 1857 1496 1892 Oratore
1525 1857 1611 1892 della
1637 1857 1670 1891 S.
1691 1857 1736 1892 V.
1754 1880 1766 1897 ,

390 1906 896 1950 divotamentelerappresenta
915 1917 1003 1941 esser
1029 1916 1116 1941 stato
1145 1907 1337 1940 conceduto
1365 1906 1393 1940 ai
1424 1906 1559 1942 Votanti
1583 1905 1669 1940 della
1695 1916 1767 1950 pre-

284 1952 376 1987 detta
391 1954 570 1999 Segnatura
598 1955 684 1990 dalla
713 1955 745 1988 S.
764 1956 868 1990 Mem.
883 1954 915 1989 di
932 1955 1112 1989 Clemente
1131 1955 1191 1988 XI.
1222 1954 1242 1988 l’
1260 1954 1390 1989 indulto
1417 1954 1496 1989 dell'
1513 1967 1572 1989 uso
1602 1953 1655 1988 del
1679 1955 1766 1988 Roc-

283 2002 400 2036 chetto
414 2026 425 2041 ,
452 2014 469 2036 e
484 2002 579 2038 ‘dalla
610 2005 643 2040 S.
659 2004 701 2037 V.
715 2002 829 2048 quello
847 2003 900 2038 del
918 2004 1079 2038 Cerdone
1107 2015 1300 2049 pavonazzo
1319 2016 1337 2038 a
1367 2003 1494 2038 riflesso
1522 2002 1574 2038 del
1603 2002 1764 2038 continuo

284 2049 454 2085 laborioso
471 2053 615 2087 servizio
632 2077 643 2091 ,
671 2053 732 2086 che
748 2061 900 2096 prestano
930 2051 959 2086 al
987 2054 1142 2097 predetto
1160 2051 1345 2087 Tribunale
1365 2077 1374 2086 .
1404 2052 1505 2087 Onde
1531 2049 1762 2086 concorrendo

286 2098 364 2132 nell'
379 2100 525 2135 Oratore
540 2100 574 2135 lo
592 2111 697 2136 stesso
717 2101 879 2145 requisito
901 2125 910 2140 ‚
940 2100 969 2135 la
989 2101 1140 2145 supplica
1158 2101 1191 2134 di
1207 2101 1394 2134 dichiarare
1409 2122 1419 2136 ‚
1447 2101 1510 2133 che
1537 2100 1638 2132 anche
1658 2097 1679 2130 il
1697 2108 1763 2131 me-

283 2146 415 2199 dcsimo
438 2148 464 2181 s'
483 2149 616 2184 intenda
642 2160 821 2193 compreso
850 2148 925 2183 nell'
944 2160 1010 2182 uno
1024 2171 1035 2186 ,
1063 2159 1081 2181 e
1098 2148 1173 2181 nell'
1187 2147 1273 2179 altro
1302 2146 1432 2179 indulto
1451 2169 1461 2185 ‚
1486 2147 1550 2179 che
1586 2144 1672 2180 della
1689 2156 1763 2191 gra-

290 2203 340 2227 zia
363 2205 414 2227 ec.
1087 2202 1093 2205 ²

334 2242 470 2278 Foris:
500 2242 578 2276 Alia
596 2243 723 2276 Santitiz
749 2241 781 2275 di
806 2241 852 2276 N.
879 2243 912 2276 S.
943 2243 1030 2287 Papa
1056 2242 1244 2276 Benedetto
1271 2241 1367 2275 XIII.
1392 2252 1452 2285 per
1484 2240 1503 2274 l'
1519 2242 1659 2276 Uditore
1677 2242 1762 2277 della

287 2289 468 2332 segnatura
482 2291 516 2324 di
532 2290 743 2326 Giustizia=
783 2292 845 2323 Die
859 2291 948 2330 jovis
974 2302 987 2324 1
1000 2302 1029 2330 ς.
1047 2288 1247 2336 Septembris
1279 2301 1383 2332 1729.
1405 2295 1455 2324 Ex
1485 2291 1669 2325 audientia
1686 2295 1764 2325 Sau-

286 2337 420 2376 ctissime
455 2336 549 2379 facta
560 2347 623 2387 per
640 2351 691 2375 me
709 2338 873 2376 relatione
893 2347 930 2374 ut
947 2347 1047 2386 supra
1063 2362 1073 2378 ‚
1096 2338 1321 2373 sanctissimus
1335 2337 1472 2384 benigne
1498 2340 1613 2373 annuit
1627 2363 1638 2380 ,

1032 2391 1070 2421 L.
1089 2387 1184 2422 eard.
1202 2388 1353 2422 corsinus
1367 2385 1542 2429 Praefectus
1556 2410 1566 2421 .

1587 2579 1631 2613 N.
1649 2548 1767 2614 xxv(
