1993 3195
627 344 667 385 C
699 343 740 383 A
771 345 801 386 P
833 344 876 386 U
904 345 943 387 Τ
1006 345 1023 385 l
1044 345 1078 388 1.
1169 352 1176 358 ”
1502 369 1518 395 1
1561 371 1576 398 t

123 408 211 450 dem
241 403 384 448 mensis
401 401 519 444 minis
539 400 789 446 deterruisset
808 406 995 453 Iacobum
1018 403 1173 448 Gadioli
1186 434 1200 454 ‚
1217 404 1312 448 dicti
1338 368 1579 458 Tribunaiis

119 466 174 507 A.
199 464 253 506 C.
284 463 505 505 Cursorem
523 494 537 512 ‚
563 477 613 504 ne
646 463 810 505 similem
841 465 1076 507 citationem
1108 479 1375 523 exequeretur
1398 498 1405 504 .
1430 469 1579 528 Legae-

115 523 248 565 cionus
269 537 479 565 recursum
512 523 657 566 habuit
674 525 726 566 ad
744 524 1000 576 Pontificem,
1037 541 1059 567 a
1094 541 1180 582 quo
1214 527 1451 584 rescriptum
1470 530 1576 574 fuit:

115 582 260 623 Utatur
279 582 374 638 jure
391 598 463 625 suo
477 613 486 623 .
525 581 632 625 Hinc
651 583 749 627 adiit
761 585 1010 628 Auditorem
1030 585 1274 643 Signaturae
1291 616 1305 635 ,
1323 587 1394 643 qui
1419 602 1485 644 17.
1508 605 1577 632 no-

110 641 287 684 vembris
304 643 498 698 praedicti
516 643 613 684 anni
634 644 843 702 rescripsit,
860 646 975 699 quod
991 645 1202 704 recipiatur
1215 648 1301 689 loco
1314 648 1490 705 querelae
1503 665 1575 706 per

108 711 196 743 acta
215 702 404 753 Ambivii,
422 718 467 745 ac
486 702 635 744 deinde
650 705 862 761 deputavit
883 706 1119 749 praesulem
1136 707 1388 750 Franciscum
1410 708 1575 751 Dentice

108 771 208 803 tunc
223 761 552 805 Gubernatorem
565 763 733 805 Sabinae
751 779 845 807 cum
864 765 1060 808 facultate
1079 768 1372 826 subdelegandi
1384 783 1458 826 pro
1477 785 1574 812 con·

106 817 284 862 ficiendo
315 823 505 865 Processu
537 836 679 864 contra
714 825 870 867 dictum
887 826 1178 869 Afficruariurn
1198 857 1211 874 ,
1239 841 1279 870 et
1315 829 1551 887 complices.

104 876 208 934 Quo
238 882 429 923 Processu
446 913 459 931 ,
488 882 674 925 confecto
703 898 725 925 a
743 884 953 929 Francisco
971 886 1106 929 Maria
1129 887 1277 930 Cortesi
1291 919 1304 938 ,
1340 891 1393 932 ab
1420 889 1563 931 eodem

101 937 387 983 Gubernatore
421 941 612 1000 deputato
630 971 644 990 ‚
674 959 716 986 ac
748 946 984 989 transmisso
1020 947 1074 989 ad
1106 947 1262 992 Urbem
1278 980 1291 999 ‚
1325 949 1564 1006 Signaturae

96 997 280 1041 Auditor
296 1000 524 1058 designavit
543 1002 828 1055 particularem
848 1005 1223 1064 Congregationem
1240 1040 1253 1058 ,
1271 1023 1408 1050 coram
1430 1023 1468 1050 se
1488 1009 1562 1050 ha-

97 1057 276 1100 bendam
300 1088 313 1107 ,
336 1075 475 1117 nempe
491 1061 659 1109 Ioannis
680 1063 846 1120 Philippi
872 1066 1000 1122 Toppi
1030 1067 1190 1109 Fiscalis
1219 1067 1413 1126 generalis
1431 1100 1443 1117 ‚
1463 1067 1562 1110 Cae-

93 1117 193 1159 saris
207 1119 341 1162 Mocci
371 1121 702 1162 Locumtenentis
733 1123 784 1162 Α.
808 1121 863 1164 C.
885 1124 926 1164 in
955 1124 1253 1169 Criminalibus
1271 1157 1284 1175 ‚
1306 1127 1466 1184 AEgidii
1479 1129 1562 1170 Lu-

91 1176 232 1219 dovisii
251 1178 579 1219 Locumtenentis
601 1179 642 1218 in
657 1179 954 1224 Criminalibus
973 1183 1210 1225 Tribunalis
1228 1185 1320 1224 Effii
1336 1186 1505 1235 Vicani,
1522 1200 1561 1231 et

90 1235 310 1294 Augustini
337 1235 549 1278 Sabatucci
583 1238 914 1280 Locumtenentis
946 1238 989 1280 in
1027 1240 1326 1284 criminalibus
1358 1244 1560 1287 Gubernii

89 1292 213 1337 Urbis
230 1311 324 1338 cum
348 1309 449 1338 voto
475 1297 711 1338 eorumdem
729 1298 960 1340 consultivo
981 1329 991 1338 .
1023 1300 1172 1343 Habita
1193 1313 1330 1342 autem
1349 1302 1425 1343 hac
1444 1302 1560 1345 Con-

87 1356 325 1411 gregatione
346 1354 409 1397 die
428 1367 498 1411 27.
520 1356 719 1398 februarii
745 1370 868 1412 ¹755·
890 1356 932 1397 in
968 1359 1252 1402 mansionibus
1271 1359 1450 1416 ejusdem
1467 1361 1558 1405 Au-

86 1413 234 1456 ditoris
250 1447 263 1464 ,
298 1415 457 1457 nemine
477 1416 727 1472 discrepante
759 1416 979 1458 resolutum
1000 1417 1105 1467 fuit,
1130 1420 1246 1473 quod
1269 1419 1557 1472 Affictuarius,

84 1485 124 1515 et
150 1474 360 1532 complices·
377 1487 625 1516 monerentur
641 1474 682 1514 in
698 1490 869 1530 poenam
902 1474 1029 1516 ultimi
1063 1477 1246 1532 supplz'cii
1263 1506 1277 1524 ,
1308 1487 1346 1518 et
1357 1478 1552 1534 confisca-

82 1531 200 1575 tionis
227 1534 399 1577 omnium
432 1536 615 1577 bonorum
635 1564 649 1581 ‚
683 1534 779 1586 quia
826 1539 1020 1591 agebatur
1054 1536 1101 1576 de
1133 1551 1227 1578 casu
1258 1538 1550 1593 comprehenso

82 1589 126 1634 in
145 1593 409 1636 Bannimentis
431 1592 679 1652 generalibus
706 1591 978 1635 Tribunalium
1016 1592 1206 1636 Gubernii
1223 1628 1236 1645 ‚
1267 1606 1306 1637 et
1343 1596 1549 1643 Consultae

81 1665 223 1696 contra
243 1654 507 1710 impedientes
529 1653 689 1695 liberum
700 1653 880 1710 justitiae
906 1653 1160 1704 exercicium,
1192 1670 1267 1711 quo
1286 1658 1376 1696 vero
1390 1658 1443 1697 acl
1457 1657 1550 1698 An-

75 1712 206 1770 gelum
225 1715 275 1755 IV.
302 1716 472 1756 Fabrum
505 1713 731 1756 Ferrarium
753 1729 833 1756 esse
848 1728 922 1769 pro
940 1729 1048 1757 nunc
1058 1717 1346 1771 procurandam
1363 1714 1464 1757 illius
1478 1731 1544 1758 ca-

70 1781 231 1828 pturam
254 1806 266 1823 ‚
299 1773 395 1829 quia
418 1787 599 1830 repertus
619 1774 753 1815 minus
768 1774 982 1831 culpabilis
1001 1804 1009 1813 .
1031 1776 1149 1816 Facta
1168 1775 1221 1816 ab
1239 1774 1438 1816 Auditore
1461 1776 1546 1819 hu·

75 1828 144 1884 ius
163 1831 432 1874 Resolutionis
450 1833 641 1873 relatione
663 1833 875 1879 Pontifici,
909 1833 993 1874 fuit
1009 1849 1055 1874 ea
1085 1835 1311 1888 approbata
1342 1834 1419 1874 hoc
1439 1835 1541 1876 Pon-

76 1889 200 1932 tificio
222 1890 426 1946 Rescripto
449 1903 460 1929 ε
492 1889 555 1928 die
587 1903 621 1928 1.
643 1889 776 1928 martii
797 1903 851 1942 17
861 1900 927 1942 55.
952 1892 1022 1931 Ex
1040 1890 1252 1933 Audienticz
1289 1892 1540 1937 sanctissimi

73 1949 226 1990 Ssffzus
239 1947 468 2005 approbavit
486 1978 498 1996 ,
530 1957 570 1989 et
591 1947 738 2002 exequi
754 1946 965 1988 mandauit
983 1978 993 1988 .
1560 1994 1563 1995 ⁷

189 2007 254 2046 Ne
277 2019 411 2048 autem
432 2006 610 2046 Auditor
628 2034 641 2051 ,
662 2020 884 2059 omnesque
906 2006 971 2047 alii
991 2007 1034 2047 in
1066 2008 1141 2048 hac
1162 2006 1302 2049 Causa
1328 2008 1400 2065 qui
1421 2023 1536 2068 agere

68 2066 320 2115 debuissent,
336 2081 375 2107 se
393 2062 692 2107 criminalibus
710 2064 974 2107 immiscendo
1002 2066 1335 2122 irregularitatem
1350 2067 1535 2111 incurre-

66 2141 157 2171 rent
172 2157 186 2176 ,
217 2142 238 2169 a
259 2125 452 2168 Pontifice
467 2138 588 2181 super
605 2138 648 2165 ea
669 2123 885 2178 dispensati
903 2125 986 2181 jam
1003 2125 1166 2168 fuerant
1184 2156 1193 2166 .
1209 2127 1258 2168 Et
1274 2141 1325 2167 ne
1339 2134 1535 2183 iunquam

68 2185 249 2231 dubitari
267 2199 395 2245 posset
414 2197 497 2226 tam
515 2183 563 2225 de
582 2182 789 2226 validitate
806 2196 991 2225 actorum
1012 2183 1054 2223 in
1092 2184 1194 2225 dicta
1211 2185 1352 2228 Causa
1373 2217 1387 2235 ,
1420 2203 1466 2230 ac
1484 2189 1533 2232 de

65 2246 346 2305 jurisdictione
364 2243 570 2287 ordinaria
591 2241 806 2284 Auditoris
822 2242 1063 2299 Signaturae
1098 2243 1140 2284 in
1169 2243 1275 2286 hisce
1292 2274 1305 2293 ‚
1334 2259 1372 2288 et
1399 2247 1533 2289 simili-

68 2309 147 2350 bus
180 2305 326 2349 Causis
357 2303 657 2348 Criminalibus
680 2303 926 2359 procedendi
961 2318 1090 2360 usque
1116 2304 1169 2346 ad
1195 2319 1368 2362 poenam
1402 2306 1532 2350 ultimi

66 2365 252 2424 supplicii
269 2366 386 2408 etiam
406 2362 876 2424 inposterum,Pontifex
897 2362 939 2403 id
956 2363 1172 2406 declaravit
1194 2380 1288 2407 cum
1317 2366 1529 2422 Rescripto

67 2426 232 2484 propria
252 2436 375 2468 manu
391 2438 572 2472 exarato;
590 2435 710 2480 prout
727 2421 870 2479 legitur
886 2422 929 2463 in
949 2421 1179 2479 folio‚quod
1198 2424 1530 2480 authographum

68 2499 176 2528 extat
211 2485 252 2526 in
288 2485 384 2528 aetis
402 2486 530 2528 dictae
549 2483 712 2525 Causae
746 2481 789 2522 in
808 2479 911 2525 libro
934 2483 1204 2525 Processuum
1236 2482 1529 2527 Criminaliutu

72 2543 331 2600 signaturam,
348 2558 387 2587 et
401 2544 628 2587 exhibitum
649 2541 846 2601 reperitur
865 2543 942 2587 sub
964 2543 1029 2587 die
1047 2555 1120 2587 21.
1140 2541 1277 2601 aprilis
1295 2559 1312 2586 1
1336 2555 1441 2600 755.
1478 2544 1523 2586 in

70 2603 271 2649 Breliardo
292 2602 450 2649 Notarii
465 2603 640 2648 Archivii
656 2632 666 2645 .
1464 2661 1522 2706 V·

1462 2702 1469 2712 .
1507 2683 1521 2711 ι
