1952 3167
370 313 463 345 ato
643 302 719 343 DE
750 301 888 356 JURE
921 303 1267 347 SIGNATURAE
1301 305 1562 360 JUSTlTIAE

373 359 459 404 licis
469 357 958 420 Ecclesiastic'is3supplicat
968 363 1107 408 idcirco
1124 366 1317 408 humiliter
1335 368 1366 407 S
1368 397 1376 406 .
1389 367 1436 410 V.
1450 367 1595 408 Orator
1604 363 1836 415 antedictus,

374 431 419 463 ut
434 421 617 477 dignetur
637 420 799 465 Causam
820 456 832 474 ,
844 434 880 465 et
899 424 1051 467 Causas
1066 426 1408 482 appell<1tionis'‚et
1430 424 1742 483 appellationum,
1758 440 1841 468 nec-

371 495 452 522 non
481 481 667 523 nullitatis
684 513 695 531 ,
724 493 761 524 et
795 483 1011 526 nullitatum
1039 499 1091 526 ex
1106 486 1225 526 tribus
1261 484 1474 541 iniquitatis
1494 515 1507 533 ,
1541 495 1578 524 et
1592 484 1765 527 notoriae
1782 484 1842 526 in-

364 537 549 595 justitiae
582 557 605 583 a
635 541 735 584 dicta
754 544 938 585 sententia
974 553 1120 584 asserta
1140 574 1152 592 ,
1185 541 1288 596 infra
1322 542 1494 602 legitima
1528 552 1697 598 tempora
1727 544 1841 586 inter-

364 599 543 657 positae,
571 612 608 642 et
636 600 979 658 interpositarum,
1010 617 1162 645 necnon
1180 613 1454 645 attentatarum
1474 634 1486 651 ,
1517 611 1555 643 et
1570 600 1838 667 innozgatorum

369 674 698 717 quorumcumque
715 690 727 707 ,
756 676 804 703 ac
837 660 1095 706 restitutionis
1122 664 1163 705 in
1188 664 1383 721 integrum
1405 694 1418 712 ,
1446 672 1566 720 prout
1595 663 1748 716 dejure
1765 677 1836 706 etc.

360 734 447 761 ,una
480 734 565 762 cum
591 719 768 762 omnibus
799 721 1056 764 incidentibus
1074 753 1086 771 ‚
1130 724 1357 781 dependent:
1379 756 1396 774 ,,
1433 732 1675 779 emergente,
1714 737 1843 763 anne-

366 778 458 828 xis,
492 780 703 828 connexis,
747 796 796 823 ac
827 792 906 823 toto
929 783 1086 840 negotio
1101 782 1336 840 principali,
1368 798 1532 841 etquam
1549 815 1560 832 ,
1591 798 1627 824 et
1652 798 1749 838 quas
1766 796 1840 825 etc.

366 837 488 880 alicui
530 839 571 879 S.
598 840 647 882 V.
672 840 789 881 Sacri
819 841 963 882 Palatii
994 843 1207 900 Apostolici
1235 844 1441 893 Auditori‚
1472 844 1536 884 vel
1564 845 1841 885 Locumtenen·

362 896 395 937 τὶ
413 929 424 944 ,
457 899 526 953 (si
544 898 680 952 adsir)
703 898 859 941 audien.
879 915 1108 957 cognoscen.
1136 903 1310 944 deciden.
1332 935 1345 953 ,
1358 903 1518 960 fineque
1546 904 1669 944 debito
1701 900 1840 943 termi-

363 970 458 996 nan.
473 986 489 1003 ,Ἰ
507 955 758 1003 committere,
771 968 808 999 et
824 961 1028 1008 mandare,
1044 975 1130 1000 cum
1144 960 1337 1013 facultate
1357 962 1502 1003 citandi
1515 959 1712 1003 inhibendi
1729 975 1840 1014 quos,

360 1012 526 1069 quibus,
556 1013 712 1067 quoties
732 1046 743 1061 ‚
779 1016 1126 1059 constitutionibus
1145 1051 1156 1066 ‚
1186 1033 1222 1059 et
1250 1019 1574 1060 ordinationibus>
1595 1018 1838 1075 Apostolicis,

357 1070 447 1113 stilo
485 1071 662 1122 Palatii,
692 1076 925 1133 caeterisque
951 1077 1153 1121 contrariis
1180 1092 1257 1120 non
1293 1079 1534 1122 obstantibus
1553 1111 1567 1128 ‚
1597 1089 1744 1120 statum
1761 1091 1835 1121 etc.

353 1145 429 1187 pro.
451 1133 567 1192 plene
594 1144 664 1175 etc.

480 1193 771 1235 possessorium
797 1195 873 1237 hoc
914 1196 1199 1253 adipiscendae
1230 1198 1492 1254 possessionis,
1519 1196 1696 1246 dicitur,
1725 1212 1838 1241 corn-

358 1248 456 1305 petit
493 1251 702 1294 Creditori
737 1253 778 1294 ‘i'n
800 1255 942 1305 bonis,
964 1256 1083 1299 etiarn
1113 1272 1133 1298 a
1159 1257 1336 1299 debitore
1360 1256 1640 1312 hypothecatis
1654 1287 1668 1302 ,Δ
1683 1256 1766 1296 sive
1786 1258 1837 1300 ab

357 1307 446 1363 ipso
466 1308 646 1352 debitore
666 1343 679 1361 ,
704 1311 784 1354 sive
807 1329 826 1354 a
846 1315 959 1355 tertio
978 1316 1161 1370 possessis
1180 1343 1191 1360 ‚
1239 1315 1293 1357 ad
1308 1312 1491 1356 effectum
1508 1329 1548 1356 se
1566 1313 1836 1357 satisfaciendi

359 1367 407 1409 de
426 1369 579 1411 credito,
595 1385 646 1415 ex
663 1372 900 1414 eorumdem
918 1375 1126 1417 bonorum
1146 1373 1592 1428 fructibu33itidemque
1611 1373 1836 1429 Legatario,

357 1439 398 1468 et
417 1428 804 1472 Fideicommissario
818 1461 835 1478 ,
862 1434 923 1475 vei
937 1434 1057 1486 alteri
1078 1464 1094 1482 ‚
1125 1434 1194 1474 cui
1213 1432 1401 1490 competit
1416 1434 1522 1474 actio
1544 1432 1833 1489 hypothecaria

353 1489 777 1543 pro-consequutione
797 1490 1049 1545 proprietatis
1081 1492 1134 1534 rei
1167 1491 1343 1549 legatae,
1375 1491 1437 1536 vei
1467 1491 1761 1535 fideicommissi
1777 1492 1835 1536 ie-

354 1560 400 1603 ge
422 1545 576 1591 relictae
593 1579 609 1597 ,
631 1563 703 1591 aut
729 1547 823 1590 alies
840 1549 915 1592 sibi
934 1550 1093 1594 debitae
1119 1582 1127 1592 .

812 1607 1056 1654 commissio
1089 1612 1129 1653 in
1150 1609 1340 1655 Salviano
1360 1641 1371 1652 .

986 1669 1167 1714 Romana
1187 1701 1199 1712 .

888 1728 1114 1773 Beatissime
1144 1732 1259 1773 Pater
1279 1757 1289 1770 .

472 1780 529 1823 N.
553 1785 611 1825 Ν.ι
636 1799 826 1829 mercator
846 1786 887 1829 in
909 1789 1010 1832 Urbe
1025 1791 1074 1833 S..
1093 1792 1143 1833 V.
1162 1791 1311 1833 Orator·
1339 1788 1506 1830 creditor
1521 1788 1727 1833 Francisci
1753 1804 1824 1835 oc-

353 1840 508 1884 casione
532 1844 660 1887 annui
678 1860 816 1888 census
830 1858 1028 1890 scutorum
1049 1848 1335 1905 quinquaginta
1360 1877 1373 1895 ‚
1403 1847 1580 1904 imposito
1601 1864 1715 1906 super
1727 1867 1824 1908 qua-

351 1901 442 1942 dam
469 1903 582 1944 domo
605 1903 679 1945 sita
700 1915 773 1947 etc.
793 1905 948 1948 detenta
965 1920 1079 1951 nunc
1095 1923 1118 1950 a
1137 1907 1325 1958 Silva-iot,
1355 1923 1409 1950 ex
1423 1923 1497 1964 quo
1514 1910 1560 1951 ob.
1571 1907 1733 1964 fructus
1746 1909 1820 1953 sibi

350 1960 498 2002 debitos
514 1977 539 2002 a
561 1962 665 2005 dicto
692 1964 900 2009 Francisco
918 1996 930 2015 ,
960 1967 1116 2026 cogitur
1132 1968 1302 2024 experiri
1308 1967 1508 2023 judicium
1542 1968 1724 2009 Salviani
1738 1983 1827 2010 coa-

346 2028 407 2059 ἵνα
424 2018 573 2063 dictum
589 2022 799 2066 Silverium
825 2039 838 2074 ;
870 2036 907 2068 et
924 2027 1014 2083 quia
1033 2028 1195 2071 Oratori
1213 2027 1374 2071 interest
1391 2026 1650 2082 quantocitius
1673 2026 1731 2066 ad
1745 2025 1821 2068 im-

345 2076 564 2121 missionem
592 2082 768 2126 devenire
783 2116 796 2133 ,
811 2095 850 2126 et
869 2100 1002 2127 coram
1022 2085 1231 2129 Ordinario
1257 2087 1394 2132 Iudice
1412 2085 1480 2125 Lis
1492 2085 1532 2124 in
1553 2084 1709 2140 longum
1723 2100 1818 2140 pro-

346 2137 569 2180 traheretur
587 2142 633 2181 ob
647 2143 940 2196 praetensiones
953 2143 1184 2184 Adversarii
1199 2157 1211 2190 ;
1245 2141 1437 2197 supplicat
1467 2141 1611 2184 idcirco
1629 2143 1820 2187 humiliter

346 2193 389 2233 S.
428 2195 477 2235 V.
506 2208 698 2251 quatenus
721 2198 892 2240 Causam
907 2229 921 2248 ,
947 2209 985 2241 et
1003 2215 1144 2242 causas
1173 2197 1422 2242 Immissionis
1439 2230 1452 2248 ,
1484 2210 1522 2241 et
1538 2202 1816 2246 immissionum

343 2252 403 2293 ad
430 2252 583 2296 dictam
614 2256 774 2313 domum
792 2256 997 2314 injudicio
1013 2258 1117 2302 utilis
1131 2259 1315 2303 Salviani
1336 2257 1535 2301 interdicti
1549 2264 1606 2302 ad
1621 2261 1726 2303 illam
1754 2277 1816 2303 re-

340 2309 543 2355 tinendam
560 2345 576 2363 ,
591 2316 728 2364 donec,
745 2326 785 2358 et
814 2333 1016 2375 quousque
1034 2318 1191 2362 Oratori
1204 2318 1444 2369 satisfactum
1454 2318 1584 2373 fuerit
1599 2323 1647 2362 de
1667 2319 1812 2373 fructi-

344 2370 415 2412 bus
445 2372 619 2415 decursis
646 2373 746 2418 dicti
761 2391 901 2421 census
919 2408 931 2425 ,
966 2389 1004 2420 et
1017 2380 1065 2420 de
1082 2378 1173 2422 aliis
1197 2395 1267 2422 suo
1284 2378 1364 2421 loco
1382 2411 1395 2428 ,
1426 2390 1465 2422 et
1483 2395 1650 2437 tempore
1673 2382 1811 2424 decur-

340 2430 470 2473 rendis
487 2462 502 2481 ,
528 2448 577 2476 ac
592 2448 714 2490 quam
729 2466 743 2485 ‚
771 2446 810 2478 et
828 2453 933 2494 quas
959 2438 1100 2481 Orator
1125 2449 1257 2483 contra
1282 2437 1455 2489 dictum,
1490 2454 1527 2481 et
1553 2456 1688 2483 omnes
1713 2440 1811 2482 alios

339 2503 586 2545 occupatores
605 2495 718 2537 babet
734 2526 746 2545 ‚
777 2508 816 2538 et
832 2511 957 2541 movet
970 2529 983 2546 ,
1009 2509 1047 2540 et
1062 2500 1201 2542 babere
1216 2498 1299 2541 vult
1317 2529 1329 2548 ,
1350 2509 1388 2539 et
1404 2498 1571 2542 intendit
1586 2534 1598 2551 ,
1626 2517 1702 2542 una
1719 2514 1806 2542 cum

336 2548 514 2592 omnibus
533 2583 550 2603 ,
584 2564 623 2597 et
648 2554 815 2613 singulis
843 2556 1104 2602 incidentibus
1130 2591 1143 2611 ,
1173 2557 1458 2617 emergentibus
1489 2591 1502 2611 ‚
1528 2558 1691 2605 annexis
1728 2588 1741 2607 2
1771 2568 1808 2600 εἰ

1130 2642 1134 2643 ⁷
1714 2632 1809 2662 con-
