1993 3195
631 319 670 364 C
705 321 745 362 A
775 321 804 360 P
834 316 877 359 U
909 316 947 359 ,T
1008 316 1059 356 Il.
1493 329 1566 358 101

122 403 209 435 vata
229 389 305 431 fuit
322 383 500 442 quadam
518 378 693 437 Epistola
706 377 873 427 Ioannis
895 375 1088 432 Baptistae
1108 371 1167 413 De
1185 372 1305 419 Luca,
1321 385 1452 428 postea
1471 374 1578 417 Cat-

122 448 278 497 dinalis,
289 447 335 488 de
355 441 535 497 eiusdem
552 440 754 483 Pontificis
769 437 961 480 mandato
981 434 1128 475 directa
1141 432 1243 473 Effio
1261 431 1578 485 Pro-Praefectus,

121 521 166 550 ut
184 518 347 564 apparet
373 517 420 545 ex
437 499 681 544 Tribunalis
699 500 937 555 Signa-turae
968 495 1133 550 Regesto
1147 519 1160 539 ‚
1194 489 1419 546 deindeque
1436 491 1577 534 Edicto

120 565 352 609 Cardinalis
371 563 501 618 Spacla
522 560 561 601 in
582 576 702 602 usum
722 569 906 601 revocata
925 584 935 595 .
962 553 1080 595 Hisce
1100 565 1231 593 tamen
1264 548 1445 591 remediis
1464 577 1477 597 ‚
1498 561 1580 592 tam

119 626 316 682 sapienter
353 621 519 681 repertis
556 620 721 663 minime
754 614 1009 660 obstantibus
1030 641 1043 661 ,
1076 608 1381 659 Referendarii,
1415 609 1511 663 qui,
1535 623 1580 652 ut

119 685 380 745 Calcagninus
403 683 456 726 ait
472 679 534 739 (Ι)
556 708 568 728 ,
584 678 673 722 licet
705 694 780 722 non
788 674 945 732 faciant
961 684 1161 715 numerum
1187 668 1226 710 in
1261 667 1431 727 Collegio
1448 699 1460 718 ,
1483 667 1583 722 faci-

119 755 194 787 unt
211 744 486 803 quodammodo
494 748 651 798 partem
672 770 685 789 ,
709 754 762 782 ex
793 751 836 779 eo
855 733 942 792 quia
982 733 1121 774 habent
1152 739 1190 772 et
1206 728 1279 786 ipsi
1312 738 1440 770 votum
1474 726 1582 770 sleci-

120 805 243 848 sivum
270 804 375 848 iniis
403 816 531 846 tamen
558 798 693 842 Causc‘s
708 830 720 849 ,
755 797 797 840 in
821 793 958 852 quibus
983 790 1171 834 Relatoris
1198 789 1274 831 sive
1293 786 1471 830 Ponentis
1501 802 1584 828 mci-

120 880 197 906 nus
223 876 389 923 gerunt,
422 875 610 919 magnam
636 874 718 902 rem
749 855 1035 900 constituentes
1054 852 1096 891 in
1114 862 1328 891 numerosa
1350 846 1584 888 Causarum

124 924 367 967 resolutione
401 955 414 974 ,
452 935 497 963 ut
528 918 742 973 judicandi
777 948 791 967 ,
835 926 1019 969 recteque
1055 905 1361 967 pronunciandi
1400 904 1582 962 peritiam

124 983 347 1039 adquirant
364 1014 377 1033 ,
401 981 496 1024 etin
517 979 793 1022 Praelatorum
810 973 945 1031 magni
964 969 1140 1013 nominis
1158 981 1327 1010 numero
1346 965 1586 1007 adcensean·

124 1056 193 1086 tur
212 1072 225 1090 ‚
258 1042 509 1098 quandoque
537 1038 699 1080 Causas
720 1052 742 1079 a
771 1032 1010 1078 Curialibus
1034 1027 1296 1085 quaeritant3
1331 1038 1371 1066 et
1399 1022 1584 1064 solemni-s

126 1103 279 1144 abusus
297 1100 451 1157 irrepsit
466 1130 478 1147 ‚
513 1109 559 1139 ut
576 1097 627 1138 ita
650 1112 671 1138 a
690 1096 818 1139 tribus
836 1125 848 1144 ‚
876 1091 934 1135 vel
960 1100 1140 1146 quatu-or
1157 1083 1340 1127 Praelatis
1365 1080 1586 1139 propositio

123 1158 362 1199 Causarum
387 1157 571 1195 omnium
593 1154 701 1193 fieret
720 1180 729 1190 .
748 1153 855 1192 Hinc
883 1150 1010 1189 Effius
1036 1144 1203 1186 Salviati
1236 1142 1461 1183 Praefectus
1489 1154 1587 1182 cen-

122 1215 233 1265 suit,
264 1229 309 1256 ac
328 1229 403 1256 suo
420 1211 550 1254 edicto
578 1208 780 1257 sancivit,
809 1204 922 1262 quod
947 1215 1126 1259 quatuor
1156 1198 1440 1242 tantummodo
1476 1198 1589 1238 Cau-

123 1289 189 1319 sae
211 1273 385 1330 proponi
419 1271 572 1329 possint
594 1268 636 1308 ivn
655 1268 773 1325 plena
799 1266 1014 1322 Signatura
1031 1274 1100 1317 per
1117 1258 1338 1315 quemlibet
1353 1257 1588 1305 Ponentetn,

124 1333 295 1391 quando
311 1333 523 1390 Signatura
540 1328 655 1385 plena
677 1328 849 1369 habetur
869 1325 916 1365 de
937 1319 1194 1365 hebdomada
1213 1317 1254 1357 in
1273 1314 1587 1362 hebdomadam,

123 1408 195 1437 sex
215 1391 312 1438 vero
331 1421 343 1439 ‚
379 1389 555 1446 quando·
569 1387 612 1428 fit
641 1386 746 1427 infra
765 1381 1000 1440 quindecim
1019 1379 1102 1421 dies
1122 1407 1136 1426 ‚
1167 1391 1254 1418 non
1290 1372 1589 1430 comprehensis

124 1466 259 1496 tamen
279 1452 322 1493 in
342 1463 516 1505 utroque
542 1461 638 1488 casu
657 1441 1031 1487 Commissionibus
1049 1468 1061 1485 ‚
1092 1438 1172 1480 sive
1195 1434 1340 1476 Causis
1358 1433 1453 1480 illis,
1484 1446 1589 1486 quae

124 1513 330 1561 redeunt,
357 1522 394 1552 et
412 1522 516 1564 quae
537 1504 659 1547 unica
683 1516 843 1545 tantum
865 1513 974 1560 parte
1005 1498 1252 1539 informa-nte
1287 1491 1479 1534 resolutae
1508 1489 1593 1530 fue-

126 1585 222 1616 runt
240 1603 250 1613 .
287 1570 374 1627 Qui
394 1568 560 1625 quidem
591 1561 841 1612 Praefectus,
872 1573 918 1602 ut
947 1559 1098 1607 robur,
1133 1570 1178 1597 ac
1208 1552 1433 1596 firmitatem
1461 1549 1591 1591 decre-

125 1642 210 1675 tum
245 1631 412 1673 haberet
449 1660 462 1677 ,
492 1622 673 1678 injunxit
705 1654 718 1673 ,
754 1635 801 1665 ut
831 1619 998 1677 quilibet
1034 1618 1193 1659 ponens
1221 1613 1264 1654 ‘m
1301 1608 1592 1653 subscribenda

123 1691 399 1748 propositione
436 1686 597 1728 Causae
619 1694 805 1725 teneatur
827 1680 883 1722 ibi
906 1676 1126 1719 enunciare
1144 1706 1156 1725 ,
1190 1674 1277 1729 ‘quo
1296 1672 1412 1719 loco,
1441 1668 1597 1725 primo,

126 1764 267 1807 nempe
286 1781 298 1798 ,
333 1747 515 1790 secundo
534 1776 546 1794 ,
578 1741 693 1786 tertio
713 1773 725 1791 ,
760 1739 986 1796 velquarto
1010 1735 1116 1777 illam
1144 1741 1375 1790 proponet,
1410 1740 1448 1769 et
1476 1725 1593 1781 quod

125 1810 412 1851 Procuratores
437 1821 524 1844 non
552 1803 733 1842 audeant
759 1803 954 1841 Ponentes
985 1795 1069 1837 illos
1094 1793 1232 1840 adire,
1261 1788 1332 1846 qui
1370 1785 1456 1828 aliis
1484 1799 1590 1827 corn-

125 1866 389 1910 missionibus
416 1859 599 1914 impediti
630 1858 888 1912 reperiuntur
906 1885 919 1902 ,
954 1855 1032 1894 sub
1062 1866 1128 1907 spe
1146 1881 1160 1899 ,
1187 1862 1327 1903 nempe
1355 1876 1368 1894 ,
1407 1843 1594 1885 obtinen-

126 1926 201 1965 dae
220 1920 425 1965 'facultatis
445 1948 458 1966 ‚
494 1930 598 1972 quae
625 1913 771 1956 dicitur
786 1925 897 1954 extra
931 1923 1159 1955 numerum,
1191 1919 1244 1946 ex
1276 1919 1323 1945 eo
1353 1902 1454 1957 quia
1486 1901 1592 1944 dicta

128 1981 298 2024 facultas
319 1979 359 2018 in
380 1988 585 2033 posterum
610 1986 694 2012 non
717 1971 963 2013 concedetur
984 1983 995 2016 ;
1015 1980 1176 2009 necnon
1196 1964 1374 2009 Causae,
1395 1973 1506 2002 extra
1536 1961 1593 2001 di·

127 2054 238 2086 ctum
252 2036 476 2098 praefixum
504 2045 720 2074 nnmerum
732 2029 983 2071 Ponentibus
1001 2019 1166 2074 delatae,
1183 2022 1229 2063 in
1242 2020 1457 2077 Signatura
1470 2017 1589 2076 plena

129 2116 215 2145 non
229 2108 517 2158 proponantur
532 2123 546 2142 ,
562 2103 601 2133 et
629 2089 786 2131 illarum
805 2092 1087 2130 Procuratores
1101 2115 1114 2134 ,
1146 2081 1217 2139 qui
1233 2079 1465 2122 facultatem
1482 2090 1593 2134 prae-

131 2161 278 2204 dictam
299 2152 630 2213 impetraverint,
658 2149 770 2191 luent
787 2160 954 2204 poenam
971 2143 1199 2187 refectionis
1213 2151 1482 2197 expensarum
1496 2163 1512 2184 ,
1534 2136 1595 2178 al-

131 2221 202 2263 teri
231 2235 280 2263 ex
296 2212 608 2271 collitigantibus
627 2207 909 2266 applicandam
928 2236 937 2246 .

247 2280 298 2321 Et
328 2289 459 2334 quum
486 2267 766 2314 Referendarii
795 2282 868 2324 pto
894 2261 1090 2306 laudabili
1126 2257 1426 2304 consuetudine
1461 2257 1594 2314 piures

135 2347 270 2380 extent
299 2337 343 2377 in
374 2337 557 2377 Romana
591 2327 722 2370 Curia
741 2358 754 2376 ,
785 2324 1071 2380 unusquisque
1090 2334 1150 2364 sat
1170 2319 1378 2376 intelligit,
1413 2315 1520 2358 hisce
1539 2329 1596 2357 res

138 2396 293 2440 censitis
315 2392 497 2438 remediis
523 2403 611 2434 non
653 2386 876 2428 admodum
908 2382 1142 2426 consultum
1173 2379 1293 2422 fuisse
1326 2373 1591 2473 propositiqni

1501 2447 1527 2489 P
1544 2447 1597 2474 Ψ·

187 2585 241 2629 (ι)
264 2586 300 2619 In
323 2583 421 2629 praxi
445 2580 505 2616 lac,-
520 2581 574 2614 cia·
