2075 3167
469 169 526 200 20
765 149 842 192 DE
874 148 1008 198 JURE
1038 145 1378 191 SIGNATURAE
1406 138 1658 195 JUSTITIAE

468 212 564 256 dicti
596 208 710 252 Xlll.
745 224 829 252 non
869 209 969 251 adeo
1007 209 1109 250 clara
1137 222 1195 250 res
1231 221 1360 257 esset,
1394 221 1493 249 num
1525 206 1629 247 dicta
1661 202 1808 260 Regula
1839 204 1946 249 XIV.

466 270 825 329 comprehenderet
857 268 977 311 etiam
1013 267 1340 316 Referendarios,
1370 266 1473 308 itaut
1505 264 1672 307 omnino
1700 264 1740 306 vi
1772 261 1951 316 ejusdem

465 330 663 387 Regulae,
697 342 792 386 quae
819 327 1100 372 tantummodo
1130 329 1177 368 de
1206 326 1443 368 Patriarchis
1467 337 1505 366 et
1544 322 1626 364 aliis
1660 323 1870 372 Personis‚
1903 339 1950 366 ac

463 390 644 432 l'raelatis
689 390 929 443 loquebatur
951 416 964 434 ,
1001 388 1233 443 derogatum
1266 398 1363 426 esset
1391 381 1626 436 hujusmodi
1653 380 1859 438 privilegio
1894 382 1952 422 di·

466 448 666 505 sponendi
684 448 731 489 de
763 447 844 490 suis
867 445 1071 487 Beneficiis
1087 459 1156 501 per
1181 445 1288 486 viam
1316 441 1610 498 Resignationis
1626 471 1637 489 ,
1664 441 1723 483 vel
1755 452 1952 496 permuta-

465 507 589 549 tionis
622 521 758 550 coram
778 504 1000 547 Ordinatio
1017 534 1029 552 ,
1053 503 1114 545 vel
1133 503 1217 545 aliis
1242 503 1283 543 in
1303 501 1494 558 dignitate
1521 499 1744 549 costitutis;
1777 512 1951 540 attamen

466 566 659 621 quaedam
693 565 884 608 resolutio
902 574 1086 604 emanata
1117 562 1195 604 fuit
1220 574 1359 604 contra
1374 559 1705 605 Referendarios‚
1737 559 1807 614 qui
1840 573 1947 599 nun-

466 638 595 678 quam
620 627 696 666 hoc
731 624 793 665 usi
822 623 992 664 fuerunt
1022 620 1255 678 privilegi03
1286 633 1323 662 et
1342 620 1383 659 in
1418 616 1747 676 Congregatione
1766 648 1780 666 ,
1813 616 1949 659 habita

463 698 538 740 pro
558 682 817 725 conficiendis
837 680 1102 724 Cancellariae
1122 680 1262 736 regulis
1280 709 1292 727 ‚
1326 691 1603 734 opportunum
1620 677 1753 720 visum
1769 675 1846 717 fuit
1872 676 1954 717 Re-

460 744 569 799 gulae
601 742 772 791 addere,
799 757 846 783 ac
863 740 976 781 etlam
1010 739 1209 796 utriusque
1223 737 1447 795 Signacurce
1478 735 1762 790 Referenclarz‘z‘.s·
1782 763 1794 780 ,
1824 734 1876 774 ad
1893 734 1950 776 ef-

466 800 615 842 fectum
639 800 803 843 tollendi
832 800 873 840 in
896 797 1099 856 posterum
1127 810 1426 852 quamcumque
1448 795 1662 837 dubitandi
1683 794 1878 835 rationem
1891 807 1955 834 su-

465 872 535 914 per
564 858 658 899 dicti
684 858 878 914 privilegii
912 858 1195 903 revocatione3
1233 854 1404 907 ideoque
1426 854 1447 893 ὲ
1465 853 1627 908 Κίςαηῐὶ
1643 853 1715 905 (1)
1733 852 1958 899 habemus,

467 916 590 958 verba
621 915 708 962 illa,
740 929 837 966 quae
870 915 988 953 hodie
1008 914 1049 951 in
1079 914 1182 952 dicta
1203 912 1349 966 Regula
1369 911 1585 965 leguntur,
1614 908 1734 949 fuisse
1780 907 1956 950 additaa

469 972 691 1015 Benedicto
710 972 816 1014 Xlll.
840 971 883 1012 in
902 970 1171 1024 assumptione
1196 968 1248 1006 ad
1267 967 1410 1006 summi
1429 966 1691 1020 Apostolatus
1709 965 1861 1021 apicem
1875 995 1884 1004 .

587 1032 652 1072 De
674 1029 935 1086 Exemptione
956 1027 1050 1070 vero
1077 1042 1097 1067 a
1122 1024 1409 1078 Jurisdictione
1430 1022 1638 1064 Ordinarii
1657 1054 1669 1072 ,
1701 1038 1806 1078 quae
1843 1024 1957 1066 Refe-

475 1090 674 1133 rendariis
705 1088 861 1130 indulta
879 1083 1204 1142 suinfagnfanus
1230 1081 1523 1139 disputat(2),
1555 1097 1607 1123 an
1630 1097 1768 1140 nempe
1800 1083 1959 1125 sublata

474 1148 595 1190 fuerit
613 1148 749 1202 aliquo
775 1144 1004 1188 Tridentini
1037 1142 1214 1184 Concilii
1247 1141 1404 1182 decreto
1423 1173 1434 1191 ,
1467 1154 1504 1182 et
1524 1142 1618 1184 hinc
1646 1143 1737 1183 inde
1771 1141 1958 1184 adductis

469 1207 593 1263 variis
627 1205 843 1249 dubitandi
872 1203 1097 1245 rationibus
1128 1201 1358 1247 concludit,
1390 1215 1477 1241 earn
1512 1215 1596 1242 non
1620 1200 1739 1243 fuisse
1777 1214 1958 1242 retracta-

469 1279 585 1312 tam,
619 1280 748 1321 quum
784 1261 1063 1305 Referendarii
1096 1274 1179 1301 non
1212 1259 1460 1317 reperiantur
1499 1261 1669 1317 expressi
1707 1260 1746 1299 in
1779 1259 1958 1302 Decreto

471 1324 650 1367 Concilii
674 1353 685 1371 ,
715 1336 908 1366 contento
928 1322 969 1362 in
987 1321 1080 1374 Cap.
1106 1333 1146 1373 3.
1170 1331 1207 1360 et
1222 1330 1266 1372 4.
1300 1320 1403 1360 Sess.
1430 1332 1496 1374 14.
1515 1348 1527 1367 ,
1553 1319 1615 1362 vel
1646 1319 1686 1361 in
1721 1318 1856 1374 Capite
1888 1334 1905 1359 1
1922 1332 1960 1361 ι.

469 1398 558 1426 sess.
597 1395 695 1437 243
736 1398 865 1437 neque
896 1395 965 1438 per
1002 1379 1106 1420 illam
1141 1376 1384 1426 clausulam,
1421 1393 1514 1434 quae
1537 1378 1590 1421 ibi
1617 1378 1787 1434 legitur,
1814 1388 1849 1418 et
1875 1377 1960 1419 aliis

470 1438 715 1499 hujusmodi,
753 1442 940 1482 adfirmat
972 1438 1031 1478 ille
1065 1470 1077 1487 ,
1121 1438 1425 1495 comprehensos
1458 1438 1576 1479 fuisse
1626 1436 1961 1486 Referendarios3

470 1515 516 1541 ea
549 1501 655 1542 enim
675 1498 984 1556 comprehendit
1010 1509 1166 1540 tantum
1203 1498 1393 1538 habentes
1424 1497 1552 1539 officia
1582 1496 1771 1554 expressis
1787 1496 1927 1537 similia
1945 1523 1960 1543 ‚

469 1571 507 1600 et
525 1560 796 1600 Referendarii
815 1558 929 1612 juxta
950 1556 1177 1599 doctrinam
1191 1555 1396 1597 sarnensis
1411 1556 1484 1613 (3)
1504 1554 1672 1608 majores
1698 1555 1850 1597 caeteris
1885 1554 1963 1596 Of-

468 1617 691 1666 ficialibus,
720 1618 760 1658 in
790 1618 897 1659 dicto
923 1616 1069 1672 Capite
1097 1615 1310 1671 expressis,
1345 1629 1585 1672 reputantur
1604 1647 1615 1664 ,
1647 1630 1695 1656 ex
1726 1630 1773 1656 eo
1800 1628 1962 1672 praeser-

466 1675 560 1724 tim,
586 1677 699 1731 quod
717 1676 757 1716 in
778 1677 920 1732 regulis
951 1673 1318 1730 expectativarum‚
1355 1675 1773 1728 etpraerogativarum
1790 1702 1801 1719 ,
1833 1672 1962 1714 omni·

467 1748 540 1773 um
568 1735 682 1790 primi
713 1733 985 1775 Referendarii
1013 1732 1316 1778 describantur,
1349 1729 1497 1771 deinde
1521 1730 1962 1784 Protonotariipartich

469 1806 612 1848 pantes
640 1823 653 1841 ,
694 1804 732 1833 et
768 1791 831 1831 alii
861 1793 1056 1830 Romanae
1092 1789 1239 1828 Curiae
1274 1787 1494 1826 Officiales.
1534 1787 1789 1833 Zerolavrvero
1821 1800 1963 1830 auctor

469 1850 611 1892 Praxis
637 1850 912 1907 Episcoporum
931 1847 1003 1903 (4)
1022 1845 1234 1888 ostendere
1252 1855 1449 1891 conatur,
1479 1844 1563 1885 illos
1583 1857 1741 1885 tantum
1761 1859 1964 1903 exemptos

466 1922 574 1958 esse,
601 1908 787 1965 quisunt
815 1909 863 1949 de
891 1920 1061 1948 nurnero
1081 1936 1094 1954 ,
1127 1903 1224 1947 alios
1241 1901 1337 1946 verb
1370 1917 1483 1951 non,
1515 1902 1613 1958 quia
1645 1903 1763 1942 hodie
1781 1918 1877 1947 sunt
1903 1905 1963 1947 in·

410 1982 414 1984 ’
470 1968 759 2009 numerabiles.
774 1965 1067 2022 EtStaphz'laeus
1085 1962 1155 2017 (5)
1175 1962 1251 2011 ait,
1267 1976 1333 2002 eos
1351 1975 1480 2015 neque
1501 1963 1874 2012 excommunicari,
1896 1958 1964 2006 ne-

468 2040 546 2082 que
574 2026 760 2068 interdici
802 2038 913 2081 posse
945 2024 996 2064 ab
1030 2021 1231 2077 Episcopo
1262 2052 1275 2069 ,
1306 2034 1437 2074 quum
1478 2021 1557 2062 sint
1586 2019 1789 2063 Officiales
1822 2024 1963 2079 Papae,

472 2096 645 2125 attamen
680 2082 846 2139 intelligi
878 2081 1019 2123 debere
1038 2080 1085 2121 de
1106 2078 1178 2120 illis
1196 2077 1491 2136 principalibus
1519 2078 1813 2122 Referendariis
1840 2081 1965 2134 Justi-

472 2142 539 2184 tiae
556 2174 568 2193 ,
601 2156 638 2184 et
659 2141 842 2189 Gratiae,
875 2154 977 2196 quos
993 2154 1065 2182 sua
1083 2146 1202 2184 aetate
1219 2137 1406 2180 undecim
1436 2137 1556 2180 fuisse
1588 2139 1748 2182 asserit.
1787 2139 1964 2198 Aloysius

524 2301 579 2339 (1)
605 2303 776 2332 Comment.
795 2301 837 2332 ad
848 2300 969 2341 regulas
983 2299 1183 2332 cancellaria·
1280 2300 1333 2340 (3)
1358 2301 1394 2329 In
1414 2298 1599 2340 Compendio
1628 2301 1668 2332 V.
1683 2301 1712 2330 5.
1729 2308 1760 2328 n.
1783 2307 1837 2339 32.

471 2349 547 2375 tom.
567 2353 684 2385 apag.
706 2345 780 2375 182.
800 2353 831 2375 n.
861 2355 891 2384 9.
1283 2344 1340 2382 (4³
1365 2345 1449 2375 Part.
1472 2352 1501 2373 1.
1523 2344 1616 2375 verbo
1642 2343 1862 2384 Referendarii
1880 2363 1888 2372 .

516 2388 574 2429 (2)
597 2392 643 2420 De
652 2388 834 2430 Ps‘c'vilegiis
882 2391 953 2430 Cap.
971 2399 1008 2420 ex
1019 2396 1113 2431 paerte
1135 2387 1186 2417 18.
1279 2388 1331 2429 (5)
1356 2390 1490 2429 Praerog.
1509 2389 1712 2432 Expectativ.
1729 2385 1956 2429 nas-solam.
