2075 3167
484 285 539 326 28
776 276 850 321 DE
872 279 1010 328 JURE
1033 275 1371 337 SlGNATUssAE
1395 275 1658 327 JUSTITIAE

485 342 725 397 Signaturae
755 340 1006 383 Votantibus
1023 339 1183 381 Clerico
1200 340 1333 382 Iacobo
1351 340 1539 381 Mariorto
1567 337 1836 396 resignavisset
1863 351 1962 393 pen-

485 400 638 442 sionem
660 413 844 440 annuam
864 415 1069 442 scutorum
1091 400 1185 448 ὕει,
1204 413 1326 454 quam
1344 399 1524 454 exigebat
1543 399 1592 438 ab
1622 400 1667 438 l't.
1686 399 1724 437 P.
1744 396 1799 436 D.
1822 398 1962 438 Amato

483 458 652 508 titulari,
669 472 705 500 et
723 460 998 500 translatarius
1018 459 1207 501 terminos
1227 458 1415 500 decursos
1433 457 1734 514 expostulasset,
1753 470 1788 496 et
1809 456 1866 496 ille
1886 456 1965 496 sol-

488 531 579 560 vere
600 518 791 560 renuisset
813 520 888 558 sul)
917 529 1120 574 praetextu
1142 517 1316 559 desectus
1345 515 1542 558 facultatis
1561 515 1824 560 transferendi
1844 546 1856 563 ‚
1902 514 1967 554 in-

484 588 680 618 structum
699 578 779 618 fuit
806 577 1012 630 Judicium
1042 590 1174 616 coram
1198 576 1398 617 Praefecto
1426 574 1533 617 Sacri
1555 573 1691 615 Palatii
1713 572 1934 630 Apostolici
1952 603 1966 621 ,

482 635 553 690 qui
583 635 718 678 favore
751 634 1013 677 Translatarii
1044 634 1360 690 pronunciavit,
1389 649 1432 676 ac
1465 633 1652 675 mandata
1686 647 1759 689 pro
1787 631 1963 673 decursis

482 694 666 735 terminis
686 695 898 745 relaxavit3
924 709 944 735 a
964 708 1047 749 quo
1065 691 1245 749 judicato
1262 694 1499 735 reclamante
1520 693 1626 734 dicto
1650 693 1696 731 R.
1727 690 1831 732 PD.
1847 690 1968 732 Ama-

480 759 547 799 το,
579 767 624 794 ac
654 755 779 795 Rotae
803 753 1063 811 appellatione
1081 751 1286 796 commissa
1312 781 1324 799 ‚
1352 752 1526 793 dubium
1559 751 1853 794 concordatum
1871 749 1965 797 fuit,

481 824 535 851 (ιη
564 810 665 853 dicta
698 813 882 854 mandata
913 825 1034 854 essent
1065 812 1314 868 exequendc13
1343 826 1470 866 eoque
1505 811 1703 858 discusso,
1728 809 1962 852 affirmative

485 870 712 913 resolutum
746 871 847 914 fuit.
879 870 1162 927 Exeipiebatur
1189 871 1296 911 enim
1315 871 1361 910 de
1399 867 1536 911 defecti
1579 869 1777 910 facultatis
1796 868 1969 910 transfe-

483 929 604 975 rendi
626 930 666 971 in
688 945 855 987 persona
882 929 1086 977 Sardinii,
1112 943 1160 971 ex
1182 943 1228 969 eo
1259 929 1353 984 quia
1380 943 1447 985 per
1474 942 1542 969 sen
1619 928 1713 968 tiam
1748 929 1800 967 A.
1840 926 1894 967 C.
1926 927 1968 968 in

484 985 785 1030 criminalibus
804 992 855 1031 ad
881 988 1121 1030 decennium
1135 987 1267 1027 suerat
1285 988 1476 1042 relegatus
1494 986 1535 1026 in
1554 1000 1640 1026 arce
1667 985 1803 1024 Castri
1820 984 1863 1023 S.
1887 985 1972 1026 An-

481 1045 557 1100 geli
576 1044 700 1087 Urbis
716 1078 728 1094 ,
756 1061 798 1093 ac
820 1048 984 1100 insuper
1000 1046 1114 1086 vivae
1137 1043 1246 1084 vocis
1264 1044 1428 1083 oraculo
1458 1043 1681 1084 Clementis
1697 1042 1786 1082 ΧΠ.
1806 1041 1971 1084 deman-

485 1103 696 1152 darumme
714 1104 757 1145 in
775 1116 977 1160 posterum
996 1099 1169 1143 sardinii
1187 1114 1333 1141 nomen
1351 1101 1392 1138 in
1408 1100 1515 1139 Albo
1535 1101 1803 1141 Praelatorum
1823 1101 1972 1143 descri-

445 1192 448 1195 -
485 1162 673 1212 beretur;
710 1163 880 1217 ideoque
902 1159 1244 1216 quemadmodum
1264 1172 1331 1214 per
1351 1158 1446 1199 haec
1480 1157 1668 1199 remansit
1703 1158 1761 1198 ille
1781 1159 1970 1215 spoliatus

485 1221 708 1263 Praelatitia
732 1221 922 1277 dignitate
941 1251 952 1269 ‚
982 1219 1034 1260 ita
1056 1233 1124 1276 per
1145 1231 1396 1270 consequens
1417 1216 1496 1258 frui
1514 1217 1683 1273 amplius
1698 1232 1781 1258 non
1815 1230 1971 1273 poterat

485 1279 564 1320 hoc
603 1279 868 1321 transferendi
901 1278 1130 1335 privilegio,
1158 1277 1407 1318 Votantibus
1443 1290 1653 1325 conceSSO‚
1692 1276 1808 1333 cujus
1837 1277 1972 1333 vigore

485 1338 721 1394 pensionem
757 1337 1012 1380 transtulerat
1041 1352 1053 1385 ε,
1089 1350 1181 1376 nam
1214 1334 1365 1376 intuitu
1393 1349 1519 1376 certae
1554 1364 1566 1382 ‚
1601 1351 1645 1377 ac
1689 1335 1973 1391 determinatae

487 1398 690 1452 qualitatis
711 1427 723 1445 ‚
758 1412 827 1439 seu
847 1395 1053 1452 dignitatis
1071 1393 1229 1450 elargita
1250 1393 1450 1450 privilegia
1469 1394 1648 1451 extingui
1667 1402 1850 1451 prorsus,
1881 1410 1976 1437 con-

489 1458 681 1499 tendebat
710 1456 901 1505 titularis,
931 1453 1064 1496 statim
1087 1469 1130 1496 ac
1152 1453 1324 1509 dignitas
1349 1453 1409 1493 illa
1439 1467 1584 1503 cessat,
1619 1454 1720 1495 ereo
1738 1454 1798 1497 vel
1830 1455 1976 1512 magis,

486 1516 584 1569 quia
621 1514 757 1558 dictus
771 1514 976 1556 Sardinius
992 1515 1045 1556 ob
1067 1513 1152 1567 ejus
1173 1512 1337 1554 crimina
1357 1543 1368 1561 ,
1397 1526 1591 1568 tanquam
1608 1526 1760 1570 patrata
1781 1513 1821 1555 in
1842 1512 1976 1570 ipsum

486 1574 711 1631 Principem
729 1607 740 1625 ,
776 1587 814 1616 et
833 1586 973 1617 contra
996 1570 1196 1614 fidelitatis
1215 1571 1522 1624 juramentum,
1542 1572 1580 1613 in
1604 1572 1862 1614 decennalem
1882 1574 1976 1615 rele—

484 1632 687 1689 gationem
706 1636 917 1677 damnatus
934 1633 1089 1681 fuerat,
1109 1644 1231 1685 atque
1249 1630 1433 1687 privatus
1450 1631 1590 1674 officiis
1608 1631 1812 1674 Advocati
1832 1631 1978 1675 Consi-

486 1692 679 1743 storialis‚
711 1709 748 1737 et
772 1692 996 1735 Clericatus
1013 1690 1209 1732 camerae
1224 1722 1235 1738 ‚
1263 1701 1301 1730 et
1317 1703 1523 1747 propterea
1541 1691 1749 1732 infamiam
1765 1691 1871 1738 juris
1886 1706 1981 1733 con-

486 1762 662 1794 traxerat
680 1784 692 1802 ,
711 1768 782 1794 nee
801 1753 974 1809 gaudere
992 1761 1148 1807 poterat
1166 1746 1304 1791 offensi
1325 1749 1516 1807 Principis
1545 1749 1747 1793 beneficiis
1770 1779 1782 1798 ‚
1800 1748 1977 1805 quorum

493 1822 531 1849 se
554 1808 773 1868 indignum
793 1810 976 1853 effecerat
994 1841 1005 1852 .
1269 1824 1288 1832 ‘

609 1870 666 1912 At
699 1871 799 1925 quia
816 1870 836 1910 ἐ
858 1870 962 1912 dicta
986 1869 1189 1910 Sententia
1225 1868 1557 1910 condemnatoria
1587 1883 1670 1910 non
1691 1868 1897 1922 liquebat,
1931 1869 1980 1909 il-

486 1925 573 1969 lum
608 1930 825 1986 spoliatum
860 1927 978 1969 fuisse
1022 1928 1242 1967 Praelatitia
1274 1926 1497 1981 dignitate,
1536 1926 1603 1965 sed
1641 1937 1800 1965 tantuin
1835 1925 1982 1968 Officio

440 2006 443 2010 ·
488 1987 690 2031 Advocati
710 1987 1011 2029 Consistorialis
1030 2017 1042 2035 ,
1073 1998 1110 2026 et
1129 1983 1352 2026 Clericatus
1373 1983 1570 2024 Camerae
1588 2014 1601 2032 ‚
1633 1995 1673 2023 et
1690 1983 1731 2023 in
1748 1984 1980 2040 poenalibus

488 2060 574 2087 non
599 2058 654 2089 est
693 2045 878 2088 facienda
896 2045 1102 2093 extensio,
1131 2058 1202 2084 nec
1231 2041 1553 2099 multiplicandae
1585 2055 1683 2083 sunt
1715 2057 1852 2098 poenae
1872 2075 1883 2093 ,
1916 2044 1982 2085 ul-

486 2116 545 2146 tra
576 2120 640 2147 eas
657 2137 669 2155 ,
702 2099 803 2162 quas
824 2106 998 2161 imperat
1024 2103 1208 2156 Princeps
1227 2130 1239 2148 ,
1273 2101 1395 2142 immo
1428 2115 1499 2142 nec
1520 2101 1767 2143 Praelaturae
1786 2102 1980 2160 privatio-

486 2177 577 2204 nem
599 2165 794 2207 deducere
822 2159 1178 2221 poteratTitularis
1196 2174 1242 2201 ex
1265 2159 1328 2200 illo
1346 2159 1460 2202 vivae
1484 2159 1593 2202 vocis
1611 2160 1791 2210 oraculo,
1807 2174 1893 2217 quo
1913 2162 1983 2203 de·-

487 2222 730 2264 mandatum
754 2222 833 2264 fuit
851 2251 863 2270 ,
881 2231 923 2263 ut
953 2220 991 2262 in
1018 2218 1196 2274 futurum
1221 2217 1320 2259 illius
1345 2233 1480 2259 nomen
1512 2234 1585 2260 non
1608 2221 1809 2262 adnotetur
1840 2221 1879 2260 in
1896 2221 1980 2263 albo

488 2281 737 2322 Praelatorum
757 2313 768 2330 ³
810 2296 939 2337 quum
971 2294 1055 2320 non
1089 2277 1202 2319 aliud
1231 2278 1497 2318 demonstrare
1524 2278 1670 2321 valeret
1689 2294 1850 2334 ,quam
1885 2290 1981 2321 tem-

489 2339 666 2394 poralem
685 2340 938 2382 praelaturae
970 2337 1301 2395 suspensionem,
1329 2349 1677 2392 ettemporaneam
1697 2338 1855 2380 interim
1890 2353 1981 2395 pro.

487 2398 729 2441 bibitionem
760 2397 1044 2455 descriptionis
1072 2427 1084 2445 ,
1118 2396 1330 2452 praecisam
1365 2396 1458 2437 vero
1492 2396 1759 2451 privationem
1790 2397 1981 2439 inducere

488 2456 707 2509 nequiret.
745 2459 870 2498 Hanc
905 2457 1014 2497 enim
1046 2455 1200 2496 Summi
1231 2453 1436 2496 Pontificis
1468 2453 1731 2496 intentionem
1757 2455 1982 2511 suspicatur

482 2514 581 2556 Rota
606 2529 651 2558 ex
681 2530 726 2556 eo
743 2515 1001 2574 potissimum
1022 2546 1034 2564 ,
1051 2513 1146 2570 quia
1167 2513 1340 2557 durante
1368 2512 1605 2569 relegatione
1626 2545 1638 2564 2
1658 2527 1696 2556 et
1725 2514 1793 2558 vix
1823 2512 1982 2569 expleto

1591 2583 1600 2591 ’
1865 2585 1988 2616 trien-
