1993 3195
677 274 707 306 A
747 274 773 307 1³
811 274 838 307 Ρ
877 273 900 306 Ε
939 274 973 307 N
1012 275 1047 307 D
1086 275 1101 309 I
1142 274 1174 309 Χ
1621 290 1659 323 13

188 331 297 357 mores
316 318 493 362 praefatos,
523 328 558 352 ac
575 317 715 353 dilectos
741 320 827 354 filios
858 320 1082 356 Ecclesiarum
1114 323 1349 364 praedictarum
1370 323 1529 367 Capitula
1557 350 1566 364 ‚
1600 340 1657 362 scu

185 378 415 418 quoscumque
442 365 525 400 alios
552 379 768 415 quacumque
797 370 997 403 auctoritate
1039 370 1214 414 fungentes
1243 381 1361 405 contra
1387 372 1578 415 praemissa,
1609 377 1660 409 vel

185 428 301 452 eorum
317 412 452 458 aliquod
469 439 478 454 ,
514 425 569 451 aut
586 417 798 460 praesentium
819 428 974 452 tenorem
990 442 1001 457 ,
1030 417 1290 462 quomodolibet
1307 418 1474 453 molestari
1493 444 1502 458 ,
1537 420 1661 464 iii-{nze-

185 467 271 506 επὶ,
307 464 498 508 perturbari
517 489 527 504 ‚
557 477 613 503 aut
631 470 669 502 ad
688 466 900 502 residendum
930 466 962 501 in
978 465 1100 500 eisdem
1132 465 1289 501 Ecclesiis
1321 491 1331 506 ,
1361 467 1432 501 sive
1460 466 1542 501 locis
1572 481 1663 504 com-

184 516 267 560 pelli
286 540 295 549 .
315 513 592 550 contradictores
611 541 621 557 ,
639 516 870 552 molestatores
891 514 1058 561 quoslibet
1076 539 1087 555 ,
1117 524 1151 550 et
1167 513 1306 550 rebelles
1335 527 1395 561 per
1421 527 1574 551 censuras
1598 528 1662 554 etc.

184 577 251 601 non
284 565 496 602 obstantibus
525 573 592 600 etc.

234 616 344 664 XXV.
373 615 541 651 Volumus
571 625 685 652 autem
713 616 803 662 quod
822 616 1089 660 incompatibilia
1118 616 1307 655 secularia,
1327 625 1359 650 et
1385 617 1447 651 sub
1464 616 1588 651 eisdem
1620 625 1666 651 te-

185 666 252 702 ctis
270 664 485 701 consistentia
502 690 513 705 ,
543 677 579 700 ac
594 677 705 701 sacros
731 665 865 700 ordines
887 666 1113 710 requirentia,
1143 674 1177 699 et
1194 664 1257 699 alia
1276 664 1446 699 saecularia
1471 689 1481 704 ,
1521 677 1579 699 nec
1601 677 1664 699 non

185 715 372 759 Regularia
391 714 558 751 Beneficia
583 714 798 755 hujusmodi,
825 715 946 750 debitis
973 724 1152 760 propterea
1178 726 1241 747 non
1256 713 1453 748 fraudentur
1467 715 1638 759 obsequiis
1655 738 1666 752 ‚

184 771 219 797 et
232 763 417 798 animarum
452 776 530 800 cura
562 764 593 798 in
610 765 683 804 eis,
715 762 839 809 quibus
867 764 1132 798 illaimminebit
1157 785 1167 800 ,
1208 761 1394 796 nullatenus
1438 764 1627 808 negligatur
1652 785 1663 800 ‚

183 812 244 847 sed
260 811 291 845 in
307 813 356 847 eis
372 837 382 852 ,
407 825 552 858 quorum
568 814 698 850 fructus
727 813 920 851 hujusmodi
951 813 1039 857 ipsos
1067 811 1324 845 Referendarios
1350 835 1359 849 ‚
1401 820 1434 844 et
1460 811 1539 845 alios
1573 812 1667 845 infra-

184 860 351 904 scriptos,
387 861 418 895 in
435 864 581 898 absentia
611 863 782 908 percipere
812 861 1024 907 contigeret,
1057 871 1116 905 pet·
1139 861 1271 899 bonos,
1300 870 1333 894 et
1349 859 1549 894 sufficientes
1567 860 1668 893 Vica-

185 909 277 946 rios,
306 910 428 955 quibus
455 914 495 947 de
515 913 661 955 ipsorum
687 911 935 945 Beneficiorum
963 908 1185 954 proventibus
1218 909 1404 942 necessaria.
1435 919 1582 953 congrue
1608 909 1667 943 mi-

184 956 368 993 nistrentur
395 983 405 997 ,
437 969 470 994 et
498 961 678 1004 diligenter
706 967 904 993 exerceatur
929 982 939 998 ,
979 967 1013 992 et
1041 955 1243 991 inserviatur
1274 956 1355 990 inibi
1386 955 1603 991 laudabiliter
1633 957 1669 990 in

185 1005 309 1041 divinis
327 1031 337 1041 .
367 1010 416 1044 Ac
433 1008 634 1044 sub'eisdem
668 1006 768 1043 tectis
793 1006 1050 1042 consistentium
1078 1014 1236 1039 consueta
1255 1029 1266 1044 ,
1299 1014 1331 1039 et
1347 1004 1512 1049 regularia
1543 1005 1669 1039 benefi-

186 1054 316 1090 ciorum
333 1058 569 1100 praedictorum
609 1056 773 1092 antedicta
793 1068 896 1091 onera
925 1067 1075 1100 congrue
1105 1062 1374 1098 supportentur.
1409 1055 1459 1088 Ac
1477 1054 1569 1098 quod
1602 1052 1669 1096 ipsi-

187 1103 418 1139 Referendarii
439 1130 450 1145 ,
477 1116 509 1140 et
530 1106 585 1141 alii
603 1105 830 1148 infrascripti,
861 1105 945 1139 infra
962 1105 1091 1138 dictum
1121 1114 1242 1136 annum
1272 1104 1340 1135 duo
1367 1113 1407 1135 ex
1435 1106 1542 1135 tribus
1578 1102 1671 1135 Prae-⁷

185 1151 331 1191 bendis‚
359 1162 417 1187 aut
446 1153 587 1187 totidem
630 1152 877 1197 dignitatibuS,
907 1152 1138 1196 personatibus
1158 1173 1168 1188 ,
1196 1148 1541 1183 administrationibus
1574 1174 1584 1188 ‚
1613 1148 1669 1183 vel

185 1199 306 1234 officiis
334 1203 395 1235 sub
413 1202 536 1237 eisdem
563 1201 661 1237 tectis
690 1200 973 1240 consistentibus,
1014 1209 1088 1243 quae
1109 1195 1315 1236 maluerint,
1345 1208 1406 1240 pro
1444 1197 1515 1231 aliis
1545 1198 1669 1232 benefi-

148 1271 149 1276 =
186 1247 250 1282 ciis
275 1249 507 1285 cum-retentis
539 1249 806 1285 canonicatibus
835 1259 1029 1293 permutare
1047 1271 1057 1288 ‚
1085 1246 1235 1290 alioquin
1265 1245 1322 1281 illa
1337 1247 1428 1284 du0‚
1457 1257 1530 1290 quae
1557 1245 1668 1290 primo

186 1297 331 1331 assecuti
360 1298 508 1338 fuerint,
541 1309 707 1339 extunc,
736 1297 831 1332 dicto
858 1307 944 1332 anno
965 1297 1108 1342 elapso,
1137 1306 1256 1330 vacare
1290 1294 1526 1335 decernimus,
1557 1294 1671 1329 dim-it-

187 1351 259 1379 tere
281 1346 419 1380 omnino
444 1355 642 1383 teneantur.

235 1392 362 1426 XXVI.
392 1394 433 1427 Et
450 1398 488 1431 ne
503 1419 513 1433 ,
541 1397 631 1438 quod
648 1394 758 1433 absit,
788 1394 1018 1428 Referendarii
1035 1393 1098 1436 ipsi
1126 1402 1268 1437 propter
1293 1392 1487 1430 hujusmodi
1504 1391 1642 1436 gratiam
1659 1415 1670 1430 ,

186 1439 243 1476 vel
260 1441 509 1477 concessionem
543 1442 688 1487 eligendi
710 1442 952 1475 Confessorem
977 1465 988 1480 ,
1021 1442 1204 1474 reddantur
1231 1439 1453 1483 procliviores
1483 1442 1522 1473 ad
1551 1437 1670 1473 illicita

189 1488 224 1523 in
237 1497 407 1534 posterum
432 1491 696 1529 committenda,
726 1489 826 1524 etiam
854 1488 1012 1523 volumus
1029 1513 1040 1527 ‚
1067 1489 1158 1533 quod
1174 1488 1198 1522 si
1218 1487 1442 1523 asinceritate
1460 1488 1562 1527 fidei,
1594 1488 1673 1522 uni-

187 1546 256 1573 tate
282 1538 380 1573 dictae
395 1539 555 1575 Romanae
584 1538 764 1578 Ecclesiae,
793 1550 831 1573 ac
848 1536 1040 1572 obedientia
1056 1561 1066 1576 ,
1089 1547 1128 1571 -et
1142 1537 1325 1571 devotione
1353 1545 1464 1570 nostra
1481 1560 1491 1575 ,
1522 1537 1576 1569 vel
1594 1548 1672 1570 suc·-

186 1598 360 1623 cessorum
399 1600 579 1624 nosrorum
617 1587 776 1624 canonice
807 1586 1001 1621 intrantium
1029 1610 1039 1625 ,
1069 1585 1281 1624 destiterint,
1311 1593 1368 1619 aut
1397 1596 1437 1619 ex
1468 1584 1672 1618 confidentia

186 1637 336 1676 ejusdem
352 1639 577 1673 concessionis
595 1663 605 1678 ,
632 1636 686 1673 vel
701 1635 906 1670 remissionis
921 1635 1057 1680 ,aliqua
1073 1636 1181 1670 forsan
1200 1633 1453 1670 commiserint,
1474 1631 1644 1666 concessio
1660 1656 1672 1672 ,

188 1694 221 1719 et
237 1687 388 1721 remissio
419 1688 585 1732 praedictae
605 1712 617 1728 ,
651 1694 686 1722 et
700 1685 809 1733 quoad
827 1683 897 1720 illas
928 1684 1130 1725 dumtaxat,
1158 1691 1333 1728 praesentes
1374 1681 1478 1716 literae
1507 1679 1551 1715 eis
1566 1680 1672 1715 nulla-

186 1741 283 1768 tenus
303 1735 546 1779 suffragentur.
749 1751 754 1756 ·

236 1782 381 1817 xxvil.
410 1782 585 1830 Qodque
606 1784 744 1827 indulto,
763 1784 952 1818 celebrandi
973 1806 983 1821 ‚
1014 1795 1071 1816 seu
1102 1780 1266 1816 celebrari
1297 1778 1443 1814 faciendi
1473 1787 1548 1812 ante
1577 1778 1667 1812 diem

187 1841 285 1875 parce
307 1839 470 1873 utantur,
501 1833 583 1877 quia
611 1844 686 1867 cum
705 1831 737 1865 in
754 1832 878 1866 Altaris
904 1830 1090 1866 ministerio
1121 1828 1318 1863 immoletur
1355 1827 1525 1861 Dominus
1553 1835 1671 1861 noster

185 1879 283 1920 Jesus
300 1879 456 1915 Christus
488 1881 555 1915 Dei
574 1880 684 1919 filius,
711 1880 769 1924 qui
788 1881 912 1914 candor
925 1888 974 1914 est
990 1877 1073 1912 lucis
1096 1887 1226 1913 aeternae
1248 1900 1258 1915 ‚
1304 1875 1459 1921 congruit
1502 1878 1567 1910 hoc
1605 1887 1672 1909 non

186 1928 295 1962 noctis
311 1930 454 1964 tenebris
483 1929 579 1969 fieri,
609 1931 665 1964 sed
685 1929 717 1962 in
731 1928 805 1963 luce
832 1952 841 1962 .

236 1976 398 2012 XXV111.
427 1979 477 2013 Ac
503 1978 594 2025 quod
636 1977 716 2012 dum
747 1978 885 2012 eosdem
924 1977 1186 2011 Referendarios
1222 1973 1358 2008 Divinis
1388 1971 1524 2008 Officiis
1552 1971 1583 2005 in
1615 1969 1673 2005 :ili³

187 2024 311 2070 quibus
332 2026 487 2061 Ecclesiis
515 2025 698 2071 contigerit
726 2026 887 2060 interesse
931 2025 1027 2060 illum
1059 2035 1186 2059 morem
1218 2048 1229 2064 ‚
1257 2021 1316 2067 qui
1348 2021 1381 2055 in
1398 2021 1523 2055 eisdem
1555 2020 1673 2055 Eccle-

187 2072 244 2108 siis
275 2075 511 2110 observabitur
541 2076 629 2110 circa
654 2074 847 2116 hujusmodi
876 2076 975 2108 horas
1006 2074 1196 2108 Canonicas
1224 2071 1386 2107 dicendas
1428 2070 1586 2104 studeant
1615 2069 1674 2102 ob-

188 2132 343 2161 servare.

236 2173 360 2210 XXIX.
387 2177 462 2211 Nec
489 2186 555 2208 non
571 2182 609 2208 ut
635 2174 666 2209 in
694 2173 891 2208 eorumdem
912 2170 1223 2206 Ecclesiasticorum
1243 2169 1472 2213 dispositione
1504 2169 1676 2203 bonorum

190 2223 284 2262 juxta
312 2224 528 2268 quantitatem
561 2221 686 2256 residui
713 2233 792 2267 erga
817 2219 1003 2259 Ecclesias,
1034 2232 1049 2253 a
1067 2219 1190 2265 quibus
1216 2219 1331 2253 eadem
1362 2217 1572 2263 perceperint
1597 2240 1608 2255 ,
1638 2224 1673 2248 se

192 2269 342 2307 liberales
367 2272 567 2309 exhibeant,
604 2278 704 2312 prout
730 2269 935 2307 conscientia
964 2268 1010 2301 eis
1039 2268 1243 2307 dictaverit,
1276 2277 1310 2302 et
1330 2266 1509 2302 animarum
1542 2273 1673 2299 suarum

193 2318 294 2355 saluti
328 2321 473 2356 viderint
489 2318 674 2363 expedire.
703 2316 878 2361 Quodque
918 2315 944 2349 si
961 2315 1171 2362 singulorum
1206 2316 1454 2350 Beneficiorum
1502 2310 1675 2357 praedicto-

194 2379 270 2403 rum
298 2367 496 2412 simpliciter
523 2366 796 2412 resignandorum
815 2388 826 2404 ,
856 2375 915 2398 seu
934 2375 1081 2408 quorum
1108 2363 1331 2398 Commendis
1358 2362 1442 2397 dicti
1471 2359 1675 2395 Referenda·

187 2416 260 2456 Vrii,
290 2424 324 2451 et
346 2417 400 2452 alii
428 2415 625 2461 infrascripti
658 2415 840 2452 cesserint,
886 2422 942 2447 aut
960 2411 1172 2447 dissolutioni
1213 2410 1375 2445 unionum
1405 2408 1635 2446 consenserint
1661 2432 1672 2449 ,

196 2466 327 2502 fructus
343 2490 354 2506 ‚
382 2466 531 2501 redditus
547 2488 558 2504 ,
584 2473 617 2499 et
634 2471 817 2511 proventus
853 2460 975 2506 viginti
1005 2470 1146 2504 quatuor
1162 2461 1369 2495 florenorum
1398 2458 1471 2495 auri
1496 2460 1538 2492 de
1551 2457 1674 2492 Came-

195 2526 232 2550 ra
245 2517 429 2552 secundum
460 2525 673 2549 communem
702 2510 987 2550 xstimationem‚
1015 2510 1166 2545 valorem
1203 2519 1347 2545 annuum
1373 2508 1582 2591 excedant.f
1597 2516 1674 2541 con-

1580 2566 1673 2590 ercn-
