<?xml version="1.0" encoding="UTF-8"?>
<!DOCTYPE html PUBLIC "-//W3C//DTD XHTML 1.0 Transitional//EN"
    "http://www.w3.org/TR/xhtml1/DTD/xhtml1-transitional.dtd">
<html xmlns="http://www.w3.org/1999/xhtml" xml:lang="en" lang="en">
 <head>
  <title>
</title>
<meta http-equiv="Content-Type" content="text/html;charset=utf-8" />
  <meta name='ocr-system' content='tesseract 3.04.00' />
  <meta name='ocr-capabilities' content='ocr_page ocr_carea ocr_par ocr_line ocrx_word'/>
</head>
<body>
  <div class='ocr_page' id='page_1' title='image "./dejuresignaturae00vita_0100.png"; bbox 0 0 2075 3167; ppageno 0'>
   <div class='ocr_carea' id='block_1_1' title="bbox 411 307 1616 368">
    <p class='ocr_par' dir='ltr' id='par_1_1' title="bbox 411 307 1616 368">
     <span class='ocr_line' id='line_1_1' title="bbox 411 307 1616 368; baseline -0.014 -2"><span class='ocrx_word' id='word_1_1' title='bbox 411 320 474 368; x_wconf 78' lang='lat'>86</span> <span class='ocrx_word' id='word_1_2' title='bbox 715 314 792 356; x_wconf 86' lang='lat' dir='ltr'>DE</span> <span class='ocrx_word' id='word_1_3' title='bbox 820 310 953 362; x_wconf 71' lang='lat' dir='ltr'>JURE</span> <span class='ocrx_word' id='word_1_4' title='bbox 983 307 1331 352; x_wconf 73' lang='lat' dir='ltr'>SIGNATURAE</span> <span class='ocrx_word' id='word_1_5' title='bbox 1358 307 1616 358; x_wconf 84' lang='lat' dir='ltr'>JUSTITIAE</span> 
     </span>
    </p>
   </div>
   <div class='ocr_carea' id='block_1_2' title="bbox 379 366 1921 2413">
    <p class='ocr_par' dir='ltr' id='par_1_2' title="bbox 408 366 1886 555">
     <span class='ocr_line' id='line_1_2' title="bbox 410 366 1886 433; baseline -0.02 -6"><span class='ocrx_word' id='word_1_6' title='bbox 410 380 531 427; x_wconf 87' lang='lat' dir='ltr'>fuerit</span> <span class='ocrx_word' id='word_1_7' title='bbox 546 376 674 422; x_wconf 87' lang='lat' dir='ltr'>solum</span> <span class='ocrx_word' id='word_1_8' title='bbox 693 374 935 433; x_wconf 85' lang='lat' dir='ltr'>reproducta</span> <span class='ocrx_word' id='word_1_9' title='bbox 955 371 997 412; x_wconf 92' lang='lat' dir='ltr'>in</span> <span class='ocrx_word' id='word_1_10' title='bbox 1017 370 1114 413; x_wconf 89' lang='lat' dir='ltr'>actis</span> <span class='ocrx_word' id='word_1_11' title='bbox 1149 370 1235 412; x_wconf 92' lang='lat' dir='ltr'>loco</span> <span class='ocrx_word' id='word_1_12' title='bbox 1252 368 1408 423; x_wconf 83' lang='lat' dir='ltr'>jurium</span> <span class='ocrx_word' id='word_1_13' title='bbox 1424 402 1436 419; x_wconf 85' lang='lat'>‚</span> <span class='ocrx_word' id='word_1_14' title='bbox 1458 370 1509 411; x_wconf 81' lang='lat' dir='ltr'>ad</span> <span class='ocrx_word' id='word_1_15' title='bbox 1527 366 1757 410; x_wconf 75' lang='lat' dir='ltr'>docendum</span> <span class='ocrx_word' id='word_1_16' title='bbox 1775 379 1886 408; x_wconf 70' lang='lat' dir='ltr'>nem-</span> 
     </span>
     <span class='ocr_line' id='line_1_3' title="bbox 413 429 1884 501; baseline -0.013 -16"><span class='ocrx_word' id='word_1_17' title='bbox 413 459 461 501; x_wconf 86' lang='lat' dir='ltr'>pe</span> <span class='ocrx_word' id='word_1_18' title='bbox 479 442 526 483; x_wconf 86' lang='lat' dir='ltr'>de</span> <span class='ocrx_word' id='word_1_19' title='bbox 542 434 767 484; x_wconf 86' lang='lat' dir='ltr'>attentatis,</span> <span class='ocrx_word' id='word_1_20' title='bbox 786 446 824 474; x_wconf 90' lang='lat' dir='ltr'>et</span> <span class='ocrx_word' id='word_1_21' title='bbox 851 432 901 472; x_wconf 85' lang='lat' dir='ltr'>de</span> <span class='ocrx_word' id='word_1_22' title='bbox 921 430 1171 488; x_wconf 81' lang='lat' dir='ltr'>possessione</span> <span class='ocrx_word' id='word_1_23' title='bbox 1188 442 1303 486; x_wconf 89' lang='lat' dir='ltr'>capta</span> <span class='ocrx_word' id='word_1_24' title='bbox 1316 460 1330 478; x_wconf 93' lang='lat'><strong>,</strong></span> <span class='ocrx_word' id='word_1_25' title='bbox 1368 430 1447 473; x_wconf 89' lang='lat' dir='ltr'>sive</span> <span class='ocrx_word' id='word_1_26' title='bbox 1467 429 1543 470; x_wconf 84' lang='lat' dir='ltr'>alio</span> <span class='ocrx_word' id='word_1_27' title='bbox 1563 441 1655 470; x_wconf 86' lang='lat' dir='ltr'>actu</span> <span class='ocrx_word' id='word_1_28' title='bbox 1672 440 1780 482; x_wconf 87' lang='lat' dir='ltr'>gesto</span> <span class='ocrx_word' id='word_1_29' title='bbox 1795 436 1884 484; x_wconf 85' lang='lat' dir='ltr'>post</span> 
     </span>
     <span class='ocr_line' id='line_1_4' title="bbox 408 486 1881 555; baseline -0.012 -11"><span class='ocrx_word' id='word_1_30' title='bbox 408 496 652 555; x_wconf 51' lang='lat' dir='ltr'>,hujusmodi</span> <span class='ocrx_word' id='word_1_31' title='bbox 678 491 878 536; x_wconf 77' lang='lat' dir='ltr'>citationis</span> <span class='ocrx_word' id='word_1_32' title='bbox 897 489 1217 544; x_wconf 84' lang='lat' dir='ltr'>exequutionem</span> <span class='ocrx_word' id='word_1_33' title='bbox 1236 521 1250 538; x_wconf 88' lang='grc'>,</span> <span class='ocrx_word' id='word_1_34' title='bbox 1274 490 1369 530; x_wconf 89' lang='lat' dir='ltr'>etin</span> <span class='ocrx_word' id='word_1_35' title='bbox 1390 489 1492 530; x_wconf 90' lang='lat' dir='ltr'>illius</span> <span class='ocrx_word' id='word_1_36' title='bbox 1526 500 1704 545; x_wconf 87' lang='lat' dir='ltr'>spretum</span> <span class='ocrx_word' id='word_1_37' title='bbox 1719 517 1732 536; x_wconf 89' lang='lat'><em>,</em></span> <span class='ocrx_word' id='word_1_38' title='bbox 1763 486 1881 527; x_wconf 89' lang='lat' dir='ltr'>indu·</span> 
     </span>
    </p>

    <p class='ocr_par' dir='ltr' id='par_1_3' title="bbox 419 540 1918 610">
     <span class='ocr_line' id='line_1_5' title="bbox 419 540 1918 610; baseline -0.017 -6"><span class='ocrx_word' id='word_1_39' title='bbox 419 562 534 604; x_wconf 87' lang='lat' dir='ltr'>bium</span> <span class='ocrx_word' id='word_1_40' title='bbox 566 569 647 603; x_wconf 84' lang='lat' dir='ltr'>est,</span> <span class='ocrx_word' id='word_1_41' title='bbox 680 553 794 610; x_wconf 87' lang='lat' dir='ltr'>quod</span> <span class='ocrx_word' id='word_1_42' title='bbox 815 549 992 608; x_wconf 85' lang='lat' dir='ltr'>proferat</span> <span class='ocrx_word' id='word_1_43' title='bbox 1025 561 1217 591; x_wconf 87' lang='lat' dir='ltr'>attentata</span> <span class='ocrx_word' id='word_1_44' title='bbox 1238 547 1311 605; x_wconf 84' lang='grc' dir='ltr'>(ι’)</span> <span class='ocrx_word' id='word_1_45' title='bbox 1330 579 1341 590; x_wconf 90' lang='grc'><strong>.</strong></span> <span class='ocrx_word' id='word_1_46' title='bbox 1915 540 1918 543; x_wconf 79' lang='grc'><strong>“</strong></span> 
     </span>
    </p>

    <p class='ocr_par' dir='ltr' id='par_1_4' title="bbox 379 603 1921 1613">
     <span class='ocr_line' id='line_1_6' title="bbox 539 603 1878 664; baseline -0.017 -6"><span class='ocrx_word' id='word_1_47' title='bbox 539 617 645 658; x_wconf 87' lang='lat' dir='ltr'>Hinc</span> <span class='ocrx_word' id='word_1_48' title='bbox 677 614 781 655; x_wconf 70' lang='lat' dir='ltr'>recte</span> <span class='ocrx_word' id='word_1_49' title='bbox 816 611 979 652; x_wconf 64' lang='lat' dir='ltr'>Uberum</span> <span class='ocrx_word' id='word_1_50' title='bbox 1008 608 1082 664; x_wconf 81' lang='lat'>(2)</span> <span class='ocrx_word' id='word_1_51' title='bbox 1114 606 1308 656; x_wconf 85' lang='lat' dir='ltr'>affirmat,</span> <span class='ocrx_word' id='word_1_52' title='bbox 1336 608 1451 664; x_wconf 89' lang='lat' dir='ltr'>quod</span> <span class='ocrx_word' id='word_1_53' title='bbox 1479 607 1564 650; x_wconf 90' lang='lat' dir='ltr'>talis</span> <span class='ocrx_word' id='word_1_54' title='bbox 1583 603 1719 647; x_wconf 84' lang='lat' dir='ltr'>citatio</span> <span class='ocrx_word' id='word_1_55' title='bbox 1748 604 1802 644; x_wconf 83' lang='lat' dir='ltr'>ad</span> <span class='ocrx_word' id='word_1_56' title='bbox 1817 603 1878 645; x_wconf 74' lang='lat' dir='ltr'>vi.</span> 
     </span>
     <span class='ocr_line' id='line_1_7' title="bbox 421 661 1911 729; baseline -0.015 -7"><span class='ocrx_word' id='word_1_57' title='bbox 421 680 585 722; x_wconf 77' lang='lat' dir='ltr'>dendum</span> <span class='ocrx_word' id='word_1_58' title='bbox 618 668 858 729; x_wconf 77' lang='lat' dir='ltr'>supersederi</span> <span class='ocrx_word' id='word_1_59' title='bbox 877 699 889 718; x_wconf 89' lang='lat'>‚</span> <span class='ocrx_word' id='word_1_60' title='bbox 918 677 954 708; x_wconf 86' lang='lat' dir='ltr'>et</span> <span class='ocrx_word' id='word_1_61' title='bbox 969 666 1131 708; x_wconf 78' lang='lat' dir='ltr'>inhiberi</span> <span class='ocrx_word' id='word_1_62' title='bbox 1151 697 1164 715; x_wconf 90' lang='lat'>‚</span> <span class='ocrx_word' id='word_1_63' title='bbox 1197 680 1245 708; x_wconf 83' lang='lat' dir='ltr'>ex</span> <span class='ocrx_word' id='word_1_64' title='bbox 1257 681 1342 723; x_wconf 90' lang='lat' dir='ltr'>quo</span> <span class='ocrx_word' id='word_1_65' title='bbox 1361 667 1488 726; x_wconf 86' lang='lat' dir='ltr'>prima</span> <span class='ocrx_word' id='word_1_66' title='bbox 1518 661 1802 722; x_wconf 85' lang='lat' dir='ltr'>supersessoria</span> <span class='ocrx_word' id='word_1_67' title='bbox 1818 676 1881 703; x_wconf 91' lang='lat' dir='ltr'>re-</span> <span class='ocrx_word' id='word_1_68' title='bbox 1908 703 1911 708; x_wconf 25' lang='lat' dir='ltr'><strong>f</strong></span> 
     </span>
     <span class='ocr_line' id='line_1_8' title="bbox 421 720 1881 796; baseline -0.018 -16"><span class='ocrx_word' id='word_1_69' title='bbox 421 738 610 796; x_wconf 82' lang='lat' dir='ltr'>gulariter</span> <span class='ocrx_word' id='word_1_70' title='bbox 635 730 872 775; x_wconf 85' lang='lat' dir='ltr'>conceditur</span> <span class='ocrx_word' id='word_1_71' title='bbox 888 758 901 776; x_wconf 88' lang='lat'><strong>,</strong></span> <span class='ocrx_word' id='word_1_72' title='bbox 936 739 1072 768; x_wconf 84' lang='lat' dir='ltr'>causet</span> <span class='ocrx_word' id='word_1_73' title='bbox 1092 738 1286 767; x_wconf 68' lang='lat' dir='ltr'>attentata</span> <span class='ocrx_word' id='word_1_74' title='bbox 1303 757 1316 775; x_wconf 93' lang='lat'><strong>,</strong></span> <span class='ocrx_word' id='word_1_75' title='bbox 1354 742 1484 783; x_wconf 84' lang='lat' dir='ltr'>quum</span> <span class='ocrx_word' id='word_1_76' title='bbox 1512 726 1660 766; x_wconf 72' lang='lat' dir='ltr'>habeat</span> <span class='ocrx_word' id='word_1_77' title='bbox 1674 720 1757 765; x_wconf 83' lang='lat' dir='ltr'>vim</span> <span class='ocrx_word' id='word_1_78' title='bbox 1778 720 1881 761; x_wconf 71' lang='lat' dir='ltr'>inhi-</span> 
     </span>
     <span class='ocr_line' id='line_1_9' title="bbox 424 779 1921 841; baseline -0.021 -1"><span class='ocrx_word' id='word_1_79' title='bbox 424 795 586 840; x_wconf 87' lang='lat' dir='ltr'>bitionis</span> <span class='ocrx_word' id='word_1_80' title='bbox 601 791 776 835; x_wconf 84' lang='lat' dir='ltr'>formalis</span> <span class='ocrx_word' id='word_1_81' title='bbox 795 819 807 837; x_wconf 95' lang='lat'>‚</span> <span class='ocrx_word' id='word_1_82' title='bbox 836 787 993 829; x_wconf 90' lang='lat' dir='ltr'>etiamsi</span> <span class='ocrx_word' id='word_1_83' title='bbox 1023 786 1158 838; x_wconf 82' lang='lat' dir='ltr'>Judex</span> <span class='ocrx_word' id='word_1_84' title='bbox 1180 798 1315 841; x_wconf 84' lang='lat' dir='ltr'>postea</span> <span class='ocrx_word' id='word_1_85' title='bbox 1340 801 1427 827; x_wconf 91' lang='lat' dir='ltr'>non</span> <span class='ocrx_word' id='word_1_86' title='bbox 1449 785 1660 832; x_wconf 53' lang='lat' dir='ltr'>inhibeam</span> <span class='ocrx_word' id='word_1_87' title='bbox 1691 781 1813 822; x_wconf 65' lang='lat' dir='ltr'>imme&gt;</span> <span class='ocrx_word' id='word_1_88' title='bbox 1830 779 1921 821; x_wconf 40' lang='lat' dir='ltr'>diff</span> 
     </span>
     <span class='ocr_line' id='line_1_10' title="bbox 423 843 1887 902; baseline -0.012 -4"><span class='ocrx_word' id='word_1_89' title='bbox 423 869 483 898; x_wconf 84' lang='lat' dir='ltr'>cta</span> <span class='ocrx_word' id='word_1_90' title='bbox 503 853 640 898; x_wconf 84' lang='lat' dir='ltr'>citatio</span> <span class='ocrx_word' id='word_1_91' title='bbox 656 850 788 893; x_wconf 89' lang='lat' dir='ltr'>reddit</span> <span class='ocrx_word' id='word_1_92' title='bbox 805 847 926 891; x_wconf 84' lang='lat' dir='ltr'>etiam</span> <span class='ocrx_word' id='word_1_93' title='bbox 945 858 1135 887; x_wconf 86' lang='lat' dir='ltr'>attentata</span> <span class='ocrx_word' id='word_1_94' title='bbox 1154 844 1291 884; x_wconf 86' lang='lat' dir='ltr'>omnia</span> <span class='ocrx_word' id='word_1_95' title='bbox 1310 857 1416 902; x_wconf 80' lang='lat' dir='ltr'>gesta</span> <span class='ocrx_word' id='word_1_96' title='bbox 1436 844 1477 885; x_wconf 89' lang='lat' dir='ltr'>in</span> <span class='ocrx_word' id='word_1_97' title='bbox 1497 843 1681 901; x_wconf 89' lang='lat' dir='ltr'>partibus</span> <span class='ocrx_word' id='word_1_98' title='bbox 1698 855 1788 897; x_wconf 89' lang='lat' dir='ltr'>post</span> <span class='ocrx_word' id='word_1_99' title='bbox 1800 854 1887 882; x_wconf 87' lang='lat' dir='ltr'>exe-</span> 
     </span>
     <span class='ocr_line' id='line_1_11' title="bbox 424 899 1887 970; baseline -0.019 -12"><span class='ocrx_word' id='word_1_100' title='bbox 424 926 598 970; x_wconf 88' lang='lat' dir='ltr'>quutam</span> <span class='ocrx_word' id='word_1_101' title='bbox 628 911 859 953; x_wconf 80' lang='lat' dir='ltr'>citationem</span> <span class='ocrx_word' id='word_1_102' title='bbox 874 937 887 955; x_wconf 87' lang='lat'>‚</span> <span class='ocrx_word' id='word_1_103' title='bbox 921 904 1007 945; x_wconf 86' lang='lat' dir='ltr'>licet</span> <span class='ocrx_word' id='word_1_104' title='bbox 1037 901 1182 944; x_wconf 85' lang='lat' dir='ltr'>notitia</span> <span class='ocrx_word' id='word_1_105' title='bbox 1209 902 1409 945; x_wconf 81' lang='lat' dir='ltr'>citationis</span> <span class='ocrx_word' id='word_1_106' title='bbox 1425 934 1437 952; x_wconf 87' lang='lat'>,</span> <span class='ocrx_word' id='word_1_107' title='bbox 1453 902 1580 944; x_wconf 85' lang='lat' dir='ltr'>factae</span> <span class='ocrx_word' id='word_1_108' title='bbox 1599 902 1640 943; x_wconf 94' lang='lat' dir='ltr'>in</span> <span class='ocrx_word' id='word_1_109' title='bbox 1661 899 1776 942; x_wconf 88' lang='lat' dir='ltr'>curia</span> <span class='ocrx_word' id='word_1_110' title='bbox 1791 901 1887 940; x_wconf 76' lang='lat' dir='ltr'>Pro-</span> 
     </span>
     <span class='ocr_line' id='line_1_12' title="bbox 424 961 1890 1021; baseline -0.013 -7"><span class='ocrx_word' id='word_1_111' title='bbox 424 972 627 1017; x_wconf 81' lang='lat' dir='ltr'>curatori,</span> <span class='ocrx_word' id='word_1_112' title='bbox 665 969 800 1008; x_wconf 84' lang='lat' dir='ltr'>adhuc</span> <span class='ocrx_word' id='word_1_113' title='bbox 818 963 1024 1021; x_wconf 87' lang='lat' dir='ltr'>pervenire</span> <span class='ocrx_word' id='word_1_114' title='bbox 1045 975 1128 1001; x_wconf 91' lang='lat' dir='ltr'>non</span> <span class='ocrx_word' id='word_1_115' title='bbox 1148 961 1323 1015; x_wconf 88' lang='lat' dir='ltr'>potuerit</span> <span class='ocrx_word' id='word_1_116' title='bbox 1343 963 1535 1018; x_wconf 84' lang='lat' dir='ltr'>adpartes</span> <span class='ocrx_word' id='word_1_117' title='bbox 1551 976 1564 1009; x_wconf 64' lang='grc' dir='ltr'><strong>ς</strong></span> <span class='ocrx_word' id='word_1_118' title='bbox 1581 971 1794 1013; x_wconf 70' lang='lat' dir='ltr'>eapropter</span> <span class='ocrx_word' id='word_1_119' title='bbox 1811 987 1825 1005; x_wconf 84' lang='lat'>‚</span> <span class='ocrx_word' id='word_1_120' title='bbox 1844 966 1890 997; x_wconf 91' lang='lat' dir='ltr'>ut</span> 
     </span>
     <span class='ocr_line' id='line_1_13' title="bbox 422 1017 1893 1071; baseline -0.012 1"><span class='ocrx_word' id='word_1_121' title='bbox 422 1028 637 1071; x_wconf 81' lang='lat' dir='ltr'>Attentatis</span> <span class='ocrx_word' id='word_1_122' title='bbox 665 1025 853 1065; x_wconf 83' lang='lat' dir='ltr'>obvietur</span> <span class='ocrx_word' id='word_1_123' title='bbox 871 1051 884 1069; x_wconf 91' lang='lat'>‚</span> <span class='ocrx_word' id='word_1_124' title='bbox 916 1033 1072 1060; x_wconf 88' lang='lat' dir='ltr'>necesse</span> <span class='ocrx_word' id='word_1_125' title='bbox 1092 1031 1151 1058; x_wconf 83' lang='lat' dir='ltr'>est</span> <span class='ocrx_word' id='word_1_126' title='bbox 1169 1048 1181 1065; x_wconf 83' lang='lat'>‚</span> <span class='ocrx_word' id='word_1_127' title='bbox 1215 1031 1258 1058; x_wconf 90' lang='lat' dir='ltr'>ut</span> <span class='ocrx_word' id='word_1_128' title='bbox 1292 1021 1532 1059; x_wconf 81' lang='lat' dir='ltr'>Procurator</span> <span class='ocrx_word' id='word_1_129' title='bbox 1559 1017 1705 1057; x_wconf 89' lang='lat' dir='ltr'>citatus</span> <span class='ocrx_word' id='word_1_130' title='bbox 1733 1027 1846 1056; x_wconf 88' lang='lat' dir='ltr'>curet</span> <span class='ocrx_word' id='word_1_131' title='bbox 1879 1041 1893 1062; x_wconf 91' lang='lat'><strong>,</strong></span> 
     </span>
     <span class='ocr_line' id='line_1_14' title="bbox 379 1071 1892 1146; baseline -0.017 -14"><span class='ocrx_word' id='word_1_132' title='bbox 379 1095 384 1099; x_wconf 72' lang='grc'><strong>“</strong></span> <span class='ocrx_word' id='word_1_133' title='bbox 425 1088 539 1146; x_wconf 87' lang='lat' dir='ltr'>quod</span> <span class='ocrx_word' id='word_1_134' title='bbox 556 1095 784 1143; x_wconf 81' lang='lat' dir='ltr'>apponatur</span> <span class='ocrx_word' id='word_1_135' title='bbox 812 1080 855 1120; x_wconf 87' lang='lat' dir='ltr'>in</span> <span class='ocrx_word' id='word_1_136' title='bbox 876 1078 1036 1119; x_wconf 87' lang='lat' dir='ltr'>decreto</span> <span class='ocrx_word' id='word_1_137' title='bbox 1074 1074 1254 1117; x_wconf 81' lang='lat' dir='ltr'>clausula</span> <span class='ocrx_word' id='word_1_138' title='bbox 1281 1077 1519 1132; x_wconf 80' lang='lat' dir='ltr'>supersederi</span> <span class='ocrx_word' id='word_1_139' title='bbox 1535 1076 1575 1117; x_wconf 84' lang='lat' dir='ltr'>in</span> <span class='ocrx_word' id='word_1_140' title='bbox 1591 1084 1698 1116; x_wconf 78' lang='lat' dir='ltr'>statu</span> <span class='ocrx_word' id='word_1_141' title='bbox 1719 1105 1732 1122; x_wconf 82' lang='lat'>‚</span> <span class='ocrx_word' id='word_1_142' title='bbox 1767 1071 1892 1117; x_wconf 51' lang='grc' dir='ltr'>εἶχεν.</span> 
     </span>
     <span class='ocr_line' id='line_1_15' title="bbox 427 1131 1887 1190; baseline -0.014 0"><span class='ocrx_word' id='word_1_143' title='bbox 427 1147 543 1190; x_wconf 81' lang='lat' dir='ltr'>minis</span> <span class='ocrx_word' id='word_1_144' title='bbox 558 1163 580 1188; x_wconf 82' lang='lat' dir='ltr'>a</span> <span class='ocrx_word' id='word_1_145' title='bbox 602 1144 661 1185; x_wconf 77' lang='lat' dir='ltr'>die</span> <span class='ocrx_word' id='word_1_146' title='bbox 679 1137 932 1182; x_wconf 79' lang='lat' dir='ltr'>intimatiotzis</span> <span class='ocrx_word' id='word_1_147' title='bbox 939 1135 1148 1189; x_wconf 77' lang='lat' dir='ltr'>faciendae</span> <span class='ocrx_word' id='word_1_148' title='bbox 1161 1134 1202 1174; x_wconf 86' lang='lat' dir='ltr'>in</span> <span class='ocrx_word' id='word_1_149' title='bbox 1214 1136 1389 1188; x_wconf 80' lang='lat' dir='ltr'>partibus</span> <span class='ocrx_word' id='word_1_150' title='bbox 1412 1165 1419 1172; x_wconf 94' lang='lat'>.</span> <span class='ocrx_word' id='word_1_151' title='bbox 1439 1135 1560 1175; x_wconf 87' lang='lat' dir='ltr'>Stilus</span> <span class='ocrx_word' id='word_1_152' title='bbox 1579 1145 1713 1173; x_wconf 86' lang='lat' dir='ltr'>autem</span> <span class='ocrx_word' id='word_1_153' title='bbox 1731 1131 1887 1173; x_wconf 84' lang='lat' dir='ltr'>Curiae</span> 
     </span>
     <span class='ocr_line' id='line_1_16' title="bbox 424 1192 1887 1249; baseline -0.017 0"><span class='ocrx_word' id='word_1_154' title='bbox 424 1208 478 1249; x_wconf 79' lang='lat' dir='ltr'>ita</span> <span class='ocrx_word' id='word_1_155' title='bbox 495 1221 534 1248; x_wconf 86' lang='lat' dir='ltr'>se</span> <span class='ocrx_word' id='word_1_156' title='bbox 554 1206 676 1246; x_wconf 87' lang='lat' dir='ltr'>habet</span> <span class='ocrx_word' id='word_1_157' title='bbox 695 1230 707 1246; x_wconf 89' lang='lat'>‚</span> <span class='ocrx_word' id='word_1_158' title='bbox 735 1212 781 1240; x_wconf 93' lang='lat' dir='ltr'>ut</span> <span class='ocrx_word' id='word_1_159' title='bbox 798 1199 829 1239; x_wconf 86' lang='lat' dir='ltr'>si</span> <span class='ocrx_word' id='word_1_160' title='bbox 847 1199 1086 1237; x_wconf 82' lang='lat' dir='ltr'>Procurator</span> <span class='ocrx_word' id='word_1_161' title='bbox 1105 1192 1249 1235; x_wconf 86' lang='lat' dir='ltr'>citatus</span> <span class='ocrx_word' id='word_1_162' title='bbox 1268 1194 1442 1249; x_wconf 86' lang='lat' dir='ltr'>potuerit</span> <span class='ocrx_word' id='word_1_163' title='bbox 1460 1207 1550 1234; x_wconf 88' lang='lat' dir='ltr'>ante</span> <span class='ocrx_word' id='word_1_164' title='bbox 1569 1193 1774 1232; x_wconf 86' lang='lat' dir='ltr'>decretum</span> <span class='ocrx_word' id='word_1_165' title='bbox 1791 1192 1887 1233; x_wconf 72' lang='lat' dir='ltr'>scri-</span> 
     </span>
     <span class='ocr_line' id='line_1_17' title="bbox 426 1250 1892 1317; baseline -0.012 -11"><span class='ocrx_word' id='word_1_166' title='bbox 426 1268 516 1308; x_wconf 82' lang='lat' dir='ltr'>bere</span> <span class='ocrx_word' id='word_1_167' title='bbox 548 1263 590 1302; x_wconf 89' lang='lat' dir='ltr'>in</span> <span class='ocrx_word' id='word_1_168' title='bbox 609 1260 791 1317; x_wconf 88' lang='lat' dir='ltr'>partibus</span> <span class='ocrx_word' id='word_1_169' title='bbox 814 1253 1129 1308; x_wconf 79' lang='lat' dir='ltr'>exequutionem</span> <span class='ocrx_word' id='word_1_170' title='bbox 1158 1251 1357 1292; x_wconf 85' lang='lat' dir='ltr'>citationis</span> <span class='ocrx_word' id='word_1_171' title='bbox 1380 1280 1392 1297; x_wconf 90' lang='lat'><strong>,</strong></span> <span class='ocrx_word' id='word_1_172' title='bbox 1427 1252 1651 1292; x_wconf 87' lang='lat' dir='ltr'>reddantur</span> <span class='ocrx_word' id='word_1_173' title='bbox 1686 1250 1892 1290; x_wconf 83' lang='lat' dir='ltr'>nihilomi-</span> 
     </span>
     <span class='ocr_line' id='line_1_18' title="bbox 427 1307 1890 1370; baseline -0.018 -4"><span class='ocrx_word' id='word_1_174' title='bbox 427 1338 506 1366; x_wconf 86' lang='lat' dir='ltr'>nus</span> <span class='ocrx_word' id='word_1_175' title='bbox 534 1330 724 1363; x_wconf 88' lang='lat' dir='ltr'>attentata</span> <span class='ocrx_word' id='word_1_176' title='bbox 744 1313 884 1356; x_wconf 86' lang='lat' dir='ltr'>omnia</span> <span class='ocrx_word' id='word_1_177' title='bbox 903 1325 1011 1370; x_wconf 81' lang='lat' dir='ltr'>gesta</span> <span class='ocrx_word' id='word_1_178' title='bbox 1039 1325 1061 1351; x_wconf 90' lang='lat' dir='ltr'>a</span> <span class='ocrx_word' id='word_1_179' title='bbox 1081 1310 1142 1350; x_wconf 88' lang='lat' dir='ltr'>die</span> <span class='ocrx_word' id='word_1_180' title='bbox 1161 1308 1356 1365; x_wconf 86' lang='lat' dir='ltr'>possibilis</span> <span class='ocrx_word' id='word_1_181' title='bbox 1376 1311 1540 1352; x_wconf 87' lang='lat' dir='ltr'>notitiae</span> <span class='ocrx_word' id='word_1_182' title='bbox 1564 1324 1575 1357; x_wconf 91' lang='lat'>;</span> <span class='ocrx_word' id='word_1_183' title='bbox 1595 1308 1684 1349; x_wconf 88' lang='lat' dir='ltr'>ideo</span> <span class='ocrx_word' id='word_1_184' title='bbox 1712 1308 1765 1348; x_wconf 90' lang='lat' dir='ltr'>ad</span> <span class='ocrx_word' id='word_1_185' title='bbox 1782 1307 1890 1350; x_wconf 81' lang='lat' dir='ltr'>obri-</span> 
     </span>
     <span class='ocr_line' id='line_1_19' title="bbox 427 1364 1893 1428; baseline -0.013 -4"><span class='ocrx_word' id='word_1_186' title='bbox 427 1381 606 1426; x_wconf 84' lang='lat' dir='ltr'>nendam</span> <span class='ocrx_word' id='word_1_187' title='bbox 639 1388 924 1419; x_wconf 85' lang='lat' dir='ltr'>attentatorum</span> <span class='ocrx_word' id='word_1_188' title='bbox 958 1368 1238 1428; x_wconf 83' lang='lat' dir='ltr'>purgationem</span> <span class='ocrx_word' id='word_1_189' title='bbox 1262 1400 1275 1417; x_wconf 88' lang='lat'>,</span> <span class='ocrx_word' id='word_1_190' title='bbox 1312 1370 1483 1422; x_wconf 85' lang='lat' dir='ltr'>quando</span> <span class='ocrx_word' id='word_1_191' title='bbox 1514 1370 1632 1410; x_wconf 88' lang='lat' dir='ltr'>altera</span> <span class='ocrx_word' id='word_1_192' title='bbox 1661 1381 1752 1423; x_wconf 85' lang='lat' dir='ltr'>pars</span> <span class='ocrx_word' id='word_1_193' title='bbox 1783 1364 1893 1409; x_wconf 84' lang='lat' dir='ltr'>obti-</span> 
     </span>
     <span class='ocr_line' id='line_1_20' title="bbox 429 1426 1893 1493; baseline -0.016 -9"><span class='ocrx_word' id='word_1_194' title='bbox 429 1453 528 1490; x_wconf 86' lang='lat' dir='ltr'>net,</span> <span class='ocrx_word' id='word_1_195' title='bbox 558 1452 606 1480; x_wconf 89' lang='lat' dir='ltr'>ut</span> <span class='ocrx_word' id='word_1_196' title='bbox 629 1447 856 1493; x_wconf 83' lang='lat' dir='ltr'>apponatur</span> <span class='ocrx_word' id='word_1_197' title='bbox 883 1433 924 1473; x_wconf 87' lang='lat' dir='ltr'>in</span> <span class='ocrx_word' id='word_1_198' title='bbox 963 1431 1121 1471; x_wconf 84' lang='lat' dir='ltr'>decreto</span> <span class='ocrx_word' id='word_1_199' title='bbox 1143 1457 1154 1473; x_wconf 90' lang='lat'>,</span> <span class='ocrx_word' id='word_1_200' title='bbox 1185 1427 1226 1468; x_wconf 85' lang='lat' dir='ltr'>in</span> <span class='ocrx_word' id='word_1_201' title='bbox 1253 1438 1355 1469; x_wconf 81' lang='lat' dir='ltr'>statu</span> <span class='ocrx_word' id='word_1_202' title='bbox 1380 1459 1392 1478; x_wconf 88' lang='lat'><strong>,</strong></span> <span class='ocrx_word' id='word_1_203' title='bbox 1428 1441 1466 1470; x_wconf 84' lang='lat' dir='ltr'>et</span> <span class='ocrx_word' id='word_1_204' title='bbox 1497 1426 1672 1470; x_wconf 80' lang='lat' dir='ltr'>terminis</span> <span class='ocrx_word' id='word_1_205' title='bbox 1690 1458 1703 1475; x_wconf 86' lang='lat'>,</span> <span class='ocrx_word' id='word_1_206' title='bbox 1736 1438 1893 1468; x_wconf 79' lang='lat' dir='ltr'>necesse</span> 
     </span>
     <span class='ocr_line' id='line_1_21' title="bbox 426 1484 1892 1549; baseline -0.013 -6"><span class='ocrx_word' id='word_1_207' title='bbox 426 1512 507 1548; x_wconf 82' lang='lat' dir='ltr'>est,</span> <span class='ocrx_word' id='word_1_208' title='bbox 526 1511 573 1540; x_wconf 88' lang='lat' dir='ltr'>ut</span> <span class='ocrx_word' id='word_1_209' title='bbox 596 1497 750 1538; x_wconf 89' lang='lat' dir='ltr'>instans</span> <span class='ocrx_word' id='word_1_210' title='bbox 770 1507 844 1549; x_wconf 92' lang='lat' dir='ltr'>pro</span> <span class='ocrx_word' id='word_1_211' title='bbox 871 1487 1154 1546; x_wconf 79' lang='lat' dir='ltr'>supersessoria</span> <span class='ocrx_word' id='word_1_212' title='bbox 1174 1501 1312 1536; x_wconf 83' lang='lat' dir='ltr'>curet,</span> <span class='ocrx_word' id='word_1_213' title='bbox 1327 1500 1373 1528; x_wconf 87' lang='lat' dir='ltr'>ut</span> <span class='ocrx_word' id='word_1_214' title='bbox 1395 1487 1607 1545; x_wconf 79' lang='lat' dir='ltr'>adjiciatur</span> <span class='ocrx_word' id='word_1_215' title='bbox 1626 1485 1743 1528; x_wconf 87' lang='lat' dir='ltr'>altera</span> <span class='ocrx_word' id='word_1_216' title='bbox 1778 1484 1892 1526; x_wconf 82' lang='lat' dir='ltr'>clau-</span> 
     </span>
     <span class='ocr_line' id='line_1_22' title="bbox 428 1550 1256 1613; baseline -0.018 -10"><span class='ocrx_word' id='word_1_217' title='bbox 428 1560 518 1603; x_wconf 83' lang='lat' dir='ltr'>sula</span> <span class='ocrx_word' id='word_1_218' title='bbox 539 1591 553 1609; x_wconf 83' lang='lat'>,</span> <span class='ocrx_word' id='word_1_219' title='bbox 586 1557 666 1599; x_wconf 79' lang='lat' dir='ltr'>sine</span> <span class='ocrx_word' id='word_1_220' title='bbox 673 1551 911 1613; x_wconf 79' lang='lat' dir='ltr'>praejudicio</span> <span class='ocrx_word' id='word_1_221' title='bbox 939 1550 1227 1589; x_wconf 72' lang='lat' dir='ltr'>Attentatomm</span> <span class='ocrx_word' id='word_1_222' title='bbox 1246 1578 1256 1588; x_wconf 86' lang='lat'><strong>.</strong></span> 
     </span>
    </p>

    <p class='ocr_par' dir='ltr' id='par_1_5' title="bbox 430 1603 1900 2371">
     <span class='ocr_line' id='line_1_23' title="bbox 545 1603 1895 1673; baseline -0.011 -14"><span class='ocrx_word' id='word_1_223' title='bbox 545 1617 693 1673; x_wconf 83' lang='lat' dir='ltr'>Elapso</span> <span class='ocrx_word' id='word_1_224' title='bbox 723 1612 869 1655; x_wconf 89' lang='lat' dir='ltr'>deinde</span> <span class='ocrx_word' id='word_1_225' title='bbox 898 1622 1071 1665; x_wconf 86' lang='lat' dir='ltr'>tempore</span> <span class='ocrx_word' id='word_1_226' title='bbox 1097 1605 1402 1662; x_wconf 82' lang='lat' dir='ltr'>supersessoriae</span> <span class='ocrx_word' id='word_1_227' title='bbox 1437 1606 1625 1648; x_wconf 81' lang='lat' dir='ltr'>obtentae</span> <span class='ocrx_word' id='word_1_228' title='bbox 1646 1635 1659 1653; x_wconf 88' lang='lat'>‚</span> <span class='ocrx_word' id='word_1_229' title='bbox 1693 1603 1895 1646; x_wconf 83' lang='lat' dir='ltr'>succurri-</span> 
     </span>
     <span class='ocr_line' id='line_1_24' title="bbox 430 1663 1897 1732; baseline -0.012 -11"><span class='ocrx_word' id='word_1_230' title='bbox 430 1690 497 1721; x_wconf 85' lang='lat' dir='ltr'>tur</span> <span class='ocrx_word' id='word_1_231' title='bbox 528 1673 741 1732; x_wconf 83' lang='lat' dir='ltr'>appellanti</span> <span class='ocrx_word' id='word_1_232' title='bbox 773 1670 962 1728; x_wconf 89' lang='lat' dir='ltr'>petitione</span> <span class='ocrx_word' id='word_1_233' title='bbox 998 1665 1155 1707; x_wconf 87' lang='lat' dir='ltr'>alterius</span> <span class='ocrx_word' id='word_1_234' title='bbox 1190 1665 1496 1723; x_wconf 86' lang='lat' dir='ltr'>supersessoriae</span> <span class='ocrx_word' id='word_1_235' title='bbox 1520 1695 1533 1713; x_wconf 90' lang='lat'>‚</span> <span class='ocrx_word' id='word_1_236' title='bbox 1564 1663 1729 1707; x_wconf 88' lang='lat' dir='ltr'>citando</span> <span class='ocrx_word' id='word_1_237' title='bbox 1761 1663 1897 1705; x_wconf 89' lang='lat' dir='ltr'>adver-</span> 
     </span>
     <span class='ocr_line' id='line_1_25' title="bbox 431 1721 1896 1787; baseline -0.017 -8"><span class='ocrx_word' id='word_1_238' title='bbox 431 1752 517 1780; x_wconf 88' lang='lat' dir='ltr'>sam</span> <span class='ocrx_word' id='word_1_239' title='bbox 551 1736 710 1776; x_wconf 87' lang='lat' dir='ltr'>Partem</span> <span class='ocrx_word' id='word_1_240' title='bbox 726 1762 739 1781; x_wconf 79' lang='lat'>,</span> <span class='ocrx_word' id='word_1_241' title='bbox 764 1730 999 1787; x_wconf 81' lang='lat' dir='ltr'>priusquam</span> <span class='ocrx_word' id='word_1_242' title='bbox 1023 1724 1174 1781; x_wconf 73' lang='lat' dir='ltr'>expiret</span> <span class='ocrx_word' id='word_1_243' title='bbox 1201 1724 1402 1782; x_wconf 81' lang='lat' dir='ltr'>praefixus</span> <span class='ocrx_word' id='word_1_244' title='bbox 1431 1725 1625 1766; x_wconf 88' lang='lat' dir='ltr'>terminus</span> <span class='ocrx_word' id='word_1_245' title='bbox 1642 1753 1654 1772; x_wconf 85' lang='lat'><strong>,</strong></span> <span class='ocrx_word' id='word_1_246' title='bbox 1680 1723 1736 1763; x_wconf 81' lang='lat' dir='ltr'>ad</span> <span class='ocrx_word' id='word_1_247' title='bbox 1763 1721 1896 1763; x_wconf 76' lang='lat' dir='ltr'>viden.</span> 
     </span>
     <span class='ocr_line' id='line_1_26' title="bbox 431 1782 1899 1848; baseline -0.016 -11"><span class='ocrx_word' id='word_1_248' title='bbox 431 1797 701 1848; x_wconf 63' lang='lat' dir='ltr'>dummempe,</span> <span class='ocrx_word' id='word_1_249' title='bbox 716 1787 923 1847; x_wconf 78' lang='lat' dir='ltr'>prorogari</span> <span class='ocrx_word' id='word_1_250' title='bbox 935 1785 1269 1841; x_wconf 69' lang='lat' dir='ltr'>supersessorintm</span> <span class='ocrx_word' id='word_1_251' title='bbox 1293 1796 1467 1825; x_wconf 88' lang='lat' dir='ltr'>attamen</span> <span class='ocrx_word' id='word_1_252' title='bbox 1489 1785 1591 1824; x_wconf 87' lang='lat' dir='ltr'>ultra</span> <span class='ocrx_word' id='word_1_253' title='bbox 1613 1782 1732 1823; x_wconf 90' lang='lat' dir='ltr'>binas</span> <span class='ocrx_word' id='word_1_254' title='bbox 1756 1794 1899 1837; x_wconf 81' lang='lat' dir='ltr'>super-</span> 
     </span>
     <span class='ocr_line' id='line_1_27' title="bbox 431 1839 1895 1901; baseline -0.017 -3"><span class='ocrx_word' id='word_1_255' title='bbox 431 1853 617 1897; x_wconf 80' lang='lat' dir='ltr'>sessorias</span> <span class='ocrx_word' id='word_1_256' title='bbox 639 1883 651 1901; x_wconf 85' lang='lat'>‚</span> <span class='ocrx_word' id='word_1_257' title='bbox 681 1850 780 1892; x_wconf 88' lang='lat' dir='ltr'>aliae</span> <span class='ocrx_word' id='word_1_258' title='bbox 806 1863 828 1888; x_wconf 87' lang='lat' dir='ltr'>a</span> <span class='ocrx_word' id='word_1_259' title='bbox 851 1845 1089 1900; x_wconf 82' lang='lat' dir='ltr'>Signaturae</span> <span class='ocrx_word' id='word_1_260' title='bbox 1126 1841 1327 1882; x_wconf 82' lang='lat' dir='ltr'>Praefecto</span> <span class='ocrx_word' id='word_1_261' title='bbox 1345 1871 1358 1889; x_wconf 86' lang='lat'>,</span> <span class='ocrx_word' id='word_1_262' title='bbox 1381 1841 1445 1882; x_wconf 89' lang='lat' dir='ltr'>vel</span> <span class='ocrx_word' id='word_1_263' title='bbox 1476 1839 1565 1892; x_wconf 83' lang='lat' dir='ltr'>ejus</span> <span class='ocrx_word' id='word_1_264' title='bbox 1584 1839 1785 1881; x_wconf 82' lang='lat' dir='ltr'>Auditore</span> <span class='ocrx_word' id='word_1_265' title='bbox 1808 1853 1895 1880; x_wconf 74' lang='lat' dir='ltr'>non</span> 
     </span>
     <span class='ocr_line' id='line_1_28' title="bbox 434 1898 1897 1957; baseline -0.014 -1"><span class='ocrx_word' id='word_1_266' title='bbox 434 1912 717 1956; x_wconf 81' lang='lat' dir='ltr'>conceduntur</span> <span class='ocrx_word' id='word_1_267' title='bbox 737 1939 750 1957; x_wconf 85' lang='lat'><strong>,</strong></span> <span class='ocrx_word' id='word_1_268' title='bbox 785 1921 835 1948; x_wconf 90' lang='lat' dir='ltr'>ne</span> <span class='ocrx_word' id='word_1_269' title='bbox 852 1901 1054 1947; x_wconf 84' lang='lat' dir='ltr'>beneficiis</span> <span class='ocrx_word' id='word_1_270' title='bbox 1074 1898 1311 1955; x_wconf 79' lang='lat' dir='ltr'>hujusmodi</span> <span class='ocrx_word' id='word_1_271' title='bbox 1347 1899 1389 1939; x_wconf 88' lang='lat' dir='ltr'>in</span> <span class='ocrx_word' id='word_1_272' title='bbox 1405 1899 1581 1940; x_wconf 72' lang='lat' dir='ltr'>,aliorum</span> <span class='ocrx_word' id='word_1_273' title='bbox 1611 1898 1897 1938; x_wconf 85' lang='lat' dir='ltr'>detrimentum</span> 
     </span>
     <span class='ocr_line' id='line_1_29' title="bbox 432 1954 1900 2018; baseline -0.014 -5"><span class='ocrx_word' id='word_1_274' title='bbox 432 1971 583 2013; x_wconf 83' lang='lat' dir='ltr'>nefarie</span> <span class='ocrx_word' id='word_1_275' title='bbox 630 1969 852 2009; x_wconf 86' lang='lat' dir='ltr'>abutantur</span> <span class='ocrx_word' id='word_1_276' title='bbox 903 1961 1174 2018; x_wconf 49' lang='lat' dir='ltr'>appellantem</span> <span class='ocrx_word' id='word_1_277' title='bbox 1207 1959 1310 1999; x_wconf 90' lang='lat' dir='ltr'>itaut</span> <span class='ocrx_word' id='word_1_278' title='bbox 1343 1957 1374 1999; x_wconf 89' lang='lat' dir='ltr'>si</span> <span class='ocrx_word' id='word_1_279' title='bbox 1405 1968 1499 2013; x_wconf 12' lang='lat' dir='ltr'>«post</span> <span class='ocrx_word' id='word_1_280' title='bbox 1537 1955 1663 1996; x_wconf 83' lang='lat' dir='ltr'>dictas</span> <span class='ocrx_word' id='word_1_281' title='bbox 1693 1954 1810 1995; x_wconf 86' lang='lat' dir='ltr'>binas</span> <span class='ocrx_word' id='word_1_282' title='bbox 1836 1970 1900 1998; x_wconf 88' lang='lat' dir='ltr'>su-</span> 
     </span>
     <span class='ocr_line' id='line_1_30' title="bbox 433 2013 1898 2088; baseline -0.017 -15"><span class='ocrx_word' id='word_1_283' title='bbox 433 2027 690 2088; x_wconf 85' lang='lat' dir='ltr'>persessorias</span> <span class='ocrx_word' id='word_1_284' title='bbox 706 2037 823 2082; x_wconf 88' lang='lat' dir='ltr'>capta</span> <span class='ocrx_word' id='word_1_285' title='bbox 848 2022 896 2065; x_wconf 90' lang='lat' dir='ltr'>sit</span> <span class='ocrx_word' id='word_1_286' title='bbox 910 2019 1102 2079; x_wconf 86' lang='lat' dir='ltr'>possessio</span> <span class='ocrx_word' id='word_1_287' title='bbox 1120 2048 1134 2066; x_wconf 80' lang='lat'><strong>,</strong></span> <span class='ocrx_word' id='word_1_288' title='bbox 1164 2029 1201 2058; x_wconf 89' lang='lat' dir='ltr'>et</span> <span class='ocrx_word' id='word_1_289' title='bbox 1221 2016 1324 2058; x_wconf 84' lang='lat' dir='ltr'>facta</span> <span class='ocrx_word' id='word_1_290' title='bbox 1343 2013 1540 2072; x_wconf 84' lang='lat' dir='ltr'>judicati,</span> <span class='ocrx_word' id='word_1_291' title='bbox 1572 2015 1620 2055; x_wconf 88' lang='lat' dir='ltr'>de</span> <span class='ocrx_word' id='word_1_292' title='bbox 1642 2027 1727 2068; x_wconf 92' lang='lat' dir='ltr'>quo</span> <span class='ocrx_word' id='word_1_293' title='bbox 1746 2029 1898 2070; x_wconf 80' lang='lat' dir='ltr'>provo-</span> 
     </span>
     <span class='ocr_line' id='line_1_31' title="bbox 436 2072 1896 2142; baseline -0.015 -11"><span class='ocrx_word' id='word_1_294' title='bbox 436 2102 581 2136; x_wconf 83' lang='lat' dir='ltr'>catur,</span> <span class='ocrx_word' id='word_1_295' title='bbox 610 2084 863 2142; x_wconf 79' lang='lat' dir='ltr'>exequutio,</span> <span class='ocrx_word' id='word_1_296' title='bbox 890 2095 979 2122; x_wconf 88' lang='lat' dir='ltr'>non</span> <span class='ocrx_word' id='word_1_297' title='bbox 1011 2078 1082 2118; x_wconf 87' lang='lat' dir='ltr'>erit</span> <span class='ocrx_word' id='word_1_298' title='bbox 1115 2088 1305 2116; x_wconf 84' lang='lat' dir='ltr'>attentata</span> <span class='ocrx_word' id='word_1_299' title='bbox 1331 2106 1345 2131; x_wconf 71' lang='grc'>,</span> <span class='ocrx_word' id='word_1_300' title='bbox 1381 2087 1428 2115; x_wconf 92' lang='lat' dir='ltr'>ut</span> <span class='ocrx_word' id='word_1_301' title='bbox 1463 2087 1513 2114; x_wconf 86' lang='lat' dir='ltr'>ex</span> <span class='ocrx_word' id='word_1_302' title='bbox 1552 2072 1725 2126; x_wconf 84' lang='lat' dir='ltr'>antiquo</span> <span class='ocrx_word' id='word_1_303' title='bbox 1757 2072 1896 2116; x_wconf 64' lang='lat' dir='ltr'>Edicto</span> 
     </span>
     <span class='ocr_line' id='line_1_32' title="bbox 436 2132 1896 2191; baseline -0.018 -2"><span class='ocrx_word' id='word_1_304' title='bbox 436 2148 531 2189; x_wconf 74' lang='lat' dir='ltr'>anni</span> <span class='ocrx_word' id='word_1_305' title='bbox 551 2146 679 2187; x_wconf 87' lang='lat'>1661.</span> <span class='ocrx_word' id='word_1_306' title='bbox 705 2154 870 2186; x_wconf 83' lang='lat' dir='ltr'>testatur</span> <span class='ocrx_word' id='word_1_307' title='bbox 899 2141 996 2179; x_wconf 83' lang='lat' dir='ltr'>Rota</span> <span class='ocrx_word' id='word_1_308' title='bbox 1023 2135 1097 2191; x_wconf 78' lang='lat'>(3)</span> <span class='ocrx_word' id='word_1_309' title='bbox 1128 2146 1139 2173; x_wconf 90' lang='lat'><strong>:</strong></span> <span class='ocrx_word' id='word_1_310' title='bbox 1165 2134 1353 2189; x_wconf 82' lang='lat' dir='ltr'>agebatur</span> <span class='ocrx_word' id='word_1_311' title='bbox 1388 2132 1496 2174; x_wconf 89' lang='lat' dir='ltr'>enim</span> <span class='ocrx_word' id='word_1_312' title='bbox 1528 2133 1571 2174; x_wconf 84' lang='lat' dir='ltr'>in</span> <span class='ocrx_word' id='word_1_313' title='bbox 1596 2147 1644 2174; x_wconf 90' lang='lat' dir='ltr'>eo</span> <span class='ocrx_word' id='word_1_314' title='bbox 1679 2132 1896 2175; x_wconf 66' lang='lat' dir='ltr'>Tribunafi</span> 
     </span>
     <span class='ocr_line' id='line_1_33' title="bbox 435 2190 1893 2261; baseline -0.012 -11"><span class='ocrx_word' id='word_1_315' title='bbox 435 2207 638 2261; x_wconf 84' lang='lat' dir='ltr'>quaedam</span> <span class='ocrx_word' id='word_1_316' title='bbox 672 2216 789 2244; x_wconf 76' lang='lat' dir='ltr'>causa</span> <span class='ocrx_word' id='word_1_317' title='bbox 809 2196 1023 2240; x_wconf 81' lang='lat' dir='ltr'>Bononien.</span> <span class='ocrx_word' id='word_1_318' title='bbox 1036 2194 1230 2236; x_wconf 75' lang='lat' dir='ltr'>censuum</span> <span class='ocrx_word' id='word_1_319' title='bbox 1247 2223 1260 2241; x_wconf 85' lang='lat'>‚</span> <span class='ocrx_word' id='word_1_320' title='bbox 1279 2205 1317 2235; x_wconf 93' lang='lat' dir='ltr'>et</span> <span class='ocrx_word' id='word_1_321' title='bbox 1344 2207 1475 2249; x_wconf 84' lang='lat' dir='ltr'>quum</span> <span class='ocrx_word' id='word_1_322' title='bbox 1501 2194 1551 2235; x_wconf 87' lang='lat' dir='ltr'>ab</span> <span class='ocrx_word' id='word_1_323' title='bbox 1574 2194 1626 2235; x_wconf 82' lang='lat' dir='ltr'>A.</span> <span class='ocrx_word' id='word_1_324' title='bbox 1647 2190 1691 2233; x_wconf 90' lang='lat' dir='ltr'>C.</span> <span class='ocrx_word' id='word_1_325' title='bbox 1725 2192 1893 2236; x_wconf 84' lang='lat' dir='ltr'>fuissent</span> 
     </span>
     <span class='ocr_line' id='line_1_34' title="bbox 438 2251 1896 2313; baseline -0.012 -5"><span class='ocrx_word' id='word_1_326' title='bbox 438 2266 658 2307; x_wconf 85' lang='lat' dir='ltr'>declaratae</span> <span class='ocrx_word' id='word_1_327' title='bbox 703 2259 834 2302; x_wconf 89' lang='lat' dir='ltr'>nullae</span> <span class='ocrx_word' id='word_1_328' title='bbox 870 2256 1071 2313; x_wconf 85' lang='lat' dir='ltr'>quaedam</span> <span class='ocrx_word' id='word_1_329' title='bbox 1117 2251 1388 2309; x_wconf 77' lang='lat' dir='ltr'>impositiones</span> <span class='ocrx_word' id='word_1_330' title='bbox 1429 2266 1625 2295; x_wconf 88' lang='lat' dir='ltr'>censuum</span> <span class='ocrx_word' id='word_1_331' title='bbox 1658 2282 1671 2301; x_wconf 81' lang='grc'>,</span> <span class='ocrx_word' id='word_1_332' title='bbox 1707 2252 1833 2293; x_wconf 87' lang='lat' dir='ltr'>factae</span> <span class='ocrx_word' id='word_1_333' title='bbox 1874 2266 1896 2294; x_wconf 87' lang='lat' dir='ltr'>a</span> 
     </span>
     <span class='ocr_line' id='line_1_35' title="bbox 444 2311 1896 2371; baseline -0.01 -3"><span class='ocrx_word' id='word_1_334' title='bbox 444 2323 649 2369; x_wconf 71' lang='lat' dir='ltr'>Vincentio</span> <span class='ocrx_word' id='word_1_335' title='bbox 682 2322 923 2363; x_wconf 76' lang='lat' dir='ltr'>Marescotzo</span> <span class='ocrx_word' id='word_1_336' title='bbox 963 2315 1100 2359; x_wconf 88' lang='lat' dir='ltr'>favore</span> <span class='ocrx_word' id='word_1_337' title='bbox 1143 2311 1437 2371; x_wconf 81' lang='lat' dir='ltr'>Assumptorum</span> <span class='ocrx_word' id='word_1_338' title='bbox 1485 2311 1674 2354; x_wconf 76' lang='lat' dir='ltr'>Abbatiae</span> <span class='ocrx_word' id='word_1_339' title='bbox 1726 2312 1896 2354; x_wconf 80' lang='lat' dir='ltr'>Sancto-</span> 
     </span>
    </p>

    <p class='ocr_par' dir='ltr' id='par_1_6' title="bbox 1812 2384 1896 2413">
     <span class='ocr_line' id='line_1_36' title="bbox 1812 2384 1896 2413; baseline -0.012 0"><span class='ocrx_word' id='word_1_340' title='bbox 1812 2384 1896 2413; x_wconf 85' lang='lat' dir='ltr'>rum</span> 
     </span>
    </p>
   </div>
   <div class='ocr_carea' id='block_1_3' title="bbox 442 2441 1896 2466">
    <p class='ocr_par' dir='ltr' id='par_1_7' title="bbox 442 2441 1896 2466">
     <span class='ocr_line' id='line_1_37' title="bbox 442 2441 1896 2466; baseline -0.012 1"><span class='ocrx_word' id='word_1_341' title='bbox 442 2441 1896 2466; x_wconf 44' lang='grc' dir='ltr'>*ᾔῇψ---ῇ-</span> 
     </span>
    </p>
   </div>
   <div class='ocr_carea' id='block_1_4' title="bbox 446 2503 1852 2598">
    <p class='ocr_par' dir='ltr' id='par_1_8' title="bbox 446 2503 1852 2598">
     <span class='ocr_line' id='line_1_38' title="bbox 487 2503 1796 2550; baseline -0.008 -7"><span class='ocrx_word' id='word_1_342' title='bbox 487 2512 538 2550; x_wconf 84' lang='lat'>(1)</span> <span class='ocrx_word' id='word_1_343' title='bbox 562 2511 820 2544; x_wconf 73' lang='lat' dir='ltr'>necis-Civitatis</span> <span class='ocrx_word' id='word_1_344' title='bbox 840 2506 980 2546; x_wconf 73' lang='lat' dir='ltr'>castelli,</span> <span class='ocrx_word' id='word_1_345' title='bbox 995 2505 1143 2540; x_wconf 80' lang='lat' dir='ltr'>bonorum</span> <span class='ocrx_word' id='word_1_346' title='bbox 1235 2504 1290 2544; x_wconf 91' lang='lat'>(2)</span> <span class='ocrx_word' id='word_1_347' title='bbox 1313 2507 1361 2535; x_wconf 87' lang='lat' dir='ltr'>De</span> <span class='ocrx_word' id='word_1_348' title='bbox 1378 2505 1463 2535; x_wconf 83' lang='lat' dir='ltr'>citat.</span> <span class='ocrx_word' id='word_1_349' title='bbox 1472 2512 1510 2545; x_wconf 88' lang='lat' dir='ltr'>p.</span> <span class='ocrx_word' id='word_1_350' title='bbox 1524 2512 1553 2545; x_wconf 83' lang='lat'>3.</span> <span class='ocrx_word' id='word_1_351' title='bbox 1565 2513 1643 2536; x_wconf 77' lang='lat' dir='ltr'>vers.</span> <span class='ocrx_word' id='word_1_352' title='bbox 1659 2503 1771 2535; x_wconf 80' lang='lat' dir='ltr'>citatio</span> <span class='ocrx_word' id='word_1_353' title='bbox 1788 2523 1796 2531; x_wconf 89' lang='lat'><em>.</em></span> 
     </span>
     <span class='ocr_line' id='line_1_39' title="bbox 446 2548 1852 2598; baseline -0.009 -9"><span class='ocrx_word' id='word_1_354' title='bbox 446 2566 549 2591; x_wconf 76' lang='lat' dir='ltr'>coram</span> <span class='ocrx_word' id='word_1_355' title='bbox 571 2556 761 2598; x_wconf 77' lang='lat' dir='ltr'>Bevilacqua</span> <span class='ocrx_word' id='word_1_356' title='bbox 773 2576 784 2586; x_wconf 90' lang='lat'>.</span> <span class='ocrx_word' id='word_1_357' title='bbox 1233 2551 1286 2591; x_wconf 87' lang='lat'>(3)</span> <span class='ocrx_word' id='word_1_358' title='bbox 1308 2549 1409 2582; x_wconf 81' lang='lat' dir='ltr'>Decis.</span> <span class='ocrx_word' id='word_1_359' title='bbox 1427 2548 1502 2580; x_wconf 83' lang='lat'>181.</span> <span class='ocrx_word' id='word_1_360' title='bbox 1522 2559 1554 2579; x_wconf 89' lang='lat' dir='ltr'>n.</span> <span class='ocrx_word' id='word_1_361' title='bbox 1572 2557 1604 2580; x_wconf 89' lang='lat'>2.</span> <span class='ocrx_word' id='word_1_362' title='bbox 1613 2557 1651 2591; x_wconf 85' lang='lat' dir='ltr'>p.</span> <span class='ocrx_word' id='word_1_363' title='bbox 1666 2557 1719 2587; x_wconf 84' lang='lat'>15.</span> <span class='ocrx_word' id='word_1_364' title='bbox 1737 2553 1852 2580; x_wconf 79' lang='lat' dir='ltr'>recent.</span> 
     </span>
    </p>
   </div>
  </div>
 </body>
</html>
