1993 3195
586 301 616 332 A
657 301 684 333 P
719 302 745 334 1’
783 303 806 335 E
847 301 880 334 Ν
922 304 956 335 D
995 306 1009 337 1
1047 305 1077 338 Χ
1534 318 1580 352 79

147 348 269 384 xxix.
321 344 483 380 Similiter
513 347 697 387 volumus,
726 350 818 392 quod
862 349 1053 384 Citationes
1085 352 1114 384 in
1150 352 1293 386 termino
1326 350 1468 396 amplius
1500 366 1584 390 exe-

102 396 157 444 qui
193 407 256 430 non
289 394 440 440 possint,
470 394 527 429 ubi
561 406 620 439 per
644 408 725 435 nos,
752 396 805 430 vel
834 396 879 430 D.
907 405 1056 431 nostrum
1084 399 1315 438 Auditorcm‚
1344 401 1448 434 fuerit
1467 402 1585 437 addita

101 444 258 481 Decretis
289 443 464 484 clausula,
494 451 526 477 et
559 445 724 490 amplius,
768 444 828 479 nisi
858 446 956 480 dictae
1000 446 1191 480 citationes
1224 448 1316 492 prius
1357 449 1485 483 fuerint
1520 462 1584 495 per

100 505 184 534 nOS,
211 492 263 528 vel
280 494 327 529 D.
354 503 503 527 nostrum
532 493 732 528 Auditorem
763 495 957 539 subscriptae
975 519 984 528 .

149 544 254 578 XXX.
306 542 454 576 Demum
486 542 723 587 praecipimus,
750 546 840 588 quod
872 544 1047 578 citationes
1080 555 1193 578 coram
1223 544 1360 584 Nobis,
1389 545 1442 579 vel
1461 547 1510 582 D.
1529 559 1586 582 no·

101 599 172 627 stro
201 591 368 625 Auditorc
403 591 432 624 in
460 591 582 625 Causis
614 592 836 635 pendentibus
867 592 899 627 in
931 592 1171 628 Tribunalibus
1200 593 1241 627 R.
1269 594 1314 628 C.
1347 595 1584 637 Apostolicae,

101 649 136 675 et
166 641 280 675 Curiae
310 638 475 684 Capitolii
493 663 502 678 ‚
531 651 595 673 non
624 641 853 685 recipiantur,
879 653 988 686 neque
1020 643 1258 682 attendantur,
1292 644 1351 677 sed
1378 643 1508 687 possint
1528 644 1587 679 irn-

103 701 192 735 pune
223 689 359 734 sperni,
389 688 538 732 exceptis
555 687 619 723 illis
633 690 672 723 ad
695 689 878 724 videndum
896 691 1056 726 declarari
1071 691 1216 726 Causam
1231 716 1241 731 ‚
1270 701 1303 727 et
1318 692 1445 727 Causas
1461 702 1589 737 specta-

102 749 137 773 re
165 738 205 772 ad
234 736 295 772 alia
308 736 520 775 Tribunalia‚
546 736 744 783 remittique
770 739 810 772 ad
834 738 915 773 alios
933 739 1094 780 judices.

152 786 277 822 XXXI.
330 785 416 833 Qae
444 786 578 823 omnia,
606 786 784 832 etsingula
803 787 1046 823 inviolabiliter
1073 787 1199 822 servari
1233 789 1418 830 volumus,
1447 799 1482 824 et
1500 801 1591 824 man-

102 836 247 875 damus,
276 847 383 879 neque
410 835 470 869 sub
494 835 615 880 quovis
645 844 806 879 praetextu
823 861 833 876 ,
859 849 956 871 causa
973 861 983 876 ‚
1015 835 1069 872 vel
1103 835 1245 876 colore,
1268 838 1340 872 sive
1374 839 1415 872 de
1445 839 1589 882 partium

104 896 291 923 consensu,
326 882 456 918 licitum
484 885 525 918 sit
558 884 791 919 contravenire
820 886 883 921 sub
915 886 1019 930 poenis
1044 884 1237 931 praedictis,
1264 896 1298 921 et
1328 886 1400 921 'aliis
1429 885 1590 933 graviori-

102 934 164 967 bus
183 932 321 968 arbitrio
338 942 451 968 nostro
468 931 650 967 indicendis
665 957 673 967 .
698 934 827 969 Datum
842 935 961 970 Romae
978 947 1021 970 ex
1036 933 1162 970 Palatio
1187 943 1308 970 nostrat
1327 935 1513 970 residentiae
1535 935 1590 970 die

108 982 333 1023 12.Januarii
368 992 473 1027 1731.

204 1034 249 1066 A.
278 1032 381 1066 Card.
412 1029 614 1065 Praefectus.

300 1085 342 1114 Ῥ.
370 1084 413 1112 Η.
445 1080 631 1124 Guglielmi
659 1081 834 1115 Auditor.

299 1131 348 1163 10.
378 1129 527 1173 Baptista
571 1130 801 1162 Constantinus
829 1129 994 1164 Archivit‘
1021 1134 1172 1172 Romanae
1201 1129 1302 1163 euriae
1325 1130 1495 1176 scriptor.

203 1176 389 1212 Audientia
422 1176 485 1209 erit
519 1176 637 1210 diebus
664 1178 788 1217 Lunae,
817 1187 849 1212 et
875 1178 991 1218 Iovis,
1020 1179 1101 1213 hora
1129 1178 1252 1218 solita,
1279 1188 1313 1212 et
1343 1187 1503 1213 consueta
1524 1201 1533 1217 ,
1559 1184 1593 1211 et

107 1228 219 1275 legent
247 1224 446 1269 infrascripti
476 1224 632 1259 Notarii.
1105 1224 1110 1229 '

205 1274 358 1318 Scriptor
385 1272 562 1307 Archivii.
935 1275 1071 1310 Notarii
1103 1274 1365 1310 Eminentissimi
1390 1274 1518 1310 Vicarii
1536 1298 1547 1310 .

202 1324 288 1359 Not.
318 1322 438 1357 Audit.
467 1322 647 1357 Camerae.
940 1325 1026 1358 Not.
1053 1325 1300 1358 Gubernatoris
1326 1323 1450 1358 Urbis.
1486 1344 1489 1346 -

203 1371 342 1406 Notarii
374 1372 495 1404 Rotae.
937 1373 1022 1407 Not.
1054 1373 1170 1408 Curiae
1198 1373 1331 1418 Burgi.

305 1418 367 1451 Die
391 1427 502 1452 autem
531 1421 664 1453 Veneris
693 1419 774 1453 hora
797 1421 955 1465 praedt'cta
968 1420 1078 1465 legent
1099 1443 1108 1454 .

207 1466 363 1512 Scriptor
388 1465 543 1500 Archivii
576 1466 608 1499 in
634 1466 899 1502 Criminalibus.

205 1514 343 1551 Notarii
370 1513 545 1548 Auditoris
573 1513 604 1548 in
633 1514 814 1550 Criminal.

206 1562 343 1599 Notarii
372 1562 634 1597 Eminentissimi
664 1564 792 1598 Vicarii
823 1565 854 1599 in
887 1563 1104 1599 Criminalib.

207 1610 344 1648 Notarii
376 1610 621 1645 Gubernatoris
648 1611 747 1645 Urbis
774 1612 806 1645 in
837 1612 1015 1649 Criminal.

209 1659 347 1697 Notarii
375 1659 492 1693 Curiae
517 1659 621 1703 Burgi
651 1659 682 1693 in
721 1659 899 1693 Criminal.

208 1709 349 1745 Notarii
383 1707 644 1742 Eminentissimi
669 1707 884 1742 Camerarii.

209 1756 349 1794 Notarii
379 1756 496 1790 Curiae
529 1756 754 1801 Capitolinae.

212 1807 256 1843 Et
282 1817 400 1842 omnes
427 1804 564 1840 Notarii
587 1804 730 1840 aliorum
761 1803 989 1839 Tribunalium
1007 1827 1017 1838 .

707 1903 770 1952 N.
807 1905 1021 1953 XXVIII..

238 2004 378 2052 Breve
401 1998 687 2050 Pontificiurn
720 2018 843 2070 super
875 1998 1168 2063 jurisdictione
1196 1998 1502 2051 Excellentiss.‚

406 2075 689 2138 Magistratus
712 2076 915 2122 Romanis
942 2078 986 2122 in
1022 2078 1108 2138 ejus
1139 2074 1287 2123 Feudis
1305 2110 1326 2123 a

534 2194 913 2239 CLEMENS
963 2195 1049 2224 ῬῬ.
1106 2197 1198 2226 arn.

583 2242 645 2273 Ad
670 2241 820 2280 futuram
849 2241 898 2274 rei
924 2241 1145 2277 memoriam.

127 2336 317 2423 Exponi
350 2336 458 2372 Nobis
487 2347 595 2382 nuper
622 2335 775 2370 fecerunt
802 2333 917 2369 dilecti
948 2334 1026 2369 Filii
1058 2335 1326 2372 conservatores
1358 2335 1486 2375 Urbis,
1518 2336 1616 2380 quod*

222 2388 282 2433 ipsi
307 2397 424 2431 utpote
451 2385 720 2426 iurisdictionem
753 2383 977 2429 temporalem·
1020 2384 1051 2418 in
1082 2385 1212 2419 Castris
1243 2411 1254 2426 ,
1284 2395 1316 2419 et
1337 2385 1458 2419 Terris.
1481 2383 1612 2430 Populn

124 2437 178 2471 Ro
193 2449 290 2471 mano
323 2438 477 2474 subiectis
508 2444 728 2473 exercentes,
753 2433 943 2468 facultatem
971 2434 1091 2467 babent
1120 2434 1346 2479 cognoscendi
1375 2444 1434 2479 per
1456 2432 1611 2477 seipsos,

124 2496 183 2520 aut
206 2488 245 2519 ab
270 2485 316 2519 eis
349 2486 526 2527 deputatos
552 2495 668 2517 omnes
698 2483 825 2516 Causas
856 2481 887 2516 in
915 2484 1020 2526 gradu
1061 2483 1294 2526 appellationis
1327 2507 1338 2523 ‚
1374 2492 1407 2517 et
1431 2493 1612 2519 recursus,
1646 2502 1652 2509 ·

125 2534 185 2581 qui
211 2546 269 2580 per
297 2532 452 2568 subditos
480 2533 681 2567 Castrorum
700 2554 711 2572 ,
738 2540 771 2565 et
801 2531 980 2566 Terrarum
1011 2532 1205 2571 hujusmodi
1239 2533 1280 2567 ad
1307 2532 1441 2567 eosdem
1470 2532 1614 2566 Conser-

1519 2587 1622 2615 vatem
