2075 3167
435 290 490 333 90
702 275 779 321 DE,
809 274 947 322 JURE
981 275 1319 319 SIGNA‘IURAE
1350 273 1610 324 JUSTITIAE
1750 331 1759 340 ι

431 336 527 377 sima
553 333 790 380 neeessitatis
810 349 928 377 causa
948 336 1089 379 existat
1108 368 1120 386 ‚
1157 337 1269 378 aliam
1290 336 1538 379 concedendi
1561 343 1888 392 prorogationem
1908 344 1917 351 “

433 394 536 435 ultra
558 393 726 447 primam
741 425 754 443 ,
773 393 824 436 ita
846 409 891 436 ut
908 395 1017 438 aliter
1036 395 1121 437 fieri
1144 411 1224 437 non
1246 397 1385 454 possit,
1402 395 1630 436 citationem
1651 408 1725 446 pro
1745 406 1789 433 ea
1809 392 1884 456 ob-

433 452 599 494 ti'ncnda
634 453 810 510 primum
829 455 879 495 ab
899 454 1100 496 Auditorc
1118 488 1130 505 ,
1167 455 1348 497 secundo
1375 472 1395 496 a
1415 455 1585 495 Decano
1626 453 1804 509 ejusdem
1822 452 1885 491 St-

431 525 627 567 gnaturae
645 543 656 560 ‚
686 526 730 554 ac
754 515 950 569 postremo
968 517 1017 556 ab
1036 514 1361 556 Eminentissituo
1394 514 1591 554 Praefecto
1624 512 1783 578 propri-a
1818 524 1884 551 cu-

432 569 578 626 jusque
614 586 765 620 manu,
799 586 836 613 et
852 573 1060 613 occasione
1100 574 1226 615 dictae
1263 572 1528 620 necessitatis,
1561 586 1718 612 summo
1752 585 1839 635 jure
1869 601 1886 621 ‚

435 630 837 687 etextrajudicialiter
856 632 1156 686 cognoscendae
1176 664 1188 681 ,
1221 632 1551 675 subscribendam
1579 645 1656 671 esse
1677 661 1688 679 ‚
1721 642 1758 670 et
1774 629 1885 670 aliter

435 702 558 742 quam
574 688 759 743 superius
794 690 1039 747 praescripto
1060 692 1182 732 modo
1221 692 1486 732 transmissam
1505 722 1517 739 ,
1549 689 1699 731 nullarn
1717 721 1729 739 ,
1766 704 1810 731 ac
1830 690 1886 731 ir-

435 746 555 787 ritam
592 747 779 794 censeri,
824 762 896 788 nec
917 760 1108 791 attentata
1145 764 1338 798 causare,
1371 751 1411 791 in
1431 749 1571 790 eodem
1607 749 1731 806 capit:
1768 763 1885 806 prae-

432 805 625 860 scriptum
659 805 799 861 legitur
822 838 831 847 .
865 808 920 848 lta
941 822 1116 861 namque
1153 811 1412 850 crediderunt
1444 808 1720 865 sapientissimi
1755 810 1887 851 Patres

432 864 598 905 modum
617 866 882 921 praescribere
919 879 975 908 tot
993 869 1327 924 prorogationum
1355 868 1646 924 petitionibust,
1676 884 1733 909 res
1751 881 1886 909 tamen

434 922 583 963 nonita
612 938 650 964 se
674 923 814 965 habuit
830 954 842 971 ‚
875 939 923 965 ex
942 939 989 964 eo
1008 927 1236 980 praesertim
1258 955 1270 974 ‚
1306 926 1422 981 quod
1441 926 1652 968 Causidici
1691 927 1743 967 ad
1760 926 1887 967 dictas
1935 950 1938 955 ,

434 981 739 1033 prorogationes
772 981 965 1022 obsoletas
983 983 1246 1037 expiscaridas
1264 1014 1274 1030 ‚
1313 984 1552 1025 necessitatis
1576 998 1716 1025 causas
1736 983 1890 1026 inveni-

434 1050 476 1077 re
506 1050 588 1077 non
611 1036 858 1085 diffidentes,
887 1038 1046 1078 fastidio
1066 1041 1298 1083 afficiebant
1314 1040 1495 1096 quotidie
1515 1038 1595 1092 jam
1614 1042 1735 1083 dictas
1752 1057 1891 1099 perso-

433 1109 534 1143 nas,
569 1108 744 1148 quarum
767 1095 1006 1136 simultanea
1040 1098 1289 1152 subscriptio
1325 1099 1634 1154 requirebatur;
1667 1116 1748 1155 qua
1782 1102 1830 1142 de
1849 1116 1891 1143 re

428 1153 560 1194 Effius
580 1153 810 1194 Cardinalis
847 1153 992 1194 Nerius
1016 1155 1168 1197 Comini
1199 1171 1358 1199 matura
1378 1157 1690 1207 deliberatione3
1723 1160 1888 1215 praevio

435 1211 621 1251 unanimi
652 1225 770 1251 sensu
791 1209 970 1263 ejusdem
998 1214 1191 1271 Collegii,
1226 1231 1269 1256 ac
1287 1220 1393 1258 facto
1428 1218 1550 1257 verbo
1584 1232 1676 1257 curn
1695 1219 1886 1259 Pontifice

431 1269 509 1309 sub
528 1269 589 1310 die
611 1267 680 1310 26.
700 1269 918 1324 septembris
940 1285 1065 1327 1742.
1083 1303 1096 1321 ‚
1131 1274 1294 1323 statuit,
1328 1288 1374 1317 ut
1392 1274 1433 1314 in
1452 1287 1655 1329 posterum
1667 1275 1887 1333 praecipua

434 1342 533 1368 cura
567 1327 783 1369 Auditoris
801 1341 901 1370 esset
920 1360 932 1378 ‚
958 1331 991 1371 si
1013 1331 1145 1387 aliqua
1167 1331 1337 1388 legitima
1358 1365 1371 1383 ,
1409 1348 1455 1374 ac
1477 1334 1750 1388 urgentissima
1787 1350 1889 1377 cau-

431 1400 473 1426 sa
491 1399 581 1442 post
607 1387 807 1442 elargitam
832 1401 960 1434 unam
982 1402 1141 1431 tanturn
1174 1393 1497 1448 supersess‘oriam
1520 1420 1532 1437 ‚
1565 1404 1603 1433 et
1635 1395 1890 1450 prorogatio-

433 1457 525 1485 nem
545 1476 557 1493 ,
595 1445 876 1492 suboriretur,
911 1447 1029 1502 cujus
1046 1449 1224 1504 cognitio
1257 1449 1341 1503 ejus
1360 1451 1598 1507 prudentiae
1616 1450 1889 1496 demandatur

434 1503 648 1545 citationes
681 1502 905 1559 praedictas
932 1519 1005 1560 pro
1023 1507 1247 1548 obtinenda
1279 1509 1397 1550 altera
1416 1508 1700 1566 prorogatione
1720 1511 1891 1553 subscri-

429 1561 521 1602 bere
541 1594 553 1611 ,
583 1561 691 1602 nulla
713 1562 787 1603 alia
808 1561 985 1604 adhibita
1016 1565 1340 1621 subscriptione;
1368 1568 1409 1609 id
1428 1583 1523 1611 vero
1542 1569 1752 1611 observare
1771 1570 1890 1614 debet

428 1619 608 1662 Auditor
628 1652 641 1669 ,
675 1622 789 1676 quod
807 1620 1016 1664 citationes
1041 1625 1267 1681 praedictae
1287 1641 1362 1682 pro
1378 1626 1599 1669 obtinenda
1615 1629 1893 1671 extraordina-

434 1675 494 1719 ria
512 1678 799 1736 prorogatione
831 1683 1091 1737 praeventive
1124 1685 1380 1741 subsignatae
1397 1687 1478 1729 sint
1495 1688 1546 1729 ab
1563 1685 1728 1742 ipsomet
1752 1688 1892 1729 Audi-

434 1749 518 1778 tore
538 1768 552 1786 ‚
589 1752 682 1779 curn
700 1740 812 1781 solita
839 1739 1016 1782 clausula
1036 1771 1048 1790 ‚
1074 1744 1221 1799 poterit
1237 1745 1338 1803 legi,
1355 1760 1393 1788 et
1409 1761 1503 1788 cum
1537 1745 1790 1801 expressione
1816 1763 1893 1804 pro

426 1795 559 1853 prima
580 1824 593 1843 ,
625 1797 688 1837 vel
705 1799 868 1839 secunda
902 1799 983 1840 vice
999 1799 1116 1851 juxta
1135 1816 1360 1844 numerum
1391 1803 1727 1858 prorogationum
1745 1834 1758 1852 ‚
1775 1817 1892 1849 extra

431 1854 614 1897 ordinem
632 1854 848 1913 petitarum
867 1885 879 1903 ,
913 1871 962 1897 ne
985 1859 1144 1900 occasio
1157 1859 1275 1902 detur
1292 1860 1518 1916 obreptitits
1537 1861 1892 1906 circumventioni-

430 1913 531 1961 bus,
557 1929 659 1967 quas
677 1914 860 1957 Auditor
881 1914 988 1958 inter
1008 1917 1215 1969 assiduas,
1248 1931 1287 1960 et
1307 1920 1484 1960 difficiles
1499 1919 1562 1958 sui
1590 1921 1770 1960 muneris
1800 1935 1895 1975 par.

430 1982 487 2012 tes
518 1970 653 2013 subire
686 1985 817 2027 posset
835 1987 848 2023 3
869 1968 917 2015 ‘et
935 1974 1029 2030 alias
1053 1976 1183 2017 factae
1203 1976 1413 2018 citationes
1450 1974 1688 2027 hujusmodi
1720 1977 1887 2037 impune

429 2029 567 2086 sperni
601 2043 806 2084 possunt,
837 2033 1030 2089 nulloque
1064 2047 1185 2088 pacto
1211 2034 1478 2076 attendendae
1510 2047 1606 2076 sunt
1626 2065 1635 2074 .

546 2088 602 2129 Re
616 2089 735 2131 etiam
754 2091 894 2133 melius
913 2091 1140 2132 examinata
1166 2092 1274 2132 idem
1293 2093 1641 2136 Eminentissimus
1658 2094 1891 2141 Praefectus

432 2144 465 2186 C
463 2144 584 2187 orsini
599 2149 759 2190 recessit
778 2151 830 2189 ab
849 2163 897 2188 eo
910 2147 925 2197 ’,
946 2148 1063 2203 quod
1081 2147 1123 2190 in
1141 2149 1235 2207 Cap.
1261 2165 1299 2192 2.
1321 2151 1573 2195 Decrezorum
1591 2164 1788 2197 sratutum
1805 2157 1891 2199 sue-

429 2214 491 2246 rat
525 2206 666 2260 qu'oad
684 2205 809 2247 dictas
842 2208 1156 2262 supersessorias
1171 2239 1183 2258 ,
1214 2221 1253 2252 et
1271 2213 1576 2268 prorogationes
1611 2217 1891 2259 concedendas

432 2261 485 2302 ad
510 2275 580 2315 15.
599 2263 709 2313 dies3
742 2275 781 2306 et
797 2266 875 2307 sub
890 2265 995 2308 dicta
1014 2265 1077 2308 die
1096 2299 1109 2317 ‚
1143 2281 1189 2310 ac
1210 2283 1321 2311 anno
1339 2271 1549 2316 mandavit
1564 2304 1578 2321 ,
1599 2276 1713 2327 quod
1734 2276 1784 2316 ab
1801 2277 1891 2316 Au-

429 2318 557 2361 ditore
586 2321 714 2364 dictae
731 2325 1043 2378 supersessoriae
1062 2356 1074 2374 ‚
1106 2338 1146 2369 et
1163 2331 1467 2389 prorogationes
1486 2333 1766 2375 concedantur
1796 2334 1889 2377 rela-

431 2377 511 2422 tive
541 2379 592 2421 ad
611 2379 850 2437 Signaturas
868 2412 880 2431 ,
914 2399 1019 2439 quae
1047 2385 1251 2430 habentur
1270 2420 1280 2430 .

551 2439 770 2483 Concessis
796 2439 878 2496 jam
919 2458 940 2485 a
961 2443 1069 2487 dicto
1104 2444 1305 2490 Auditore
1331 2448 1523 2493 similibus
1548 2448 1886 2510 supersessoriis',

427 2508 465 2539 et
485 2500 878 2554 prorogationibus,
914 2504 1143 2548 cavendum
1183 2518 1271 2557 est,
1301 2521 1354 2549 ne
1372 2510 1593 2554 earundem
1633 2525 1787 2570 tempus
1818 2524 1884 2553 ex-

1799 2583 1889 2614 cur·
