1952 3167
363 329 448 374 208
631 322 710 366 DE
741 321 880 372 JURE
912 315 1254 363 SIGNATURAE
1286 314 1543 366 JUSTlTlAE

359 390 520 446 elapso,
554 398 677 427 causa
706 396 907 440 perempta
930 393 1136 429 remanet,
1167 390 1208 419 et
1238 391 1431 433 tanquam
1464 390 1620 419 mortua
1655 385 1818 434 reputa-⁴
1849 403 1852 405 >

359 463 449 498 turt,
473 460 521 487 ne
540 458 674 485 autem
697 443 793 483 illud
820 441 970 497 expiret
989 472 1000 489 ,
1037 452 1223 495 praesens
1241 436 1484 478 Commissio
1499 437 1714 480 adinventa
1744 449 1816 485 est,

357 521 441 562 qua
475 506 517 546 in
550 506 734 545 Romana
754 503 883 543 (juria
906 499 1049 555 petitur
1071 495 1202 536 fatalia
1231 495 1436 552 prorogari
1455 509 1468 543 ε,
1490 507 1528 535 et
1546 526 1558 543 ,
1590 510 1635 538 ut
1659 496 1814 538 facilius

360 564 545 622 petitioni
576 561 778 605 Tribunal
799 559 1037 615 Signaturae
1074 565 1262 602 annuat,
1289 552 1511 593 nonnullae
1529 555 1655 595 solent
1672 569 1812 596 causae

360 623 546 668 narrari,
579 637 682 675 quas
711 623 812 660 inter
832 618 1006 674 primum
1034 614 1196 656 obtinet
1223 612 1354 654 locum
1383 611 1440 653 illa
1459 643 1472 662 ,
1503 625 1643 667 nempe
1661 643 1673 661 ‚
1701 613 1815 666 quod

360 683 493 737 Judex
514 681 595 722 aliis
616 680 781 733 negotiis
796 675 1051 734 praepeditus
1066 673 1171 715 litem
1188 704 1199 721 ‚
1219 672 1265 712 de
1285 686 1366 726 qua
1389 685 1530 727 agatur
1545 671 1750 721 ‚definire‚
1767 686 1813 713 ae

363 742 552 798 expedire
571 727 755 794 nequivit
773 753 786 787 ·‚
820 749 995 790 aequum
1011 733 1118 774 enim
1135 745 1191 774 est
1210 763 1222 781 ,
1257 745 1299 772 ut
1317 745 1364 771 ex
1394 729 1499 772 facto
1517 730 1669 784 Judicis
1696 729 1814 772 fatale

366 816 450 842 non
470 814 632 847 currat,
650 797 760 850 juxta
780 807 932 839 textum
949 794 988 834 in
1008 793 1104 849 Cap.
1127 807 1180 832 ex
1197 788 1473 839 insinuatione,
1493 791 1674 845 illiusque
1695 789 1815 831 inter-

365 855 910 920 pretationem,quaellegitur
931 853 1042 910 apud
1058 853 1358 893 Mareliesanum
1379 849 1463 905 (1).
1478 848 1681 891 Narratur
1697 850 1818 890 etiam

369 918 590 971 aliquando
620 918 660 957 in
689 917 792 957 dicta
825 913 1120 954 commissione
1146 942 1158 960 ,
1192 910 1518 967 prorogationem
1547 938 1560 957 ,
1591 923 1640 949 ne
1680 909 1815 963 aliqua

366 976 522 1017 oriatur
550 973 767 1030 disputatio
801 987 853 1012 an
871 969 986 1011 fatale
1015 971 1162 1016 duret,
1198 970 1251 1009 ad
1277 967 1475 1008 cautelam
1492 967 1694 1023 impetrari
1714 997 1733 1014 ,ἶ
1759 965 1821 1007 vel

367 1031 606 1088 Litigat-ntem
623 1042 943 1088 pauperem.esse
961 1059 973 1076 ‚
1006 1027 1111 1068 itaut
1128 1027 1169 1066 in
1189 1025 1360 1067 termino
1390 1039 1552 1066 causam
1583 1025 1639 1065 ille
1658 1024 1823 1081 expedi-

367 1105 408 1133 re
445 1104 528 1130 non
563 1089 738 1146 potuerit
761 1089 815 1130 ob
841 1101 1018 1129 summas
1053 1099 1276 1142 expensas,
1303 1097 1406 1139 quae
1441 1083 1482 1124 in
1518 1083 1649 1126 Curia
1683 1085 1821 1133 fiunt,

367 1162 439 1191 aut
459 1149 512 1190 ob
545 1148 906 1206 impedimentum,
938 1144 1154 1192 fraudem,
1189 1145 1407 1198 dolumque
1426 1171 1438 1189 ‚
1466 1145 1615 1198 quibus
1643 1143 1821 1185 occasio-

369 1223 461 1250 nem
497 1208 648 1249 dederit
668 1209 760 1248 Pars
777 1221 824 1247 ex
856 1206 1022 1246 adverso
1041 1203 1195 1252 ,fatalia
1216 1202 1411 1259 expirasse
1431 1231 1439 1240 .
1476 1203 1706 1260 Exponitur
1737 1215 1821 1258 per-

367 1281 510 1323 saepe,
541 1266 756 1322 scripturas
789 1280 809 1306 a
842 1263 1075 1320 longinquis
1095 1262 1276 1317 partibus
1308 1260 1350 1300 in
1379 1274 1552 1316 tempore
1575 1260 1822 1302 transmissas

369 1340 454 1367 non
486 1323 604 1365 fuisse
622 1355 635 1373 ,
674 1323 892 1365 absentiam
911 1353 923 1370 ,
955 1321 1111 1363 aliudve
1147 1318 1449 1366 infortunium,
1493 1331 1565 1361 aut
1593 1332 1745 1361 caetera
1767 1318 1822 1359 le-

369 1384 503 1442 gitima
522 1383 806 1439 impedimenta
825 1412 837 1430 ,
854 1379 1115 1421 intercessisse
1135 1407 1148 1426 ‚
1176 1393 1280 1434 quae
1298 1377 1491 1419 omnibus
1507 1408 1520 1427 ‚
1537 1378 1601 1419 hic
1625 1391 1820 1420 terrarum

370 1442 598 1490 contitutis,
615 1442 775 1481 evenire
796 1440 836 1478 in
873 1440 955 1478 dies
973 1439 1099 1478 solent
1119 1466 1128 1475 .
1167 1439 1287 1492 Quae
1305 1435 1470 1489 quidem
1490 1450 1632 1477 causae
1653 1467 1666 1486 ‚
1699 1434 1821 1477 Corn-

370 1501 558 1544 missione
575 1499 805 1552 earumdem
822 1496 974 1536 intuitu
994 1497 1155 1536 obtenta
1177 1522 1190 1541 ⁵
1209 1493 1444 1549 neutiquam
1461 1495 1694 1550 probandae
1711 1507 1822 1544 sunt;

371 1560 476 1602 itaut
511 1558 683 1601 sufficiat
716 1556 795 1598 sola
832 1555 986 1595 illarum
1018 1553 1212 1601 assertio,
1245 1551 1360 1607 juxta
1395 1552 1610 1596 Mandosii
1658 1566 1824 1596 senten-

368 1617 488 1661 tiam.
761 1613 766 1618 ⁴

482 1678 537 1718 'In
571 1676 710 1718 eadem
740 1677 1036 1720 Commissione
1067 1678 1285 1734 apponitur
1315 1675 1494 1721 clausula
1512 1709 1525 1728 ,
1557 1689 1638 1733 qua
1659 1675 1819 1732 -petitur

370 1737 558 1779 mandari
588 1735 750 1789 Judiei,
784 1752 830 1780 ut
859 1737 972 1778 toties
990 1767 1002 1784 ,
1029 1740 1182 1795 quoties
1206 1735 1470 1794 opusfuerit,
1494 1734 1650 1789 fatalia
1675 1748 1823 1792 proro-

367 1810 469 1855 get3
500 1809 674 1838 attamen
709 1810 781 1851 pro
815 1796 903 1852 jure
929 1811 1034 1838 certo
1065 1791 1260 1838 habemus
1294 1809 1343 1836 ex
1374 1797 1636 1836 Marchesano
1667 1825 1680 1843 ,
1708 1791 1824 1850 quod

371 1859 495 1899 verba
525 1854 583 1896 illa
608 1851 719 1896 toties
732 1854 906 1910 quotieS,
937 1868 1043 1908 quae
1064 1853 1345 1896 tantummodo
1364 1866 1633 1911 apponuntur
1646 1866 1698 1895 2ut
1732 1852 1824 1910 plu-

372 1913 521 1956 timum
555 1914 596 1954 in
626 1912 996 1955 commissionibus
1031 1927 1140 1955 extra
1170 1911 1342 1953 Curiam
1370 1911 1587 1970 dirigendis
1613 1944 1626 1962 ,
1672 1924 1823 1968 semper

369 1973 488 2014 deleri
508 1973 692 2021 soleant,
726 1986 764 2015 et
781 1973 941 2014 illorum
969 1973 1056 2016 vice
1089 1971 1277 2029 adjicitur
1305 1970 1470 2012 arbitrio
1506 1973 1787 2027 sitoproroget
1809 1997 1817 2006 .

370 2030 501 2088 Quod
534 2032 701 2087 quidem
730 2031 938 2074 arbitrium
966 2047 987 2073 a
1006 2032 1092 2089 jure
1121 2030 1390 2086 regulandum
1409 2044 1498 2079 est,
1538 2045 1617 2077 ne,
1650 2039 1695 2068 ut
1712 2041 1821 2084 prae-

367 2092 561 2146 scriptum
597 2090 824 2145 reperitur,
857 2091 959 2133 ultra
988 2091 1091 2131 duas
1121 2090 1231 2131 vices
1254 2101 1531 2142 *prorogentur
1560 2103 1573 2136 ;
1610 2098 1837 2143 eapropter

370 2146 415 2188 in
452 2149 750 2190 Commissione
769 2147 1079 2202 exprimendum
1109 2145 1227 2184 etiarn
1250 2157 1309 2184 est
1330 2172 1343 2191 ,
1373 2159 1444 2201 per
1480 2159 1581 2201 quot
1595 2145 1699 2189 vices
1716 2143 1821 2185 fata-

373 2204 427 2246 lia
466 2218 681 2260 prorogata
711 2203 892 2252 fuerint3
923 2216 960 2244 et
990 2203 1031 2242 in
1051 2204 1125 2243 hac
1144 2202 1307 2243 materia
1326 2203 1622 2259 prorogationis
1638 2202 1821 2245 fatalium

374 2276 485 2306 extat
511 2262 715 2317 quaedam
743 2261 898 2302 sanctio
923 2261 1105 2317 Gregorii
1122 2273 1218 2303 xm.
1241 2292 1255 2310 ,
1284 2277 1335 2303 ne
1368 2263 1410 2302 in
1431 2263 1608 2304 secunda
1632 2261 1819 2304 instantia

372 2324 477 2374 ultra
504 2322 660 2363 tertiam
682 2319 806 2362 vicem
825 2333 1094 2376 prorogentur
1110 2350 1122 2368 ‚
1151 2335 1194 2361 ac
1214 2317 1450 2373 hujusmodi
1471 2321 1715 2364 Commissio
1729 2333 1819 2362 non

372 2380 488 2425 detur
509 2393 521 2429 ;
556 2378 600 2419 in
620 2378 718 2420 Rota
753 2392 885 2420 tamen
907 2378 1015 2419 aliter
1033 2391 1214 2421 servatur
1233 2409 1243 2420 .

1711 2439 1820 2483 Sub-

393 2508 1330 2529 ——-———-—————

405 2565 468 2605 (ι)
493 2569 527 2598 ln
538 2570 705 2603 commiss·
718 2571 954 2611 prorogationis
969 2567 1124 2609 fatalium
1143 2591 1151 2599 -
