2075 3167
464 225 514 309 ῗὶὸ
530 265 667 309 llamar
689 265 735 308 al
746 267 972 327 Licea-{indo
987 272 1133 330 Zapata
1151 306 1163 323 ‚
1181 292 1208 332 y
1227 277 1268 317 al
1283 278 1430 320 Doctor
1446 278 1630 334 corvaja!
1646 293 1708 320 sus
1732 277 1927 324 Relatores
1940 312 1955 332 ,

463 344 490 384 y
527 325 845 380 Referendarios,
873 346 899 386 y
934 333 980 372 de
1003 348 1045 373 su
1078 333 1275 392 Consejoy
1305 336 1465 378 Camerti
1492 354 1503 386 ς
1535 340 1754 393 eodemque
1783 352 1958 395 tempore

470 385 726 443 reprehendit
756 388 933 445 Gar31'am
968 392 1189 433 Toletanum
1222 394 1293 449 (t)
1312 424 1323 442 ,
1354 397 1424 451 qui
1460 397 1833 438 Referendariorum
1864 415 1956 440 mu-

471 461 550 489 nus
570 477 583 495 ³
614 458 651 487 et
669 446 846 490 officium
875 449 976 490 idem
996 449 1114 492 fuisse
1134 466 1323 503 testatum
1350 457 1462 509 quod
1485 458 1594 513 apud
1614 469 1708 497 suos
1729 457 1953 507 Escrivano,

469 518 490 545 e
504 507 667 547 Recetor
683 506 745 545 del
767 507 926 564 Consejo
947 509 1166 565 appellatur
1187 542 1194 551 .
1226 513 1399 554 Demum
1419 529 1507 564 post
1525 516 1664 573 scripta
1697 515 1842 555 fatetur
1869 516 1954 557 lau·

468 563 585 607 datus
619 565 887 608 Narbonensis
923 568 1126 624 perlegisse
1166 571 1310 613 librum
1346 566 1520 629 primum
1558 574 1663 621 ,luris
1692 573 1952 616 Ecclesiastici

464 623 658 666 Barbosae
678 623 780 678 (2),
808 624 916 668 etita
939 627 1124 670 didicisse
1141 660 1153 678 ‚
1181 644 1338 673 aetatem
1356 648 1433 675 esse
1455 643 1523 686 25.
1545 647 1747 674 annornm
1765 648 1812 675 ex
1833 633 1954 675 Con-⁴

463 680 673 725 stitutione
706 695 779 737 41.
820 683 920 727 Sixti
958 689 1010 728 V.
1029 717 1042 733 ,
1074 692 1352 744 etgratulatur
1372 692 1522 734 idcirco
1549 707 1691 749 parum
1720 694 1770 733 ab
1789 708 1833 733 ea
1873 692 1952 734 dif-

462 739 564 783 ferre
594 742 697 784 illam
714 774 726 792 ,
757 758 881 799 quam
900 747 950 788 ab
966 745 1080 790 initio
1100 748 1180 789 sola
1202 750 1354 792 ratione
1384 751 1485 794 duce
1511 752 1638 793 eidem
1669 752 1827 793 muneri
1846 767 1950 809 prae·

455 812 662 857 scripserat
681 833 691 843 .

574 862 644 902 Ad
663 865 841 905 semitam
874 867 1087 910 redeundo
1107 901 1119 919 ,
1156 881 1311 924 oportet
1340 870 1487 920 etiam,
1523 884 1569 914 ut
1597 871 1862 927 promovendi
1897 870 1950 911 ad

458 915 845 964 Referendariatum
865 924 905 964 in
935 926 1067 979 aliqua
1091 928 1245 984 publica
1264 928 1534 971 Universitate
1565 929 1704 970 studiis
1739 927 1955 983 Legalibus

454 975 592 1017 saltem
617 990 686 1033 per
708 978 1041 1035 quinquennium
1073 999 1234 1040 operam
1251 985 1462 1035 dederint,
1487 986 1529 1026 in
1549 986 1766 1040 eademque
1799 986 1954 1029 utrius-

458 1048 538 1087 que
571 1033 677 1081 ‚luris
709 1035 885 1079 lauream
903 1040 982 1080 sint
1009 1041 1139 1096 adepti
1162 1057 1173 1089 ;
1207 1056 1369 1082 annuos
1402 1040 1568 1099 insuper
1595 1043 1776 1092 reditus,
1801 1057 1848 1086 ut
1872 1045 1948 1086 ha-

453 1092 576 1135 beant
603 1092 704 1135 mille
724 1121 737 1140 ‚
754 1106 793 1137 et
811 1096 1082 1150 quincentum
1101 1112 1310 1141 scutorum
1342 1113 1531 1147 monmae,
1548 1099 1711 1157 pacifice
1728 1117 1946 1158 possessos,

453 1151 517 1192 vel
534 1153 553 1192 ἐι
571 1152 805 1206 parentibus
823 1182 835 1202 ,
860 1168 930 1198 aut
946 1158 1185 1214 propinquis
1202 1157 1333 1200 valide
1354 1159 1600 1216 assignat0s3
1628 1159 1668 1200 in
1687 1161 1763 1201 hac
1782 1162 1946 1204 demum

450 1210 636 1254 Romana
679 1211 809 1254 Curia
844 1228 914 1271 per
941 1216 1151 1259 biennium
1182 1218 1316 1260 saltem
1347 1217 1489 1262 versati
1519 1218 1700 1267 fuerint,
1735 1233 1772 1262 et
1807 1219 1945 1263 studio

450 1268 587 1325 praxis
613 1285 732 1327 penes
759 1271 933 1329 aliquem
956 1289 1003 1316 ex
1037 1277 1308 1320 Auditoribus
1338 1279 1452 1319 Rotae
1470 1310 1482 1327 ‚
1510 1278 1570 1320 vel
1606 1277 1702 1320 alios
1726 1280 1911 1323 Praelatos
1931 1309 1944 1329 ,

453 1327 654 1372 officiales
670 1361 683 1379 ,
714 1346 785 1373 seu
814 1332 1045 1377 Advocatos
1062 1336 1238 1387 eiusdem
1257 1335 1402 1379 Curiae
1420 1336 1559 1379 sedulo
1577 1336 1839 1381 incubuerint
1857 1369 1866 1379 .

572 1389 768 1432 Absoluta
789 1404 925 1448 postea
946 1393 1208 1449 inquisitione
1231 1395 1431 1438 antedicta
1449 1428 1461 1446 ,
1494 1407 1531 1437 et
1550 1395 1758 1452 diligenter
1785 1413 1944 1454 proces-

452 1460 501 1487 su
518 1449 538 1487 a
560 1448 736 1490 ponente
750 1480 763 1499 ‚
793 1450 874 1493 sive
892 1452 1082 1508 Delegato
1098 1453 1292 1497 instructo
1310 1484 1322 1502 ‚
1352 1455 1583 1498 relationem
1604 1455 1713 1504 fieri,
1729 1455 1843 1513 jussit
1860 1457 1944 1500 lau-

451 1504 572 1547 datus
591 1507 777 1551 Pontifex
798 1537 811 1557 ‚
847 1509 889 1550 in
924 1509 1132 1569 Collegio;
1169 1514 1236 1556 cui
1254 1514 1284 1556 si
1301 1513 1516 1558 videantur
1532 1517 1728 1573 probata,
1761 1531 1854 1571 quae
1871 1533 1944 1558 su-

448 1563 584 1620 perius
620 1567 823 1622 praemissa
841 1583 938 1613 sunt
958 1603 970 1621 ‚
997 1583 1095 1614 tunc
1122 1586 1322 1615 oratorem
1355 1574 1508 1616 admitti
1541 1576 1592 1616 ad
1611 1589 1777 1616 examen
1797 1606 1810 1624 ‚
1845 1576 1944 1618 assi-

449 1622 583 1677 gnatis
619 1625 691 1667 illis
710 1654 723 1673 ,
759 1640 805 1669 ut
837 1630 962 1670 moris
991 1644 1047 1672 est
1067 1660 1079 1679 ,
1111 1634 1273 1674 duabus
1297 1633 1685 1691 supplicationibus,
1723 1649 1793 1676 seu
1813 1633 1944 1676 Com-

449 1679 714 1726 missionibus
735 1700 870 1730 coram
891 1688 978 1745 ipso
992 1689 1175 1747 Collegio
1194 1693 1471 1748 proponendis
1488 1709 1500 1743 ς
1536 1707 1573 1735 et
1590 1693 1763 1735 subinde
1780 1706 1943 1750 peracto

450 1740 639 1782 examine
656 1773 668 1790 ‚
698 1742 728 1783 si
749 1743 928 1796 ejusdem
947 1749 1123 1790 Praefecti
1142 1782 1153 1798 ,
1174 1762 1296 1801 atque
1313 1751 1484 1803 collegii
1506 1779 1518 1796 ‚
1537 1766 1716 1803 quorum
1733 1752 1944 1794 eonscien-

448 1797 545 1839 tiam
567 1800 753 1844 oneravit
774 1832 786 1849 ‚
822 1803 946 1847 fuerit
983 1807 1177 1848 concordi
1210 1805 1365 1859 judicio
1396 1808 1640 1863 approbatus
1668 1837 1681 1853 ‚
1713 1810 1776 1851 vel
1806 1810 1942 1852 saltem

447 1869 517 1911 per
535 1857 637 1897 duas
669 1871 719 1897 ex
735 1859 862 1901 tribus
882 1863 1064 1915 partibus
1081 1878 1268 1906 votorum
1286 1893 1299 1910 ,
1332 1878 1437 1916 quae
1452 1875 1606 1903 secreto
1638 1879 1711 1918 per
1741 1864 1854 1906 fabas
1881 1868 1940 1909 al-

447 1914 519 1955 bas
536 1946 550 1963 ,
579 1927 618 1957 et
637 1915 769 1971 nigras
796 1917 966 1974 proferri
986 1920 1117 1963 voluit
1134 1951 1147 1968 ,
1182 1934 1280 1962 tunc
1310 1919 1534 1962 Praefectus
1564 1922 1730 1963 Summo
1754 1924 1936 1970 Pontifici

447 1973 586 2014 omnia
606 1974 781 2017 referens
797 2007 809 2026 ,
847 1977 957 2020 illum
978 1979 1312 2021 Referendarium
1329 1992 1407 2020 esse
1427 1978 1672 2029 declarabit,
1702 1997 1745 2024 ac
1774 1982 1814 2023 in
1836 1983 1937 2027 alio-

445 2044 538 2073 rum
573 2047 744 2074 numero
779 2034 954 2078 adscribi
983 2037 1227 2083 mandabit,
1263 2034 1452 2093 praestito
1486 2050 1617 2080 tamen
1648 2042 1760 2097 prius
1789 2041 1831 2083 in
1850 2043 1938 2101 ejus

445 2090 635 2133 manibus
663 2092 778 2135 solito
795 2094 1032 2146 Juramento
1051 2126 1061 2136 .

568 2149 676 2192 Hinc
691 2151 811 2193 hodie
830 2180 843 2198 ‚
871 2153 942 2208 qui
965 2154 1318 2198 Referendariatus
1348 2156 1579 2214 dignitatem
1601 2164 1755 2218 assequi
1783 2162 1938 2208 deside-

445 2222 543 2258 rat,
569 2222 704 2265 preces
744 2210 922 2267 primum
959 2213 1145 2256 Pontifici
1164 2215 1359 2272 porrigit,
1393 2217 1464 2271 qui
1499 2219 1704 2263 rescribit:
1738 2223 1939 2281 IlSig'nor

479 2288 481 2291 ·
1680 2296 1682 2298 ’
1830 2283 1930 2325 Car-

449 2348 1920 2380 u—*m—*—————

486 2407 548 2446 (1)
571 2410 606 2438 In
618 2411 758 2441 Lucerna
793 2411 985 2446 rubricarum
1004 2416 1098 2446 trium
1109 2424 1171 2457 po·
1215 2424 1273 2450 sat.
1290 2427 1450 2449 munerum
1477 2430 1507 2450 n.
1521 2422 1551 2451 6.

437 2451 598 2483 steriorum
625 2452 720 2485 libror
732 2465 785 2487 um
805 2457 884 2489 Codi
890 2459 934 2491 cis
952 2460 1011 2491 Tit.
1027 2459 1066 2490 de
1078 2468 1171 2497 exqu—
1248 2462 1314 2502 -(2)
1338 2465 1411 2506 Cap.
1427 2472 1481 2496 22.
1513 2475 1543 2495 n.
1556 2474 1590 2506 4.
