2075 3167
601 538 1130 590 IMPRIMATUR,

480 613 519 656 Si
554 613 757 658 videbitur
785 609 1059 654 Reverendiss.
1079 610 1120 649 P.
1140 607 1238 665 Mag
1274 611 1380 652 Sacri
1401 610 1479 652 Pal.
1499 606 1748 668 Apostolici.

989 689 1036 730 F.
1055 690 1095 729 X
1127 691 1287 736 Passuri
1306 691 1489 753 Arclziep.
1507 694 1653 736 Lariss.
1672 705 1718 734 ac
1742 688 1894 747 Vicesg.

1083 818 1313 854 ”ffi-”W’

483 884 696 1024 Quod
716 939 776 981 De
793 940 889 987 Jure
905 938 1134 998 Signaturae
1144 942 1315 990 Iustitia?
1336 943 1375 984 in
1397 944 1565 987 ordinem
1583 945 1740 991 redacto
1774 940 1929 981 Auctor

597 1031 603 1034 -
632 999 870 1041 clarissimus
887 1013 997 1038 anno
1025 1001 1151 1054 1756.
1171 1003 1441 1058 edidit‚‹›pus
1461 1004 1616 1044 cunctis
1644 1003 1685 1040 in
1718 997 1808 1039 foro
1838 1011 1929 1038 ver-

484 1058 671 1103 §antibus
701 1058 995 1104 necessarium,
1029 1071 1067 1098 et
1095 1073 1208 1097 nunc
1240 1058 1324 1105 eius
1343 1052 1928 1103 raritate’desideratissimum,

486 1133 616 1175 quum
639 1128 734 1157 esset
755 1114 896 1154 iterum
916 1113 1139 1162 edendum,
1158 1114 1213 1154 nil
1237 1127 1335 1154 sane
1356 1114 1585 1172 contingere
1605 1115 1742 1156 utilius
1760 1124 1929 1169 poterat,

488 1191 608 1231 atque
645 1171 946 1231 opportunius,
983 1186 1108 1224 quam
1140 1171 1257 1228 quod
1280 1173 1456 1229 ejusdem
1494 1174 1709 1216 doctissimi
1740 1171 1930 1214 Auctoris

485 1236 620 1277 studio
641 1232 815 1290 prodiret
838 1231 878 1270 in
908 1231 1035 1272 lucem
1053 1262 1065 1279 ‚
1084 1233 1236 1274 nedum
1269 1246 1378 1275 novo
1397 1233 1594 1290 digestum
1627 1233 1767 1274 ordine
1785 1263 1797 1280 ,
1833 1229 1934 1271 mul-

485 1308 608 1349 toque
643 1290 900 1333 additionum
931 1305 1072 1346 genere
1091 1292 1372 1340 cumulatum,
1407 1293 1475 1333 sed
1501 1305 1704 1349 quotquot
1737 1292 1932 1333 hactenus

487 1352 670 1411 prodiere
690 1351 741 1392 ad
774 1348 878 1389 illius
909 1350 1092 1406 Supremi
1117 1351 1357 1394 Tribunalis
1392 1353 1548 1406 praxim
1567 1382 1579 1400 ,
1613 1367 1658 1393 ac
1686 1349 1932 1405 jurisdictio·
1997 1348 1999 1350 ’

486 1427 583 1453 nem
609 1410 711 1452 scitu
751 1408 975 1450 necessariis
1013 1421 1180 1451 auctum
1209 1441 1221 1460 ,
1257 1411 1566 1468 absolutumque
1589 1443 1597 1451 .
1645 1410 1751 1452 Hinc
1771 1441 1782 1457 ‚
1801 1421 1933 1464 quum

485 1471 584 1512 illud
621 1470 672 1511 ita
711 1467 1027 1523 comperiissem‚
1050 1470 1274 1524 obsequens
1308 1470 1501 1512 mandato
1544 1470 1634 1512 Rffii
1668 1469 1794 1510 Patris
1825 1465 1936 1508 Sacri

485 1528 626 1569 Palatii
662 1525 881 1581 Apostolici
921 1526 1129 1581 Magistri,
1158 1528 1355 1584 simulque
1381 1530 1512 1577 nihil,
1544 1530 1658 1587 quod
1690 1527 1935 1569 orthodoxae

487 1585 608 1634 fidei,
644 1584 848 1629 moribus,
876 1599 918 1625 ac
940 1584 1091 1640 legibus
1105 1587 1363 1638 adversetur,
1395 1587 1439 1629 in
1469 1604 1516 1630 eo
1551 1591 1719 1646 reperire
1751 1586 1935 1627 mihida-

488 1657 576 1688 tum
606 1644 684 1690 sit,
714 1658 760 1684 ex
797 1641 933 1683 animo
946 1658 1118 1693 censeo,
1154 1661 1238 1688 non
1272 1662 1350 1689 esse
1389 1649 1558 1705 amplius
1573 1645 1846 1702 expetentium
1866 1658 1933 1686 vo-

487 1705 535 1746 tis
564 1702 867 1750 fraudandum,
901 1716 949 1741 ne
983 1717 1108 1757 quam
1126 1705 1243 1746 citius
1275 1706 1357 1747 fieri
1394 1707 1543 1763 possit,
1572 1705 1776 1764 publicam
1799 1699 1940 1760 adspiff

494 1763 572 1807 ciat
601 1762 728 1805 lucem
749 1793 757 1801 .
791 1763 850 1802 Ex
878 1760 974 1802 meis
993 1761 1172 1807 Aedibus
1203 1766 1278 1806 hac
1301 1765 1365 1806 die
1381 1766 1422 1806 8.
1446 1767 1546 1808 Maii
1573 1768 1696 1822 1789.

733 1845 869 1900 Ioseph
885 1843 1090 1887 Mamilius
1103 1847 1134 1887 C
1134 1845 1278 1902 isit-iani
1293 1847 1333 1888 in
1348 1847 1466 1889 Rom.
1486 1845 1517 1888 C
1519 1843 1606 1887 uria
1622 1844 1850 1884 Advocatus
1861 1859 1875 1881 a

1095 1975 1326 2012 &uk-J*

593 2091 1156 2135 *JMPRJMATUR
1806 2078 1821 2108 ⁶?

495 2167 559 2211 Fr.
577 2164 756 2210 Thomas
773 2161 908 2207 Maria
926 2161 1181 2210 Mamachius
1199 2157 1300 2204 Ord.
1321 2158 1453 2206 Praed.
1475 2158 1662 2205 Sae.Pa1.
1683 2157 1762 2218 Ap.
1785 2154 1908 2218 Mag
