1993 3195
682 344 1614 409 CAPUT11.·105

147 421 377 458 curatores,
397 407 496 449 dum
533 419 610 462 pro
643 405 866 448 mutatione
902 407 1092 449 Ponentis
1128 404 1364 451 instantiam
1397 422 1611 465 promove

146 472 276 517 bunt,
309 481 346 509 et
371 467 510 509 eadem
531 466 593 506 die
611 464 775 507 Sabbati
793 465 1185 524 interpellationem,
1220 480 1265 511 ut
1281 481 1402 524 supra
1421 471 1612 525 praescri-

145 543 277 589 ptam,
307 527 435 568 facere
469 525 737 591 neglexerint

261 588 310 629 Et
326 586 421 643 quia
442 585 689 641 aliquando
680 599 722 624 m
736 584 888 626 Causis
907 586 1123 628 ordinariis
1140 587 1380 631 obtinentur
1401 586 1608 631 Commisa

143 648 305 697 siones,
336 659 438 702 quae
459 645 501 686 in
535 659 690 686 camera
720 644 770 684 ab
791 645 1122 689 Eminentissimo
1145 647 1344 689 Praefecto
1375 646 1605 703 signantur,

143 721 327 765 quaeque
348 705 598 762 appellantur
627 715 723 746 sotto
756 705 906 754 banca,
944 719 988 748 ut
1020 707 1206 763 superius
1240 706 1444 755 diximus3
1482 708 1522 747 in
1560 709 1606 749 iis

147 769 179 811 si
213 768 344 808 dolose
372 764 525 820 aliquid
550 776 785 806 enarratum
809 764 884 814 sit,
910 766 972 807 vel
989 766 1189 808 clausulae
1206 799 1219 816 ,
1254 781 1359 823 quae
1386 764 1462 806 de
1451 781 1539 818 jure
1561 780 1608 807 ac

145 826 235 871 stilo
266 824 529 883 apponendae
565 836 692 866 essent
718 854 731 872 ,
767 823 954 867 deficiant
986 857 1000 874 ,
1032 839 1188 882 oportet
1216 825 1373 866 illa1um
1414 827 1607 867 remana-

142 888 294 931 tionem
310 884 559 943 expostulare
592 884 633 923 in
659 882 776 939 plena
804 884 1050 940 Signatura·
1040 917 1052 934 ‚
1095 900 1133 927 et
1165 898 1263 927 tunc
1283 884 1604 926 commissiones

143 945 438 990 reformatoriae
467 956 756 1000 proponuntur
787 944 929 985 eodem
946 944 1114 991 ordine,
1149 960 1193 986 ac
1229 945 1316 985 illae
1343 959 1448 998 quae
1477 945 1606 985 reior-

145 1006 334 1048 matoriae
362 1016 458 1046 sunt
485 1004 647 1045 alterius
665 1002 953 1045 commissionis
972 1034 984 1051 ‚
1018 1019 1039 1044 a
1060 1005 1275 1059 Signatura
1310 1006 1432 1059 plena
1469 1005 1606 1058 signa-

145 1079 207 1109 tae
228 1095 237 1104 .
260 1065 303 1105 ld
324 1064 606 1105 tantummodo
638 1074 805 1102 cautum
822 1063 1013 1116 reperitur
1047 1063 1087 1102 ἱη
1110 1062 1405 1115 Reformatione
1427 1062 1610 1102 Tribuna-

143 1125 235 1167 lium
273 1122 500 1163 Urbisanni
526 1122 598 1162 161
615 1136 648 1160 1.
672 1119 744 1173 (ι)
764 1151 776 1168 ,
806 1134 849 1161 ut
865 1136 1027 1176 quuum
1041 1135 1183 1177 agatur
1215 1123 1262 1162 de
1297 1121 1578 1161 reformatione
1598 1148 1614 1167 ,

141 1182 222 1223 sive
254 1179 531 1218 moderatione
549 1179 728 1230 ejusdem
758 1180 1060 1242 praeinsertae,
1081 1180 1193 1217 nullo
1213 1193 1330 1233 pacto
1359 1194 1380 1217 a
1401 1180 1607 1220 traetccto

140 1239 378 1308 Signaturae
409 1233 589 1282 justitiae
621 1233 772 1289 signari
801 1234 974 1281 debeat,
992 1235 1064 1276 nisi
1099 1250 1246 1275 nomen
1270 1236 1572 1276 Referend2rii
1562 1251 1607 1278 in

140 1299 223 1356 ipsa
242 1308 488 1363 praetnserta
513 1307 742 1350 appositum
759 1292 893 1342 fueris,
909 1295 1106 1335 rationem
1126 1310 1220 1336 vero
1240 1296 1368 1336 reddit
1387 1295 1609 1338 eademmet

144 1355 399 1399 constitutio
416 1352 726 1394 Reformationis
743 1351 1062 1401 Tribunalium,
1082 1367 1155 1399 ut,
1176 1369 1346 1420 nempe,
1360 1353 1611 1395 {referenda-

145 1415 328 1471 rius‚qui
356 1414 484 1455 eidem
503 1428 650 1453 manus
667 1412 854 1467 apposuit
872 1441 885 1459 ,
902 1428 1026 1468 quare
1047 1413 1100 1454 ita
1119 1427 1348 1454 commissm
1371 1413 1433 1452 illa
1450 1413 1608 1468 signata

140 1476 213 1524 sit,
231 1474 447 1528 Jusnficare
465 1486 614 1530 poss1t
645 1485 682 1512 et
701 1471 890 1519 demum,
917 1472 1190 1513 sicommissio
1220 1472 1431 1512 reformata
1451 1471 1604 1520 fuerit,

141 1533 496 1577 Eminentissimus
529 1530 753 1573 Praefectus
779 1545 906 1571 manu
937 1531 1088 1588 Regia,
1120 1543 1158 1572 et
1187 1530 1430 1587 exequutive
1459 1545 1605 1587 expen-

143 1610 208 1638 sas
234 1594 361 1636 factas
391 1593 434 1634 in
467 1590 748 1635 reformatione
778 1590 983 1632 restituere
1016 1590 1137 1632 faciat
1170 1618 1183 1638 ,
1218 1591 1298 1632 fine
1328 1589 1404 1633 litis
1439 1605 1602 1633 minime

116 1664 121 1669 ’
144 1668 388 1711 expectato.

260 1714 472 1757 Recensita
495 1715 712 1757 methodus
732 1713 1349 1761 trasmittendiCommissiones‚
1368 1724 1405 1754 et
1421 1710 1608 1753 intiman-

141 1773 181 1815 di
210 1775 529 1830 propositionem
548 1774 711 1816 Causae
742 1789 829 1815 non
846 1787 1055 1824 servatur,
1087 1789 1219 1830 quum
1246 1787 1385 1836 nempe
1405 1772 1537 1836 agitur
1556 1771 1606 1813 de

139 1846 210 1882 re,
240 1846 344 1886 quae
364 1831 599 1872 dilationem
634 1847 719 1872 non
743 1835 905 1896 patitur.
912 1865 924 1881 ‚
959 1833 1010 1873 sit
1031 1862 1044 1880 ‚
1076 1833 1244 1888 exempli
1274 1844 1402 1886 gratia
1434 1844 1476 1869 m
1496 1844 1607 1871 man-

141 1890 244 1933 datis
268 1887 509 1945 suspicionis
537 1888 689 1942 fugae3
718 1901 817 1929 tune
843 1889 968 1929 enim
983 1890 1014 1929 si
1047 1903 1186 1930 coram
1222 1889 1423 1930 Auditore
1458 1887 1605 1931 citetur

138 1963 214 2004 pro
233 1948 419 1989 habenda
435 1945 718 2001 supersessoria
737 1946 791 1986 ad
820 1944 1003 1988 effectum
1025 1948 1207 1991 adeundi
1235 1948 1395 2003 plenam
1413 1946 1609 2002 Signatu-

138 2020 255 2056 ram,
280 2019 330 2046 ex
347 2018 395 2044 eo
412 2017 510 2059 quia
526 2003 596 2043 fit
588 2004 776 2044 instantia
798 2004 838 2044 in
858 2006 1064 2048 audientia
1086 2006 1164 2047 diei
1195 2007 1304 2052 Jovis
1325 2034 1337 2051 ‚
1367 2017 1407 2047 et
1427 2018 1608 2063 tempus,

138 2063 430 2109 transmissioni
448 2061 776 2105 commissionum
794 2092 807 2110 ‚
834 2076 872 2105 et
890 2064 1133 2107 intimationi
1150 2064 1484 2122 propositionum
1500 2080 1612 2122 prae-

139 2126 360 2183 scriptum,
390 2122 567 2178 elapsum
585 2121 778 2178 reperitur
792 2153 809 2187 ,³
849 2125 901 2163 ne
922 2126 1012 2165 Pars
1031 2124 1196 2166 adversa
1217 2138 1399 2166 teneatur
1415 2138 1463 2165 ex
1489 2139 1611 2166 causa

141 2184 311 2243 legitime
341 2181 635 2224 transmittendi
655 2180 955 2223 commissiones
972 2183 1134 2223 alteram
1158 2184 1315 2240 plenam
1349 2183 1610 2239 Signaturarn

147 2258 349 2301 expectare
364 2272 376 2288 ‚
390 2257 427 2284 et
445 2255 490 2284 ut
516 2241 688 2283 omnino
704 2241 909 2298 negotium
926 2256 1178 2298 proponatur
1197 2243 1237 2282 in
1259 2243 1439 2298 proxima
1463 2244 1610 2301 Signa-

146 2316 258 2353 tur‚a
283 2305 468 2344 idemmet
493 2302 683 2349 Auditor,
702 2302 938 2358 deputando
958 2301 1119 2342 Causae
1134 2303 1384 2350 ponentem,
1398 2302 1576 2343 decernit
1590 2331 1605 2350 ,

147 2363 259 2417 quod
275 2361 505 2404 Commissio
539 2362 726 2402 habeatur
756 2376 830 2416 pro
852 2361 1108 2409 τιαηςιηίςεα,
1134 2363 1266 2402 Partes
1285 2377 1358 2416 pto
1386 2360 1574 2401 intimaris·
1591 2390 1608 2410 ,

147 2431 185 2462 et
203 2421 323 2463 Causa
347 2431 588 2479 proponatur
613 2419 653 2460 in
663 2420 845 2476 proxima
864 2421 1078 2479 Signatum
1091 2435 1168 2518 ger
1186 2421 1221 2459 R
1253 2420 1295 2458 Ρ.
1321 2418 1371 2456 D.
1391 2418 1447 2458 N.
1464 2419 1520 2459 N.
1558 2478 1589 2520 E

1591 2491 1608 2523 t

801 2549 1588 2565 --———-——

195 2612 248 2650 (ι)
272 2614 317 2643 De
341 2613 461 2654 Signat.
483 2611 600 2644 Gratiae
617 2619 646 2642 et
662 2611 799 2649 Iustitiae
822 2609 899 2642 n-8.
