1993 3195
620 339 657 383 C
704 342 745 380 A
792 343 821 381 Ρ
867 344 903 383 U
950 344 989 383 T
1058 346 1125 387 ΙΙΙ.
1510 365 1592 410 227

133 419 196 451 tus
219 398 369 460 proprii
387 411 472 439 non
500 410 628 441 servat
643 428 656 446 ,
683 397 831 441 citatur
850 400 901 442 ab
920 399 1168 444 Adversario
1188 403 1241 446 ad
1276 402 1446 463 legitime
1487 424 1598 453 com-

131 459 354 522 parendum
373 472 506 499 coram
533 456 673 504 Judice
692 487 705 506 ,
722 457 788 499 cui
820 458 968 501 directa
988 460 1235 503 Commissio
1263 477 1346 514 est3
1371 478 1408 507 et
1423 495 1434 513 ,
1452 466 1482 508 si
1501 483 1598 512 cum

130 519 247 564 viridi
266 518 369 575 pileo
388 531 471 558 non
489 529 718 573 compareat
735 548 748 565 ,
765 516 1062 561 Commissione
1083 534 1168 562 non
1191 522 1380 565 obstante
1397 554 1409 573 ,
1427 528 1598 569 manda-

129 590 169 621 ta
200 590 339 619 contra
367 578 498 632 ipsum
530 587 825 628 exequuntur,
853 577 975 619 et-ad
997 592 1171 621 caeteras
1202 592 1379 638 poenas,
1417 583 1459 625 in
1487 585 1596 628 dicto

128 650 242 678 motu
267 637 432 693 proprio
460 646 673 675 contentas
704 664 718 683 ,
750 637 1008 692 proceditur;
1042 653 1257 697 eapropter
1277 671 1291 690 ,
1323 656 1377 683 ne
1405 642 1497 698 quis
1533 644 1599 686 de-

128 693 228 736 ferre
251 694 379 736 viride
402 693 552 739 Pile-um
566 705 735 749 cogatur
754 722 767 740 ‚
794 692 1134 741 >commissionem
1151 714 1379 757 proponere
1399 701 1441 742 in
1461 702 1598 759 Signa-

130 767 220 796 tura
242 753 406 794 Gratiae
427 784 439 801 ‚
473 768 518 794 ac
543 752 585 792 in
606 752 668 792 illa
689 752 993 811 derpgationem
1013 757 1203 802 antedicti
1224 774 1359 804 motus
1379 762 1531 819 proprii
1550 762 1598 805 de

132 827 217 854 non
237 813 454 854 deferendo
474 811 625 868 pileum
645 841 658 859 ,
692 811 945 868 expostulare
960 813 1084 856 «debet
1104 844 1115 856 .
1374 813 1378 816 ’

249 873 299 912 Et
315 886 364 912 ex
386 886 434 913 eo
453 871 551 928 quia
579 870 825 913 Commissio
852 871 1041 914 cessionis
1059 874 1263 916 bonorum
1287 904 1300 923 ‚
1314 892 1409 920 cum
1431 877 1600 923 infamia

129 945 178 973 ex
208 930 405 972 delatione
437 931 527 988 pilei
551 929 691 972 viridis
714 929 937 983 conjuncta
966 943 1023 974 est
1039 963 1054 982 ‚
1076 932 1308 976 Nobilibus
1327 963 1340 982 ,
1367 952 1405 982 et
1430 939 1598 983 caeteris

132 989 309 1031 honestis
332 991 513 1045 personis
539 988 627 1030 dari
649 1005 734 1030 non
751 990 848 1032 solet
862 1021 874 1038 ‚
893 991 989 1045 quia
1008 1005 1195 1048 persaepe
1215 1006 1304 1033 eam
1325 1007 1408 1035 non
1426 1009 1594 1050 petunt;

131 1047 179 1089 iis
201 1063 374 1102 namque
395 1079 409 1097 ,
441 1062 573 1101 quum
607 1048 808 1090 nobilitati
842 1048 995 1104 aliquid
1027 1049 1291 1091 deferendum
1316 1052 1403 1102 sit,
1441 1054 1598 1097 dilatio-

131 1107 254 1147 nibus
273 1136 285 1154 ,
301 1106 381 1148 sive
401 1107 626 1149 moratoriis
641 1107 723 1162 jam
742 1106 858 1148 dictis
874 1139 888 1156 ,
905 1122 953 1149 ex
973 1107 1165 1165 Principis
1181 1108 1436 1166 indulgentia
1450 1143 1462 1161 ,
1479 1110 1595 1168 juxta

130 1177 257 1206 status
276 1194 288 1211 ‚
324 1179 362 1205 et
380 1165 471 1205 facti
491 1167 723 1219 qualitatem
743 1195 754 1210 ‚
786 1167 1038 1208 succurritur
1053 1197 1067 1215 ,
1097 1179 1136 1208 et
1155 1167 1327 1209 maxime
1346 1170 1377 1210 si
1407 1170 1509 1211 filias
1529 1171 1598 1211 haa

131 1224 255 1265 beant
274 1222 430 1263 nubiles
449 1253 462 1270 ,
490 1224 638 1276 quibus
662 1223 786 1276 patris
805 1222 968 1263 infamia
988 1223 1289 1279 praejudicium
1313 1226 1412 1268 illud
1444 1228 1595 1284 irroga-

129 1295 212 1328 ret,
228 1281 363 1321 virum
390 1295 472 1321 non
504 1280 739 1324 inveniendi
757 1296 769 1330 3
788 1280 964 1324 diximus
978 1282 1084 1325 enim
1105 1297 1127 1323 a
1146 1282 1332 1340 Principe
1351 1285 1595 1343 hujusmodi

131 1338 342 1380 dilationes
357 1339 698 1395 expetendasesse
717 1370 730 1387 ‚
761 1341 856 1395 quia
874 1342 1044 1395 gratiam
1061 1342 1281 1398 respiciunt
1299 1357 1310 1392 ;
1334 1345 1594 1403 ¹proindeque

129 1396 172 1439 in
194 1397 380 1439 facultate
410 1413 493 1439 non
529 1400 650 1440 habet
668 1397 851 1451 Justitiae
879 1400 1098 1456 Signatura
1118 1401 1207 1443 illas
1240 1404 1459 1445 concedere
1476 1436 1489 1453 ‚
1515 1419 1593 1446 nec

130 1455 212 1498 ullo
247 1471 433 1511 unquam
463 1470 582 1512 pacto
618 1458 669 1497 ab
687 1456 749 1496 illa
768 1459 1026 1506 rescribitur,
1059 1459 1137 1498 nisi
1169 1474 1191 1499 a
1211 1461 1395 1518 Principe
1416 1463 1502 1519 ipso
1533 1463 1593 1505 ei-

131 1515 221 1558 dem
240 1515 452 1572 peculiaris
468 1515 637 1556 facultas
652 1515 921 1557 demandetur
939 1546 951 1557 .

252 1574 496 1616 Dubitatum
516 1573 738 1631 aliquando
767 1572 847 1614 fuit
865 1605 877 1623 ‚
902 1589 960 1616 an
979 1573 1221 1618 Commi-ssio
1242 1573 1449 1621 Cessionis
1467 1581 1595 1623 bono-

130 1647 223 1676 rum
252 1648 272 1674 a
292 1633 457 1686 Judaeis
475 1633 673 1691 impetrari
689 1633 837 1691 possit.;
855 1649 960 1690 quae
976 1635 1142 1691 quidem
1161 1635 1364 1681 dubitatio
1382 1641 1433 1681 ab
1447 1654 1492 1680 ea
1511 1640 1594 1682 vul-

126 1693 214 1750 gari
241 1691 434 1749 opinione
462 1706 597 1735 ortum
626 1693 801 1743 habuit,
829 1693 1007 1747 Judaeos
1022 1709 1167 1751 nempe
1200 1728 1213 1746 ,
1238 1710 1441 1752 tanquam
1471 1697 1594 1739 Chri-

126 1752 260 1794 stiano
277 1751 435 1794 nomini
468 1752 749 1803 adversantes,
779 1754 830 1795 ab
852 1754 1042 1795 omnibus
1069 1754 1280 1813 privilegiis
1297 1787 1310 1805 ,
1335 1771 1363 1797 'a
1394 1756 1490 1809 Jure
1528 1756 1594 1798 in-

129 1809 256 1859 dultis
280 1839 295 1858 ,
326 1811 523 1852 arcendos
554 1825 636 1853 esse
650 1828 670 1861 ’ς
707 1825 888 1854 <attamen
920 1815 1207 1857 Marcloesanus
1233 1815 1313 1870 (1)
1341 1814 1593 1858 humanitate

130 1881 287 1911 summa
312 1880 405 1909 rem*
416 1874 579 1909 omnem
597 1868 779 1911 definivit
794 1897 806 1915 ,
841 1884 889 1909 eo
904 1870 1227 1927 jurisprincipio
1246 1873 1414 1916 innixus
1434 1902 1447 1922 ,
1476 1873 1592 1930 quod

130 1926 236 1969 sicut
252 1927 399 1980 Judaei
415 1927 504 1984 jure
529 1924 743 1970 communi
766 1939 976 1975 utuntur,
994 1941 1032 1969 et
1065 1929 1401 1988 ligantur,²juxta
1433 1947 1598 1975 sensum

127 1986 225 2043 Leg.
239 1987 387 2033 Iudaei
416 1987 582 2027 Roman.
603 1987 698 2042 Leg.
726 1999 840 2027 nemo
863 1987 1103 2034 Iudaeorum
1122 1989 1219 2030 cod.
1238 1991 1285 2030 cle
1294 1990 1454 2037 Iudaeis
1469 2021 1483 2040 ,
1510 1991 1563 2033 ita
1580 2022 1594 2042 ,

129 2058 262 2101 quum
274 2045 418 2086 eodem
433 2045 640 2087 communi
657 2044 744 2101 jure
764 2046 981 2089 miserabile
1001 2048 1189 2090 cessionis
1208 2048 1450 2091 beneficium
1468 2050 1596 2092 omni-

132 2103 210 2146 bus
237 2103 442 2145 indultum
460 2105 511 2146 sit
526 2135 540 2153 ,
568 2104 721 2146 *eisdem
740 2104 986 2161 denegatum
1001 2107 1152 2148 censeri
1180 2122 1264 2149 non
1286 2107 1430 2152 debeat
1452 2124 1464 2158 ;
1500 2108 1596 2151 alie—

135 2175 236 2204 num
252 2161 401 2221 quippe
419 2164 471 2206 ab
497 2162 746 2204 humanitate
764 2175 821 2204 est
835 2192 849 2211 ,
882 2164 916 2202 si
930 2177 1130 2218 tanquam
1163 2180 1333 2209 naturae
1357 2167 1566 2225 participes
1580 2196 1596 2217 ,

141 2233 186 2262 ae
211 2220 385 2279 proximi
411 2221 535 2264 nostri
556 2235 642 2263 non
660 2232 926 2278 reputentur;
957 2235 1084 2278 ¹prout
1112 2223 1444 2271 animadvertunt
1462 2227 1595 2270 Abbas

137 2275 179 2321 ἱη
199 2295 285 2340 cap.
306 2281 446 2332 sudaei
459 2299 500 2324 η.
518 2294 560 2336 3·
579 2294 617 2324 et
635 2281 759 2324 Natta
777 2279 820 2324 in
833 2279 915 2324 suis
937 2280 1116 2383 Consgliis
1134 2282 1206 2340 (2)
1224 2312 1235 2326 .
1467 2342 1507 2386 C

983 2342 1016 2383 F
1080 2355 1110 2384 .2
1510 2355 1598 2385 om-

923 2470 1394 2488 —1—0—

187 2527 242 2569 (1)
268 2529 341 2573 Cap·
359 2539 390 2562 2-
413 2539 497 2574 p-z.
593 2532 648 2574 (2)
674 2531 762 2564 Cons.
775 2539 830 2562 20.
