1952 3167
300 296 380 339 ¹4²
581 279 660 322 DE
685 279 820 328 JURE
848 278 1188 322 SIGNATURAE
1212 278 1468 328 JUSTITIAE

295 355 479 385 consensu
511 339 682 398 ipsarum
704 339 876 382 Par-tium
893 371 905 388 ‚
938 339 997 381 sin
1015 339 1140 381 minus
1157 354 1209 381 ex
1227 339 1359 394 Officio
1381 354 1394 389 ·‚
1425 351 1464 383 et
1484 338 1595 382 aliter
1628 339 1756 381 factas

299 401 642 458 subdelegationes
662 399 812 441 nullius
828 415 906 441 esse
929 399 1084 442 roboris
1100 431 1112 448 ,
1142 398 1358 442 declaravit
1377 429 1386 439 .

419 462 595 502 Demum
625 459 656 500 si
676 474 758 500 una
776 474 825 501 ex
850 459 1034 501 Partibus
1052 458 1366 514 collitigantibus
1393 456 1626 514 hujusmodi
1659 456 1759 497 cita·
1818 482 1829 490 -

295 520 447 563 tionem
480 520 711 576 impressam
743 550 756 568 ,
795 531 832 559 et
862 532 946 559 non
972 518 1237 574 subscriptam
1271 517 1417 573 exequi
1452 515 1586 557 fecerit
1624 528 1759 557 coram

298 579 622 622 Eminentissimo
639 578 878 635 Signaturae
895 576 1074 624 justitiae
1109 576 1309 618 Praefecto
1329 604 1342 622 ‚
1376 574 1436 620 vel
1455 574 1654 615 Auditore
1674 601 1687 618 ‚
1722 582 1762 614 et

303 639 424 682 altera
446 641 541 681 Pars
558 640 610 680 ita
629 638 750 679 citata
773 635 1041 692 comparuerit
1060 636 1101 677 in
1130 636 1225 677 actis
1246 634 1389 677 emissa
1415 647 1606 675 consueta
1629 644 1764 689 prote-

303 700 473 742 statione
495 728 507 745 ,
533 711 637 754 quae
656 696 805 738 dicitur
819 694 1025 752 Niltilfieri
1046 724 1058 742 ‚
1091 710 1140 737 ex
1158 694 1402 752 praescripto
1438 693 1620 734 laudatae
1643 689 1765 731 Con-

304 758 526 800 stitutionis
547 756 657 798 nulla
685 756 759 796 alia
785 755 922 796 similis
940 755 1078 800 citatio
1097 786 1110 804 ‚
1142 756 1324 796 eamdem
1359 753 1574 795 continens
1609 750 1767 791 instan-

263 870 266 873 ι
304 817 400 859 tiam
418 846 429 865 ,
466 832 570 872 quae
591 816 636 856 in
659 815 842 870 partibus
858 816 926 855 fiat
944 844 956 860 ,
989 828 1046 857 est
1062 815 1307 856 attendenda
1323 845 1334 864 ,
1362 812 1485 854 immo
1506 809 1675 867 impune
1690 840 1702 858 ,
1729 818 1768 849 et

306 879 458 931 absque
478 876 594 931 spolii
612 904 625 921 ‚
655 875 717 918 vel
736 887 1026 916 attentatorum
1044 873 1143 915 vitio
1158 873 1290 929 sperni
1311 885 1439 929 potest
1459 901 1468 910 .

427 935 572 976 Civitas
590 933 702 974 Nova
720 963 732 980 ‚
754 946 791 974 et
809 932 1019 987 Oppidum
1042 933 1198 973 Montis
1218 931 1418 980 Causarii,
1432 930 1554 971 feuda
1583 925 1771 967 Familiae

309 995 354 1034 de
369 992 520 1044 Sfortiis
554 993 704 1031 habent
735 993 956 1030 secundam
996 990 1230 1030 instantiam
1267 991 1317 1029 ab
1338 1003 1425 1030 uno
1455 989 1543 1028 loco
1581 985 1634 1025 ad
1651 984 1776 1024 alium

308 1050 496 1092 esclusive
517 1049 571 1089 ad
588 1049 725 1089 Rotam
746 1048 1084 1096 Maceratensem3
1101 1061 1221 1103 prout
1254 1046 1468 1090 declaravit
1485 1045 1704 1103 Signatum
1731 1041 1774 1082 in

315 1109 439 1151 Causa
462 1107 643 1149 Firmana
662 1104 939 1155 iurisdictionis
976 1121 1040 1161 17.
1063 1105 1198 1148 martii
1219 1120 1233 1145 1
1248 1106 1356 1161 763.
1417 1150 1419 1153 ,
1578 1119 1582 1123 ·

429 1166 567 1210 Clerici
583 1165 866 1221 quoadlforam
900 1179 947 1205 eo
983 1179 1066 1204 non
1094 1166 1304 1220 gaudent,
1323 1165 1355 1205 si
1390 1179 1474 1204 non
1508 1161 1688 1205 habeant
1713 1173 1777 1200 re-

313 1226 459 1283 quisita
484 1257 496 1274 ,
524 1223 763 1281 praescripta
799 1238 822 1263 a
863 1222 1031 1265 Concilio
1067 1222 1292 1264 Tridentino
1327 1254 1339 1272 ‚
1385 1221 1599 1264 delationis
1636 1231 1777 1273 nempe

313 1285 479 1328 habitus
509 1281 744 1329 Clericalis‚
772 1294 813 1321 ‘et
845 1282 1122 1337 adscriptionis
1150 1283 1310 1322 servitio
1343 1281 1514 1336 alicujus
1548 1276 1779 1325 Ecclesiae3

317 1358 424 1400 quae
459 1357 506 1383 eo
536 1340 660 1396 magis
694 1339 957 1394 requiruntur
980 1340 1022 1379 in
1041 1339 1200 1381 clericis
1220 1339 1479 1397 Conjugatis.
1508 1337 1598 1392 Nec
1631 1335 1783 1376 eisdem

316 1399 528 1455 suffragari
562 1412 689 1456 potest
724 1399 986 1455 reassumptio
1009 1400 1173 1440 habitus
1204 1412 1293 1452 post
1314 1413 1462 1439 motam
1493 1397 1628 1445 litem,
1658 1406 1782 1450 prout

321 1460 653 1504 animadvertunt
675 1456 984 1511 Cia1·linus(1)‚
1022 1470 1059 1498 et
1078 1457 1231 1498 Riccit'zs
1249 1458 1322 1513 (2)
1345 1487 1353 1497 .
1389 1456 1438 1498 Et
1465 1455 1636 1512 proinde
1656 1453 1783 1495 Effius

321 1518 551 1562 Praefectus
571 1516 647 1558 sub
665 1515 730 1571 die
752 1527 822 1569 27.
843 1516 1077 1570 septembris
1101 1515 1224 1571 1769.
1245 1516 1286 1556 in
1307 1515 1448 1557 Causa
1465 1514 1686 1556 Recineten.
1711 1525 1784 1554 seu

324 1577 572 1621 Anconitana
591 1574 730 1617 Clerici
745 1575 884 1631 Angeli
901 1574 1034 1615 Pasini
1059 1576 1113 1616 rei
1131 1576 1350 1626 conventi,
1378 1591 1464 1616 earn
1492 1574 1694 1615 adforum
1712 1570 1787 1611 lai·
1808 1570 1810 1572 ’

327 1638 408 1680 cale
428 1633 602 1693 spectare
620 1633 861 1678 mandavit.
881 1634 963 1675 Cui
984 1635 1142 1687 decreto
1163 1650 1244 1676 non
1264 1635 1519 1690 acquiescens
1538 1633 1671 1674 dictus
1687 1629 1786 1671 Cle-

328 1696 436 1738 ricus
450 1725 464 1743 ,
494 1692 665 1751 experiri
694 1693 823 1735 voluit
851 1694 1133 1735 resolutionem
1153 1696 1292 1750 plenae
1311 1695 1546 1750 Signaturae
1560 1707 1605 1741 ‚a
1622 1704 1704 1745 qua
1725 1702 1789 1729 re-

329 1755 523 1811 scriptum
553 1752 632 1793 fuit
653 1766 664 1792 :
703 1750 814 1803 Nilnfl
830 1783 843 1800 ,
872 1763 1090 1794 asservetur
1105 1755 1297 1795 decretum
1321 1751 1736 1794 Eminentissimimet‚
1753 1757 1789 1789 et
1828 1758 1840 1761 ‘

330 1812 509 1869 amplius.
529 1810 724 1851 Eamdem
743 1811 973 1851 instantiam
994 1813 1234 1854 instauravit
1251 1815 1293 1850 in
1313 1812 1387 1851 alia
1409 1811 1567 1859 Causa,
1586 1809 1706 1851 etiarn
1719 1807 1792 1848 Re-

332 1869 710 1918 cinaten.,adversus
720 1869 902 1908 Natalem
916 1869 1311 1925 Laciani‚petiir‚acta
1324 1869 1454 1918 cutiae
1467 1868 1613 1910 laicalis
1624 1869 1794 1910 circum-

334 1931 487 1980 scribi,
519 1940 557 1971 et
588 1927 731 1970 remitti
746 1926 928 1968 Causam
948 1929 1001 1968 ad
1022 1928 1195 1970 Curiam
1212 1927 1511 1970 ecclesiasticam
1532 1956 1545 1974 ‚
1576 1923 1792 1982 probando

339 1989 591 2046 assumpsisse
612 1986 795 2028 habitum
820 1987 997 2028 laicalem
1015 2017 1032 2035 ‚
1062 2001 1100 2029 et
1117 1987 1325 2044 allegando
1342 1985 1544 2026 decretum
1562 1982 1716 2024 Vicarii
1733 1995 1795 2037 ge-

336 2049 481 2091 neralis
498 2080 512 2098 ‚
539 2061 624 2102 quo
640 2046 707 2087 hic
728 2045 998 2089 declaraverat
1016 2046 1189 2103 gaudere
1224 2045 1336 2086 illurn
1363 2043 1574 2100 privilegiis
1607 2039 1793 2083 clericali-

340 2108 415 2149 bus
433 2139 443 2148 .
477 2107 551 2148 His
570 2121 655 2147 non
677 2106 931 2147 obstantibus
947 2105 1126 2144 Auditor
1144 2104 1380 2159 Signaturae
1399 2103 1530 2159 rejecit
1546 2100 1792 2142 instantiam.

339 2166 448 2207 Huic
463 2167 623 2209 decreto
639 2179 710 2204 nec
729 2161 931 2215 acquievit
947 2191 959 2208 ‚
974 2175 1023 2201 ex
1052 2175 1098 2200 eo
1118 2162 1231 2215 quod
1249 2161 1279 2202 is
1295 2160 1366 2202 etsi
1386 2160 1670 2219 Conjugatus‚
1691 2172 1794 2200 atta-

343 2239 434 2266 men
453 2239 547 2266 cum
563 2222 705 2266 unica,
721 2233 758 2260 et
774 2219 944 2276 virgine,
962 2219 1134 2275 gaudere
1154 2220 1323 2262 debebat
1341 2220 1418 2260 fori
1436 2221 1659 2278 privilegio,
1675 2219 1794 2260 etiam

341 2297 430 2341 post
447 2279 804 2336 reassumptionem
823 2278 984 2320 habitus
1000 2309 1011 2327 ,
1025 2292 1062 2319 et
1080 2294 1162 2320 non
1183 2281 1364 2321 obstante
1385 2279 1664 2337 negotiationis
1679 2293 1795 2320 exer-

345 2343 437 2384 citio
456 2370 469 2390 ,
500 2341 624 2402 fretus
641 2341 766 2381 Rotae
789 2337 986 2379 decisione
1005 2338 1108 2394 (3),
1139 2351 1176 2380 et
1211 2339 1446 2382 auctoritate
1480 2341 1672 2381 Barbosae
1690 2338 1765 2394 (4)
1780 2366 1790 2377 .

1291 2423 1295 2424 ν
1356 2417 1361 2421 ·
1719 2398 1794 2438 Al-

552 2468 1328 2483 -.-.--.-..---..---.

392 2508 448 2547 (ι)
473 2505 622 2535 Controv.
635 2502 761 2543 forens.
778 2512 846 2544 cap.
864 2512 918 2545 53.
940 2513 974 2535 n.
989 2511 1043 2544 24.
1138 2506 1190 2544 (3¹
1215 2504 1340 2534 Recent.
1360 2514 1433 2545 353.
1450 2515 1483 2534 n.
1501 2515 1615 2547 5.par.
1629 2515 1674 2543 19.

398 2551 451 2590 (2)
473 2551 576 2582 Dacis.
593 2549 667 2580 168.
683 2558 717 2582 n.
729 2557 765 2588 4.
787 2556 895 2589 etseq.
1070 2547 1271 2635 allegffizDz
1281 2547 1356 2635 αξξ.
1376 2557 1406 2581 ct
1414 2558 1530 2593 potest.
1543 2550 1795 2594 Episcop.par.2.
