1952 3167
235 358 303 382 ‘t

316 341 336 370 ι
375 326 401 370 8
611 324 686 366 DE
704 323 837 373 JURE
865 322 1207 366 SIGNATURAE
1231 316 1495 375 JUSTITIAE

320 342 565 444 offi'ligntione
585 383 790 426 Camerali
815 399 827 434 3
846 384 906 426 ita'
926 384 967 425 in
988 384 1093 426 dicta
1113 383 1304 424 Albanen.
1325 394 1385 429 ‚et
1405 379 1445 419 in
1464 378 1636 419 Romana
1653 373 1748 439 Per-

324 443 508 490 tinentiae
538 458 675 487 causae
707 458 778 486 21.
797 444 958 501 augusti
982 445 1106 498 1788.
1123 472 1135 489 ,
1157 443 1198 482 in
1233 455 1314 496 qua
1337 454 1397 481 res
1415 450 1499 478 erat
1533 433 1748 503 defredno

322 520 398 562 pro
428 504 625 547 mercibus
657 503 852 561 ripalibus
870 532 882 551 ‚
904 502 1078 545 venditis
1102 501 1144 541 in
1162 499 1324 557 proprio
1343 507 1620 553 promptuario
1638 506 1749 559 extr-a

323 564 470 620 Ripam
496 578 517 604 a
540 564 764 605 Mercatore
785 561 911 619 Ripali
934 592 946 612 ,
977 560 1142 603 redacto
1168 559 1220 600 ad
1239 571 1407 615 apocam
1424 568 1518 596 cum
1534 554 1638 597 dicta
1655 551 1752 603 obli,-

323 623 484 681 gatione
505 653 515 663 .
1491 673 1501 682 ο

444 683 542 723 Item
574 680 756 723 eamdem
788 678 1246 737 habet-jurisdictionem
1278 692 1352 735 pro
1373 675 1551 720 delicus,
1567 671 1631 716 vel
1649 685 1756 738 com-

325 739 455 782 missis
481 741 522 781 in
544 740 644 796 Ripa
662 771 674 789 ,
689 739 752 783 vel
783 740 1125 783 concernentibus
1156 753 1214 780 res
1235 768 1248 787 ,
1274 751 1344 779 aut
1365 737 1610 778 Mercatores
1635 732 1760 789 Ripa-

321 799 374 841 les
393 816 405 850 ς
425 813 546 857 prout
566 799 744 841 decisum
762 797 840 839 fuit
870 814 890 839 a
910 795 1126 856 Sign'atura
1158 798 1199 838 in
1217 799 1390 840 Romana
1409 796 1511 836 inter
1527 791 1680 834 Fiscum
1697 798 1760 841 ‚et

323 859 535 917 Gargittolo
552 889 565 907 ,
595 868 631 900 et
651 858 804 900 Fiscum
834 856 954 914 Ripae
983 868 1154 916 magnae
1187 870 1258 912 23.
1268 854 1449 911 januarii
1474 852 1602 909 1780.
1621 851 1665 890 Id
1701 863 1762 916 tar-

324 933 416 959 men
438 932 520 959 non
538 917 717 973 procedit
734 916 874 972 quoad
892 917 1216 960 Gubernatorem
1238 916 1373 965 Urbis,
1399 928 1492 956 cum
1511 926 1596 966 quo
1624 910 1667 950 in
1688 923 1763 951 crr-

268 1000 275 1007 ‹
301 972 303 974 ¹
326 976 545 1018 minalibus
561 975 681 1015 datur
698 975 809 1016 locus
823 976 1101 1028 praeventioni
1122 991 1169 1018 ex
1184 973 1487 1016 Constitutione
1501 969 1615 1012 Pauli
1632 966 1762 1024 v.(1).

444 1031 702 1078 Roncilionis,
726 1045 763 1073 et
785 1032 929 1073 Terrae
952 1034 1158 1076 Valentani
1171 1033 1330 1080 Iudices
1348 1030 1527 1089 gaudent
1552 1040 1769 1087 praeroga-

327 1093 408 1135 tiva
425 1090 624 1132 secundae
645 1090 855 1133 instantiae
876 1106 922 1132 ex
947 1092 1213 1135 instructione
1231 1108 1253 1134 a
1274 1090 1552 1147 Pontifice,per
1569 1100 1770 1143 organum

329 1152 474 1196 Sacrae
497 1149 725 1191 consultae
740 1178 752 1196 ‚
770 1150 864 1192 data
889 1166 951 1207 15·
971 1151 1082 1207 junii
1113 1166 1126 1192 1
1139 1152 1238 1206 652.
1253 1183 1266 1201 ‚
1287 1165 1324 1194 et
1340 1165 1387 1192 ex
1404 1148 1576 1206 epistolis
1591 1145 1773 1199 ejusdem

330 1209 547 1253 consultae
568 1208 669 1250 datis
699 1209 761 1249 die
786 1223 852 1250 ις’..
870 1212 1030 1267 augusti
1053 1210 1178 1266 1670.
1197 1244 1209 1261 ,
1225 1225 1263 1254 et
1278 1210 1337 1253 die
1354 1222 1423 1252 22.
1442 1204 1683 1261 maic'1760·
1703 1204 1767 1246 Ac

328 1269 382 1310 ita
403 1268 550 1326 pluries
571 1282 590 1307 a
611 1268 825 1323 Signatura
851 1270 1074 1311 resolutum
1105 1271 1214 1319 fuit,
1250 1267 1479 1327 praesertim
1509 1266 1551 1306 in
1567 1261 1777 1305 Roncillio·

326 1343 415 1370 nen.
447 1340 469 1380 3
487 1340 517 1365 t.
535 1325 628 1365 maii
654 1326 780 1381 1762.
811 1327 1078 1370 Declaratum
1105 1340 1240 1370 tamen
1268 1328 1348 1370 fuit
1381 1325 1542 1367 decreto
1561 1321 1775 1364 Auditoris

329 1385 535 1428 pontificis
561 1383 622 1425 die
658 1396 698 1438 5.
721 1385 821 1441 julii
876 1387 1001 1442 1785.
1026 1387 1069 1428 in
1101 1387 1241 1429 Causa
1274 1387 1376 1429 inter
1410 1383 1604 1425 Comitem
1632 1381 1775 1422 Terrae

327 1445 514 1488 Fabricae
532 1475 545 1492 ,
563 1455 601 1483 et
616 1445 830 1501 Collegium
858 1445 1100 1501 Scriptorum
1119 1444 1294 1487 Archivii
1307 1476 1320 1494 ,
1346 1457 1430 1484 non
1447 1458 1560 1499 posse
1577 1439 1778 1498 judicium

329 1504 433 1546 ferre
453 1502 597 1544 omisso
614 1502 746 1543 medio
764 1502 1007 1558 Signaturae
1032 1535 1041 1545 .
1081 1503 1296 1547 Etidcirco
1325 1502 1466 1544 eodem
1492 1501 1650 1543 decreto
1670 1513 1782 1554 prae·
1830 1518 1833 1520 >

329 1563 522 1620 scriptum
557 1560 637 1602 fuit
655 1589 667 1607 ‚
701 1560 743 1601 in
763 1561 1000 1617 hujusmodi
1016 1561 1166 1606 Causis
1192 1561 1496 1621 procedendum
1524 1573 1604 1601 esse
1633 1558 1687 1600 ad
1704 1557 1782 1599 for-

329 1637 440 1664 mam
462 1620 639 1676 rescripti
657 1649 669 1667 ‚
704 1620 799 1662 editi
828 1620 868 1662 in
885 1622 1104 1681 Signatum
1125 1622 1282 1665 Gratiae
1300 1622 1342 1663 in
1363 1620 1505 1662 Causa
1522 1615 1777 1660 Camerinen.

451 1681 552 1722 Rota
573 1679 860 1722 Maca-atensis
877 1695 1005 1724 erecta
1026 1682 1105 1724 fuit
1122 1697 1144 1723 a
1161 1682 1276 1725 SiXto
1291 1698 1330 1726 v.
1352 1679 1459 1722 Hinc
1472 1693 1579 1735 quae
1597 1677 1676 1720 sint
1692 1676 1779 1733 ers

332 1737 540 1781 facultates
567 1738 757 1795 leguntur
788 1739 829 1780 in
859 1740 1076 1783 erectionis
1100 1741 1214 1784 Bulla
1233 1771 1246 1789 ‚
1284 1740 1402 1783 relata
1427 1752 1518 1780 ante
1551 1735 1785 1778 Decisiones

335 1795 523 1851 ejusdem
543 1798 666 1839 Rotae
699 1812 835 1840 coram
855 1799 1044 1842 Thomato
1069 1801 1143 1856 (2)
1161 1830 1171 1840 .
1204 1799 1389 1855 Exceptis
1417 1795 1568 1839 causis
1588 1827 1602 1845 ,
1618 1808 1786 1837 concer-

334 1855 530 1899 nentibus
563 1870 723 1897 morum
760 1858 1047 1899 correctionem
1065 1889 1077 1908 ‚
1107 1871 1145 1900 et
1162 1857 1317 1900 decreta
1348 1854 1589 1899 visitationis
1617 1854 1788 1910 Episco-

333 1916 433 1973 palis
451 1945 464 1963 ,
500 1915 543 1958 in
564 1915 715 1972 quibus
748 1931 832 1958 non
856 1916 979 1959 datur
1015 1916 1234 1975 appellatio
1268 1917 1312 1957 in
1337 1914 1574 1971 suspensivo
1610 1928 1658 1955 ex
1686 1926 1785 1956 con-

334 1974 544 2017 stitutione
566 1975 750 2031 Gregorii
768 1990 841 2019 xv.
867 1976 1133 2019 declaratoria
1157 1971 1693 2020 ConstitutionisSixtinae‚et
1715 1984 1779 2011 re-

338 2033 416 2075 lata
445 2035 496 2076 ab
516 2034 656 2077 eodem
674 2035 864 2078 Thomato
892 2035 1058 2079 laudato
1079 2036 1122 2077 in
1139 2035 1257 2085 loco;
1288 2033 1330 2074 in
1358 2030 1546 2086 reliquis,
1562 2029 1614 2070 ad
1641 2029 1778 2071 forum

338 2091 665 2136 Ecclesiasticum
679 2094 991 2148 pertinentibus,
1001 2095 1244 2148 declaratum
1258 2093 1334 2134 fuit
1344 2091 1385 2131 in
1398 2089 1610 2147 Signatum
1626 2088 1780 2131 Gratiae

339 2149 403 2192 die
437 2151 610 2208 19.julii
643 2151 769 2206 1746.
809 2153 956 2192 habere
992 2149 1320 2201 jurisdictionem
1340 2179 1351 2190 .

458 2209 648 2251 Secunda
666 2207 862 2249 instantia
893 2219 1174 2264 praeservatur
1206 2207 1249 2248 in
1281 2203 1486 2265 praedicta
1520 2206 1630 2249 Bulla
1659 2204 1784 2248 Sixti·

342 2280 392 2307 na
419 2266 495 2323 (3)
522 2267 569 2309 iis
585 2265 680 2308 locis
697 2265 923 2309 Provinciae
939 2266 1253 2323 Mac-eranam,
1284 2265 1435 2322 quibus
1469 2280 1652 2309 concessa
1668 2265 1718 2308 sit
1736 2280 1786 2308 ex

341 2324 588 2382 privilegi03*
619 2325 723 2367 itaut
750 2324 953 2383 appellans
985 2338 1111 2384 potest
1139 2340 1212 2384 pro
1242 2325 1354 2369 libito
1380 2323 1487 2368 adire
1503 2326 1685 2374 judicem
1716 2339 1784 2383 ap-

346 2383 569 2442 pellationis
587 2414 601 2433 ,
634 2383 694 2427 vel
713 2386 858 2427 Rotam
878 2414 889 2426 .

1737 2443 1783 2485 In

347 2526 668 2542 ——unu—
1465 2527 1784 2542 -—

394 2583 450 2621 (1)
477 2586 575 2625 Super
588 2584 734 2625 Reform.
749 2583 965 2627 Trihun.§.de
977 2587 1041 2619 Gu-
1136 2586 1192 2626 (2)
1211 2585 1294 2617 Tom.
1313 2594 1342 2616 1.
1360 2594 1431 2630 par.
1451 2595 1480 2618 1.

343 2627 510 2662 bernatore
528 2628 616 2662 Urbis
630 2649 639 2659 .
1134 2631 1188 2673 (3)
1213 2628 1244 2671 §.
1266 2640 1318 2672 17.
