1993 3195
643 301 1138 339 APPENDIX
1588 307 1632 347 ²7

799 399 862 448 N.
902 400 991 450 Vl.

137 498 321 552 Dilecto
338 496 448 549 Filio
468 507 621 546 nostro
647 494 793 545 Flavio
824 500 896 547 tit.
919 498 960 545 S.
977 496 1129 546 Mariae
1159 490 1217 543 de
1240 492 1410 566 Populo
1446 492 1487 542 S.
1507 492 1636 544 ΚΕ.

227 571 376 624 Presb.
395 569 616 622 Cardinali
639 568 797 619 Chisio
821 582 1070 642 nuncupato
1087 603 1103 625 ‚
1122 579 1274 618 nostro
1291 585 1392 619 secu
1401 564 1541 619 ndum

427 661 606 694 carnem
631 662 687 693 ex
704 647 846 694 Fratre
881 647 1109 696 Germano
1137 643 1342 714 Nepoti.

453 767 940 810 stLEXANDER
989 767 1183 800 'PAPA
1235 765 1325 797 VII.

138 838 167 876 Ι.
194 836 398 923 Dilecte
429 837 488 873 filii
517 846 632 873 noster
659 837 801 873 salutem
831 861 843 878 ,
883 845 914 873 et
940 836 1175 883 Apostolicam
1206 833 1480 871 benedictionem
1498 856 1508 868 .
1540 831 1638 868 Cum!

301 887 468 922 interdurn
500 886 673 932 contingat
703 910 715 927 ,
759 895 797 922 ut
826 887 858 922 in
888 886 1126 931 prosecutione
1156 895 1331 922 causarum
1362 881 1632 929 appellationum

138 947 156 970 a
191 935 363 970 sententiis
389 935 654 971 Ordinatiorum
694 936 844 971 locorum
883 935 1162 980 interpositarum
1192 957 1204 973 ,
1246 944 1320 979 qua:
1357 935 1453 972 iuxta
1481 932 1635 966 Decreta

139 983 389 1020 Concil.Trid.
416 985 456 1019 ab
476 984 669 1020 Ordinariis
698 983 922 1020 vicinioribus
950 983 1109 1029 cognosci
1135 983 1320 1021 deberent,
1346 982 1391 1015 ob
1419 979 1559 1014 nimiam
1577 989 1641 1012 eo-

139 1033 293 1068 rumdem
313 1032 576 1069 Ordinariorum
599 1033 790 1069 distantiam
806 1057 817 1074 ,
848 1032 1029 1078 praesertim
1048 1033 1079 1066 in
1099 1032 1250 1078 partibus
1265 1029 1436 1065 Indiarurn
1455 1053 1465 1069 ‚
1509 1027 1644 1072 litigan-

141 1082 229 1117 tibus
247 1081 328 1125 ipsis
345 1081 531 1124 plurimum
554 1082 786 1122 incommodi,
814 1090 848 1116 et
867 1080 1034 1126 dispendii
1049 1081 1205 1116 afferatur
1220 1104 1230 1114 .
1246 1079 1319 1113 Nos
1340 1078 1460 1113 Christ
1475 1076 1645 1112 ifidelium

140 1129 172 1164 in
199 1130 370 1172 similibus
401 1132 532 1165 casibus
559 1131 827 1170 commoditati,
853 1138 888 1164 et
913 1130 1121 1165 indemnitati
1154 1135 1379 1174 prospectum
1408 1137 1481 1160 esse
1509 1124 1648 1170 cupien-

140 1186 214 1216 tes,
243 1177 538 1223 circumspectioni
566 1188 654 1218 tuae,
681 1190 912 1224 quascumque
939 1177 1213 1222 supplicationes
1241 1174 1522 1210 commissionum
1550 1171 1647 1208 simi·

139 1225 224 1262 lium
260 1238 436 1263 causarum
465 1227 617 1271 personis
647 1227 678 1262 in
709 1226 872 1272 dignitate
889 1225 1123 1262 Ecclesiastica
1156 1223 1354 1261 constitutis
1368 1223 1595 1259 faciendarum
1612 1221 1648 1255 in

140 1275 325 1319 Signatura
345 1285 458 1311 nostra
483 1275 628 1316 ,lustitiae
648 1278 679 1310 in
709 1277 815 1310 forma
842 1274 941 1310 solita
966 1275 1147 1321 signandi,
1181 1286 1218 1309 ac
1236 1273 1374 1313 omnia,
1404 1282 1436 1307 et
1466 1270 1596 1319 singula
1611 1269 1647 1304 in

139 1323 346 1369 praemissis,
376 1324 586 1364 necessaria,
614 1337 675 1360 seu
694 1324 958 1371 quomodolibet
983 1334 1181 1370 opportuna
1210 1321 1385 1362 faciendi,
1416 1320 1581 1367 gerendi,
1610 1324 1647 1353 et

141 1373 354 1416 exequendi,
387 1373 544 1416 plenam,
575 1383 608 1407 et
637 1374 866 1408 omnimodam
899 1372 1094 1409 facultatem
1112 1398 1123 1413 ‚
1152 1383 1184 1408 et
1218 1371 1454 1406 auctoritatem
1483 1379 1544 1413 per
1560 1376 1644 1412 prae·

140 1431 248 1455 sentes
285 1421 500 1455 concedimus
527 1444 537 1459 ,
576 1429 610 1454 et
636 1421 853 1464 impertimur
876 1444 886 1454 .
924 1423 1004 1456 Non
1036 1420 1246 1455 obstantibus
1273 1414 1512 1461 Apostolicis,
1540 1427 1577 1450 ac
1608 1414 1645 1449 in

140 1467 391 1504 Universalibus
416 1493 427 1508 ,
457 1467 793 1515 Provincialibusque
819 1493 830 1509 ,
863 1477 898 1503 et
924 1469 1149 1515 Synodalibus
1192 1464 1358 1502 Conciliis
1382 1463 1483 1500 editis
1511 1466 1645 1509 specia-

140 1516 230 1552 libus
257 1516 570 1553 Constitutionibus
603 1543 615 1559 ,
644 1527 677 1553 et
707 1517 1018 1559 ordinationibus,
1062 1516 1260 1562 caeterisque
1292 1514 1470 1551 contrariis
1498 1513 1643 1559 quibus-

141 1578 315 1612 cumque.
344 1565 470 1601 Datum
501 1566 619 1602 Romae
647 1568 735 1612 apud
754 1569 905 1604 Sanctam
938 1567 1078 1602 Mariam
1103 1565 1268 1604 Maiorem
1308 1565 1370 1599 sub
1398 1561 1498 1597 anulo
1525 1562 1641 1596 Pisca-

143 1615 224 1650 toris
251 1615 306 1650 die
323 1627 378 1649 20.
393 1615 477 1656 julii
498 1615 701 1651 MDCLXI.
717 1617 939 1652 Pontificatus
971 1616 1075 1652 nostri
1108 1617 1207 1650 Anno
1223 1612 1303 1648 VII.

238 1665 416 1710 Sumptum
443 1677 484 1700 ex
512 1664 640 1700 minuta
666 1665 822 1711 originali
853 1664 1017 1701 Brevium
1053 1664 1269 1700 diversorum
1303 1661 1359 1698 fel.
1392 1670 1462 1695 rec.
1490 1658 1640 1696 Alexan·

141 1712 193 1748 dri
220 1712 320 1760 Papae
334 1714 412 1749 VII.
442 1713 605 1750 collatum
637 1715 847 1751 concordat.

386 1762 480 1798 Loco
506 1768 545 1807 ›1‹
573 1763 678 1808 Sigilli
694 1788 705 1799 .
1103 1765 1132 1798 J.
1156 1763 1191 1796 F.
1218 1756 1488 1796 card..albanus
1504 1778 1515 1791 0

781 1859 844 1910 N.
883 1860 1006 1911 V11.
1271 1885 1291 1899 n

519 1934 878 2001 CLEMENS
929 1958 1131 1991 ῬΛῬΛ
1180 1956 1260 1990 tx.

594 2008 658 2046 ..Ad
672 2013 867 2055 perpetuam
894 2006 944 2041 rei
968 2006 1183 2042 memoriam.

148 2098 373 2187 EGregiis
406 2101 609 2138 dilectorum
657 2103 806 2137 filiorum
839 2104 1020 2148 utriusque
1047 2103 1233 2149 Signatum:
1270 2106 1392 2136 nostrae
1433 2095 1644 2134 Referenda-

250 2151 379 2187 riorum
399 2150 430 2186 in
447 2152 624 2199 Signatura
652 2160 763 2187 nostra
779 2151 922 2193 justitiae
950 2152 1150 2186 Votantium
1178 2151 1210 2184 in
1227 2160 1287 2184 nos
1303 2173 1315 2188 ,
1341 2158 1374 2183 et
1404 2148 1525 2183 Sedem
1545 2148 1646 2192 Apo-

147 2199 297 2236 stolicam
327 2199 480 2241 meritis,
523 2200 774 2247 gravibusque,
813 2209 847 2236 et
873 2199 1014 2237 assiduis
1042 2199 1240 2238 laboribus,
1292 2208 1378 2242 quos
1410 2207 1474 2242 pro
1500 2205 1645 2237 nostro,

149 2255 181 2282 et
200 2249 295 2285 dictae
308 2249 400 2286 Sedis
427 2248 566 2285 servitio
597 2249 628 2284 in
656 2250 946 2285 administratione
970 2250 1106 2288 iustitiae
1140 2245 1356 2284 laudabiliter
1381 2248 1569 2284 sustinent,
1599 2244 1646 2277 fa-

149 2295 212 2331 cile
237 2299 437 2335 adducimur
462 2322 473 2340 ‚
507 2310 544 2335 ut
585 2296 755 2344 spirituali
784 2309 902 2334 eorum
933 2297 1159 2333 consolationi
1191 2302 1352 2341 quantum
1381 2303 1458 2330 cum
1488 2292 1645 2327 Domino

149 2356 324 2391 possumus
352 2348 495 2395 benigne
521 2347 758 2385 consulamus,
791 2347 954 2382 Volentes
987 2347 1100 2392 itaque
1128 2345 1230 2380 dictis
1254 2343 1465 2392 vVotantibus
1497 2341 1644 2387 gratiam

149 2394 262 2431 facere
291 2397 494 2442 specialem,
522 2408 555 2434 et
581 2407 699 2433 eorum
727 2395 910 2443 singulares
942 2405 1124 2439 personas,
1157 2406 1176 2428 a
1205 2393 1380 2439 quibusvis
1407 2390 1645 2427 excommuni-

153 2443 318 2486 cationis,
345 2448 595 2492 suspensionis,
621 2456 653 2483 et
682 2446 879 2486 interdicti,
906 2444 1049 2490 aliisque
1080 2441 1325 2479 Ecclesiasticis
1342 2439 1539 2482 sententiis,
1566 2452 1647 2477 cen-

153 2493 239 2528 suris
255 2517 266 2532 ,
292 2502 326 2529 et
346 2496 451 2541 poenis
476 2498 607 2538 aiure,
632 2495 688 2533 vel
715 2498 755 2532 ab
781 2495 920 2531 homine
947 2494 1063 2541 quavis
1089 2490 1269 2527 occasione
1285 2515 1295 2531 ,
1325 2490 1380 2526 vel
1411 2502 1509 2527 causa
1534 2489 1643 2532 latis,

154 2542 183 2579 si
215 2543 339 2590 quibus
363 2545 622 2593 quomodolibet
649 2545 812 2583 innodatae
837 2545 1014 2586 existunt,
1044 2544 1085 2579 ad
1114 2541 1271 2578 effectum
1301 2541 1515 2589 praesentium
1547 2539 1642 2576 dum-

1061 2604 1071 2607 ’
1131 2593 1155 2627 d
1182 2601 1202 2626 2
