1952 3167
313 374 338 409 4
410 406 473 443 VI.
498 407 572 444 Nec
602 419 667 443 non
696 422 933 456 quoscumque
961 410 1097 446 idoneos
1125 412 1315 451 (adjunctis
1341 411 1372 445 in
1402 412 1466 444 hoc
1484 408 1547 444 sibi
1565 407 1791 445 assistentibus

311 459 474 496 duobus,
500 467 555 492 aut
581 457 687 493 tribus
716 458 907 505 Magistris‚
938 471 997 494 seu
1012 459 1218 494 Doctoribus
1239 482 1248 498 ,
1275 467 1332 493 aut
1362 457 1540 492 licentiatis
1564 458 1593 492 in
1608 459 1792 498 facultate,

315 507 350 541 in
378 519 440 551 qua
456 507 682 551 promovendi
700 517 821 548 erunt,
854 519 937 552 quos
965 507 1004 541 ad
1019 509 1082 541 hoc
1097 507 1253 541 duxerint
1278 507 1450 550 eligendos
1469 516 1587 539 eorum
1606 508 1693 541 votis
1706 507 1794 546 iura.-

312 555 382 599 tis)
415 555 445 589 in
465 564 608 597 utroque
623 580 631 595 ,
652 556 702 590 vel
723 556 828 590 altero
846 555 977 596 Jurium
996 579 1007 594 ,
1035 563 1068 588 et
1094 554 1303 602 Theologh,
1320 565 1356 588 ac
1382 554 1506 588 artibus
1538 554 1577 587 ad
1595 554 1793 590 Baecbalau-

312 614 423 639 reatus
451 629 460 643 ,
491 613 521 638 et
549 605 776 639 Licentiatnrae
796 628 803 642 ,
832 616 868 640 ac
895 604 1101 637 Doctoratus
1128 626 1138 642 ‚
1175 611 1208 637 et
1245 601 1430 649 Magisterii
1462 601 1581 647 gradus
1607 603 1794 645 respective

310 652 439 697 ubique
467 651 616 686 lmorum
633 652 881 697 promovendi,
907 651 1022 696 eisque
1054 651 1101 685 sic
1119 651 1282 696 promotis
1313 650 1474 698 legendi,
1503 649 1716 694 disputandi,
1747 651 1795 685 in-

311 701 519 742 terpretandi
536 725 545 740 ‚
569 713 604 734 ac
633 700 713 734 ahos
743 709 835 735 actus
864 701 904 734 ad
920 711 1076 743 personas
1110 699 1141 734 in
1161 701 1354 736 huiusmodi
1380 699 1536 746 gradibus
1563 698 1764 734 constitutos
1782 722 1794 738 ‚

308 749 569 794 quomodolibet
592 748 794 794 pertinentes
818 748 985 789 faciendi,
1013 757 1044 783 et
1078 748 1228 793 ipsorum
1257 749 1418 795 graduum
1439 747 1538 783 solita
1565 747 1726 792 insignia,
1760 754 1795 783 et

309 799 546 832 auctoritatem
574 797 789 833 conferendi.
821 801 873 833 Ac
906 798 953 832 sic
972 796 1144 842 promoti,
1173 800 1264 844 quod
1289 798 1473 837 omnibuS,
1497 804 1530 831 et
1559 796 1700 842 singulis
1728 796 1795 840 pri·

309 846 445 890 vile-piis
465 870 475 885 ‚
505 848 769 882 immunitatibus
786 871 797 887 ,
826 845 1055 882 nobilitatibus
1073 871 1084 886 ,
1111 847 1385 882 concessionibus
1406 870 1417 886 ‚
1449 845 1656 885 honoribus,
1694 845 1796 881 liber-

309 895 438 929 tatibus
470 918 479 933 ‚
509 895 763 939 praeeminentiis
796 919 807 935 ,
836 905 870 930 et
900 895 1122 939 prerogativis
1149 920 1159 936 ,
1199 896 1321 940 quibus
1348 895 1403 930 alii
1431 894 1462 928 in
1489 893 1677 928 Bononien.
1704 892 1796 927 Pari·

313 943 397 976 sien.
429 944 613 977 lovanen.
640 944 848 981 'l‘nolosam‚
893 954 931 977 ac
962 943 1135 987 quibusvis
1165 943 1234 978 aliis
1263 941 1547 979 Universitatibus
1571 964 1582 981 ‚
1614 941 1645 976 in
1670 941 1795 986 quibus

310 989 464 1023 studium
497 990 648 1033 generale
664 989 780 1035 viget,
813 989 986 1033 promoti,
1012 990 1114 1025 etiam
1143 990 1174 1025 in
1190 992 1399 1026 assecutione
1427 989 1666 1025 beneficiorum
1683 989 1797 1025 Eccle-

310 1036 521 1072 siasticorum
555 1047 720 1078 utuntur,
749 1037 950 1082 potiuntur,
981 1049 1018 1072 ac
1051 1038 1217 1085 gaudent,
1253 1048 1287 1074 et
1317 1039 1366 1076 uti
1392 1064 1403 1080 ‚
1428 1036 1557 1083 potiri,
1593 1047 1626 1073 et
1652 1039 1796 1085 gaudere

304 1087 572 1130 quomodolibet
586 1096 748 1132 poterunt
774 1086 806 1121 in
838 1088 1017 1127 futurum,
1044 1099 1109 1122 non
1138 1087 1248 1123 solum
1278 1089 1318 1124 ad
1336 1090 1484 1133 ipsorum
1516 1087 1639 1128 instar,
1666 1089 1725 1122 sed
1741 1098 1796 1131 pa-

307 1134 518 1175 ritor-miter,
546 1145 581 1169 et
608 1137 732 1179 absque
762 1135 829 1170 ulla
845 1136 1029 1172 differentia
1051 1161 1062 1177 ,
1089 1137 1227 1183 perinde
1248 1149 1285 1172 ac
1307 1138 1334 1173 si
1348 1149 1456 1177 vere,
1486 1144 1519 1171 et
1549 1147 1614 1170 non
1631 1136 1734 1176 ficte,
1763 1134 1797 1170 in

310 1183 420 1227 aliqua
445 1196 483 1218 ex
503 1182 626 1219 eisdem
657 1185 938 1220 Universitatibus
965 1209 975 1225 ‚
1001 1186 1116 1232 rigore
1144 1186 1303 1221 examinis
1328 1186 1561 1232 praecedente,
1588 1196 1626 1220 ac
1651 1183 1722 1219 aliis
1744 1195 1796 1218 so-

315 1230 464 1265 lemnitas
484 1234 544 1267 bus
572 1233 698 1267 servari
728 1232 835 1268 solitis
864 1234 1073 1273 observatis,
1101 1242 1134 1269 et
1166 1233 1243 1269 alias
1277 1236 1369 1274 iuxta
1393 1234 1532 1269 formam
1562 1232 1794 1273 statutorum,

307 1291 347 1313 ac
377 1283 658 1315 consuetudinum
676 1282 820 1326 ipsarum
847 1281 1113 1317 Universitatum
1130 1306 1140 1321 ,
1171 1294 1209 1317 ac
1233 1282 1500 1327 Privilegiorum
1527 1279 1591 1314 illis
1622 1291 1796 1316 concesso-

309 1338 384 1363 rum
413 1329 562 1374 promoti
591 1330 730 1364 fuissent
757 1329 805 1364 uti
830 1354 840 1369 ,
869 1329 1001 1375 potiri,
1027 1338 1060 1365 et
1090 1331 1236 1377 gaudere
1270 1329 1401 1366 valeant
1427 1354 1437 1371 ,
1464 1327 1700 1369 concedendi,
1726 1328 1795 1375 ple·

314 1388 387 1410 nam
406 1402 415 1415 ‚
443 1387 475 1412 et
492 1377 628 1413 liberam
648 1379 836 1414 facultatem
861 1379 1080 1414 concedimus
1099 1404 1109 1414 .

366 1425 447 1458 VII.
474 1426 639 1461 Praeterea
682 1427 807 1461 eisdem
845 1428 1123 1468 Referendariis‚
1158 1437 1192 1462 et
1217 1428 1288 1463 aliis
1320 1428 1537 1472 infrascriptis
1565 1451 1575 1468 ‚
1602 1437 1640 1461 ac
1671 1436 1792 1463 eorum

319 1471 462 1516 singulis
480 1497 490 1512 ,
529 1474 755 1513 Monasteria‚
782 1485 928 1519 quorum
961 1476 1111 1509 Abbates
1141 1486 1201 1520 pro
1220 1485 1369 1521 tempore
1396 1475 1573 1510 existentes
1606 1475 1729 1513 mitra,
1756 1482 1791 1510 et

315 1520 390 1555 aliis
420 1521 675 1556 pontificalibus
708 1521 882 1568 insigniis,
915 1533 957 1557 ex
974 1522 1161 1569 Privilegio
1190 1523 1418 1569 Apostolico,
1445 1523 1500 1558 vel
1516 1524 1595 1558 alias
1635 1523 1685 1558 uti
1712 1534 1792 1558 con-

259 1598 274 1605 o„
308 1579 519 1609 sueverunt,
551 1569 584 1603 in
600 1570 847 1605 Commendam
876 1583 937 1615 pro
959 1579 1110 1616 tempore
1126 1572 1380 1612 obtinentibus,
1410 1572 1443 1605 in
1462 1571 1542 1616 ipsis
1570 1571 1788 1607 Monasteriis

307 1616 450 1663 perinde
479 1626 516 1652 ac
531 1617 557 1652 si
574 1616 661 1658 illis,
690 1627 725 1653 ut
742 1619 890 1652 Abbates
922 1629 1099 1664 praeessent
1115 1642 1126 1659 ,
1158 1620 1281 1659 mitra,
1299 1619 1421 1655 annulo
1438 1643 1449 1660 ,
1469 1628 1502 1655 et
1529 1619 1651 1655 baculo
1679 1620 1792 1656 Pasto-

307 1664 394 1704 rali,
424 1676 461 1700 ac
476 1665 551 1700 aliis
567 1665 822 1701 pontificalibus
842 1667 992 1713 insigniis
1026 1667 1223 1707 hujusmodi
1251 1668 1301 1704 uti
1319 1693 1329 1703 .
1355 1669 1430 1704 Nec
1446 1679 1512 1703 non
1526 1669 1712 1704 solemnem
1729 1670 1790 1704 be-

307 1714 539 1749 nedictionem
575 1723 650 1758 post
676 1714 855 1751 Missarum
882 1740 892 1756 ‚
921 1717 1175 1760 Vesperorum,
1210 1717 1480 1756 Matutinorum,
1506 1725 1539 1752 et
1554 1716 1696 1753 aliorum
1728 1716 1790 1752 Di-

307 1763 468 1797 vinorum
490 1763 692 1798 Officiorum
724 1764 911 1804 solemnia,
939 1776 1040 1810 super
1057 1765 1223 1810 populum
1259 1775 1339 1800 tunc
1369 1766 1618 1801 intel-essentem
1647 1770 1661 1807 <
1690 1767 1788 1809 dum—

306 1813 413 1847 modo
441 1811 521 1846 inibi
550 1812 669 1857 aliquis
698 1812 875 1853 Antistes,
900 1824 959 1848 seu
978 1814 1074 1849 dictae
1093 1813 1187 1849 Sedis
1215 1815 1359 1860 Legatus
1388 1824 1526 1857 praesens
1552 1825 1617 1849 non
1633 1813 1700 1854 sit,
1732 1813 1789 1850 vel

304 1859 334 1942 lsi
361 1871 499 1905 praesens
523 1860 652 1902 fuerit,
681 1863 720 1898 ad
745 1861 778 1897 id
793 1862 1027 1913 ejus-aecedat
1054 1866 1232 1910 assensus)
1263 1861 1394 1912 elargiri
1422 1862 1551 1905 libere,
1580 1872 1615 1900 et
1629 1862 1720 1899 licite
1736 1873 1790 1900 va-

319 1919 397 1945 eant
425 1935 436 1946 .

357 1959 455 1994 VIII.
484 1961 629 2011 Illique,
656 1976 693 1999 ac
720 1964 776 2000 alii
793 1976 934 2008 omnes,
962 1975 994 2001 et
1020 1966 1146 2014 singuli
1178 1963 1433 2007 Referendarii,
1465 1978 1502 2002 ac
1527 1966 1582 2001 alii
1611 1962 1785 2010 praedictb

303 2013 343 2042 ut
359 2008 444 2043 duos
469 2011 651 2048 familiares
687 2012 719 2048 in
736 2014 848 2050 rotulo
880 2015 1092 2051 familiarium
1124 2026 1316 2052 nostrorum
1348 2024 1541 2052 numeratos
1572 2016 1735 2050 habeant,
1752 2017 1786 2045 et

304 2063 369 2091 tam
387 2057 450 2102 ipsi
478 2058 709 2097 Referendarii
738 2087 749 2102 ‚
781 2075 881 2109 quam
909 2065 976 2100 duo
1004 2066 1183 2100 annotandi
1217 2065 1422 2104 familiares,
1464 2063 1574 2108 quoad
1600 2059 1786 2114 expeditio-

303 2114 378 2157 nem
407 2118 702 2156 quorumcumque
741 2111 915 2148 literarum
944 2113 1222 2157 Apostolicarum
1250 2121 1316 2146 tam
1349 2112 1492 2155 gratiam
1519 2133 1530 2149 ,
1555 2120 1655 2154 quam
1689 2109 1787 2148 iusti-

301 2158 382 2186 tiam
419 2158 726 2197 concernentium,
764 2169 826 2192 nec
851 2169 918 2192 non
950 2159 1238 2193 isti-umentorum
1257 2182 1266 2197 ,
1299 2166 1333 2192 et
1358 2157 1501 2193 aliorum
1542 2167 1786 2202 quorumcum-

302 2210 370 2245 que
399 2202 502 2245 gratis
535 2205 663 2249 ubique
693 2204 725 2237 in
755 2205 913 2240 omnibus
943 2204 1169 2246 officiis,tam
1187 2204 1431 2245 Cancellariae,
1459 2207 1554 2240 etiam
1585 2204 1790 2240 Sollicitato-

300 2258 377 2283 rum
410 2248 581 2286 literarum
612 2251 887 2297 Apostolicarum
907 2253 1061 2289 Camerae
1086 2253 1318 2300 Apostolicae‚
1351 2265 1451 2298 quam
1468 2254 1499 2287 in
1514 2254 1698 2289 Auditorio
1714 2253 1786 2287 Ro-

300 2303 342 2331 tae
363 2319 373 2334 ‚
400 2306 433 2330 et
462 2299 492 2332 in
521 2299 695 2345 quibusvis
723 2300 821 2341 aliis,
849 2301 1113 2337 Ordinatiorum
1130 2325 1141 2342 ,
1185 2311 1219 2337 et
1248 2302 1591 2338 extraordinariorum
1622 2301 1782 2343 judicum

302 2343 542 2382 Tribunalibus
576 2349 702 2393 absque
720 2349 785 2383 alio
815 2350 951 2396 speciali
982 2351 1137 2385 mandato
1163 2350 1311 2397 desuper
1339 2353 1573 2396 expediendo,
1599 2350 1692 2386 omni
1706 2362 1783 2385 con·

304 2393 510 2447 tradictIOne
532 2420 542 2435 ‚
569 2397 780 2432 etdilatione
808 2398 1015 2434 cessantibus
1041 2424 1051 2439 ,
1077 2399 1256 2445 expediant
1285 2409 1388 2445 prout
1417 2399 1473 2435 alii
1493 2399 1672 2435 familiares
1699 2411 1778 2435 con·

299 2442 385 2476 tinui
408 2445 657 2496 ‘commensales
698 2445 801 2481 nostri
831 2446 863 2482 in
891 2447 986 2482 dicto
1012 2447 1126 2483 rotulo
1150 2449 1310 2494 descripti
1349 2473 1359 2486 ‚
1405 2457 1440 2484 et
1463 2457 1568 2494 prout
1605 2458 1779 2484 causarum

296 2488 414 2524 Palatii
443 2493 632 2537 Apostolici
658 2495 838 2530 Auditores
865 2496 1076 2541 expediunt.
1305 2507 1308 2510 ·

350 2538 414 2593 1X3
438 2541 577 2586 Ipsique
605 2543 864 2584 Referendarii‚
893 2553 1058 2580 eteorum
1090 2544 1217 2591 singuli
1242 2556 1304 2591 pro
1333 2556 1450 2581 eorum
1481 2558 1543 2583 usu
1559 2558 1603 2583 ex
1618 2546 1779 2590 Ripnet

298 2586 484 2635 Ripetibus
514 2599 638 2626 nostra:
653 2592 753 2627 Urbis
777 2604 835 2627 sex
864 2602 1001 2639 vegetes
1028 2593 1099 2630 vini
1115 2594 1302 2630 communis
1328 2595 1468 2642 singulis
1493 2596 1584 2632 annis
1610 2594 1711 2641 gratis
1737 2593 1778 2628 ad

1668 2651 1778 2678 instat
