2075 3167
469 273 521 301 12
756 255 831 297 DE
855 254 993 310 JURE
1017 251 1362 296 SIGNATURAE
1391 249 1651 301 JUSTthAE

462 327 593 362 teret,
624 327 712 372 post
745 316 902 359 obitum
936 313 1170 356 Cardinalis
1204 314 1249 354 S.
1269 313 1425 372 Georgii
1458 312 1533 354 sibi
1573 309 1745 353 debitam
1769 339 1782 359 ,
1813 322 1861 351 ex
1894 323 1943 351 eo

462 374 580 432 quod
601 376 743 416 morbo
763 375 829 417 hic
851 373 1068 432 impeditus
1082 401 1095 420 .
1128 373 1170 414 in
1189 372 1274 429 ejus
1290 372 1423 414 locum
1440 372 1680 414 substitutus
1695 383 1778 412 erat
1793 400 1806 419 ,
1833 368 1944 410 nullo

463 448 651 491 unquam
674 447 791 490 pacto
811 449 898 476 eam
925 432 1118 475 dimittere
1153 431 1310 480 voluit,
1343 445 1381 474 et
1411 443 1624 473 contentus
1658 429 1783 470 extitit
1811 442 1852 470 se
1882 442 1946 484 po-

465 494 548 537 tius
575 507 707 534 carere
729 493 921 536 reditibus
941 491 1037 540 illis,
1075 505 1200 545 quam
1220 490 1461 532 Praefectura
1481 518 1493 537 ,
1518 489 1614 545 quia
1643 489 1775 529 honor
1811 487 1845 528 ei
1862 501 1948 527 ma-

465 553 525 610 gis
542 552 653 595 cordi
670 565 756 594 erat
773 583 786 601 ‚
813 565 859 593 ut
875 552 1016 607 legitur
1032 550 1072 591 in
1086 549 1257 592 Historia
1277 549 1465 591 electionis
1487 547 1636 590 Urbani
1654 547 1760 591 VIII.
1781 562 1804 587 a
1821 547 1950 588 Fran-

464 612 567 654 cisco
585 611 761 654 Henrico
784 608 1070 667 Witzenclorffio
1101 608 1221 650 latine
1241 608 1395 650 reddita
1416 637 1429 656 ‚
1457 620 1494 650 et
1515 609 1565 649 ab
1598 608 1824 650 Hermanno
1853 605 1949 647 Con-

465 670 595 728 ringio
612 670 734 726 praelo
765 670 974 712 commissa
997 698 1006 707 .
1043 669 1133 709 Nec
1148 668 1393 710 Praefectura
1430 665 1597 723 hujusce
1625 664 1857 707 Tribunalis
1876 662 1952 704 bo-

466 742 570 771 nore
606 729 889 771 tantummodo
908 727 1086 786 gaudet,
1112 731 1251 768 verum
1269 738 1331 776 ‚et
1358 726 1470 768 luero
1489 757 1502 775 ,
1522 739 1653 779 quum
1665 725 1856 766 Praefecto
1879 722 1955 762 hu-

468 787 535 846 jus
555 789 783 844 Signaturae
801 819 814 837 ‚
844 803 928 829 non
950 800 1084 828 autem
1106 784 1156 826 illi
1176 785 1329 826 Grariae
1345 816 1357 834 ,
1387 800 1434 826 ex
1468 785 1638 840 antiquo
1669 783 1757 824 stilo
1777 782 1952 824 camera

467 847 698 905 Apostolica
730 863 805 889 suo
824 860 987 904 sumptu
1006 858 1168 902 praestat
1185 843 1436 899 stipendium
1469 856 1771 885 menstruorum
1789 854 1953 882 centurn

468 906 558 947 auri
590 939 603 955 ,
635 907 779 948 eodem
809 907 959 955 modo,
1001 919 1084 959 quo
1124 917 1285 960 praestat
1333 902 1534 957 aliquibus
1574 898 1955 957 Congregationurn

471 964 676 1005 Praefectis
692 996 705 1014 ‚
742 966 796 1006 ait
825 967 870 1004 de
887 966 992 1004 Luca
1008 963 1047 1002 in
1067 963 1265 1003 Relatione
1283 963 1468 1002 Romanae
1486 960 1614 1001 Carice
1637 959 1708 1013 (Ι)
1722 988 1731 998 .

585 1022 812 1065 Elenchum
838 1021 1125 1061 Praefectorurn
1160 1018 1337 1074 ejusdem
1364 1019 1593 1072 Signaturae
1615 1047 1627 1065 ‚
1667 1014 1854 1058 mutilum
1887 1029 1951 1058 sa-

470 1096 521 1122 ne
540 1113 553 1131 ‚
584 1096 656 1123 nec
691 1080 954 1126 absolutum,
987 1090 1025 1117 et
1058 1092 1079 1116 a
1112 1088 1284 1130 tempore
1317 1074 1454 1114 Leonis
1482 1075 1532 1113 X.
1568 1074 1836 1122 inchoatum,
1867 1074 1955 1115 edi-

471 1141 620 1182 derunt
655 1137 877 1180 Fattinellus
895 1137 967 1192 (2)
987 1167 999 1184 ‚
1031 1145 1069 1175 et
1098 1132 1285 1175 Coliellitcs
1311 1132 1413 1188 (3).
1448 1131 1711 1188 Quapropter
1746 1132 1856 1174 illum
1888 1133 1953 1174 hic

473 1198 787 1241 instaurandum
829 1209 910 1236 esse
960 1194 1152 1235 duximus
1180 1224 1193 1241 ,
1229 1191 1480 1233 exordientes
1513 1199 1532 1231 a
1571 1203 1744 1248 tempore
1778 1193 1956 1233 Alexan-

471 1257 532 1299 dri
562 1257 631 1300 VI.
672 1258 732 1297 De
768 1270 815 1296 eo
836 1267 1010 1308 namque
1032 1253 1218 1293 laudatus
1249 1250 1438 1292 Cohellias
1460 1249 1533 1306 (4)
1560 1249 1611 1290 ita
1636 1250 1845 1306 loquitur:
1878 1251 1957 1292 Re·-

470 1317 629 1358 troactis
658 1314 891 1373 temporibus
918 1313 1021 1353 nulla
1046 1309 1128 1364 fuit
1156 1308 1291 1367 agnita
1325 1308 1545 1366 differentia
1580 1308 1678 1350 inter
1701 1308 1956 1367 Signaturam

469 1374 639 1434 gratiae,
671 1390 708 1417 et
727 1371 896 1429 justitiae
914 1402 923 1411 .
961 1370 1186 1412 Alexander
1224 1368 1292 1412 VI.
1322 1371 1424 1410 hanc
1448 1367 1729 1410 distinctionem
1765 1368 1955 1416 decrevit,

471 1445 569 1477 teste
601 1432 776 1476 Gomesio
808 1461 820 1480 ,
854 1440 891 1472 et
920 1431 1202 1472 Marchesano.
1240 1428 1288 1469 Et
1319 1427 1469 1485 judicia
1506 1443 1677 1478 eorum,
1707 1428 1777 1483 qui
1807 1427 1957 1469 delica-

472 1492 612 1535 tissimi
642 1490 790 1534 fastidii
822 1503 947 1539 sunt,
975 1488 1130 1544 quique
1163 1501 1293 1542 quum
1325 1502 1455 1529 unum
1475 1517 1488 1536 ‚
1523 1487 1584 1531 vel
1612 1487 1734 1529 alium
1766 1487 1840 1528 sibi
1874 1486 1960 1527 for-

472 1565 573 1594 tasse
596 1563 744 1592 notum
764 1580 777 1599 ,
805 1550 847 1592 in
867 1548 1045 1605 qualibet
1077 1547 1173 1589 serie
1201 1562 1285 1588 non
1321 1547 1562 1604 descriptum
1594 1546 1851 1595 intueantur,
1871 1561 1960 1588 earn

471 1610 604 1654 statim
630 1610 832 1668 aspernari
863 1608 1022 1657 solent,
1058 1606 1157 1647 nihil
1190 1606 1360 1648 omnino
1393 1620 1628 1648 moramur.
1661 1607 1768 1647 Nam
1804 1603 1849 1646 in
1882 1606 1960 1647 hac

471 1670 689 1727 praesertim
716 1669 879 1711 materia
908 1682 982 1725 pro
1011 1681 1107 1709 vero
1144 1666 1346 1715 habetur,
1378 1665 1492 1721 quod
1509 1680 1585 1707 non
1605 1664 1734 1707 omnia
1756 1679 1962 1721 possumus

472 1743 605 1770 omnes
622 1758 633 1776 ‚
664 1740 702 1770 et
721 1728 839 1783 facile
870 1727 919 1768 sit
950 1724 1116 1768 inventis
1144 1725 1279 1766 addere
1298 1753 1308 1764 .

593 1788 724 1830 Primo
758 1787 878 1843 igitur
911 1785 998 1828 loco
1029 1785 1308 1828 collocandum
1343 1788 1784 1832 arbitramurJOnnnem
1804 1784 1963 1825 Arc-im-

472 1848 622 1889 holdam
643 1846 1002 1901 Archiepiscopum
1024 1845 1351 1886 Mediolanensem
1375 1872 1387 1891 ,
1422 1858 1442 1884 a
1462 1843 1575 1884 Sixto
1603 1844 1673 1882 IV.
1695 1843 1962 1883 Cardinalem

475 1918 681 1950 creatum.
715 1905 775 1944 De
814 1917 861 1943 eo
893 1901 1044 1942 mentio
1077 1913 1132 1940 est
1163 1901 1274 1954 apud
1303 1900 1544 1939 Fattinellum
1581 1897 1655 1953 (5)
1686 1929 1698 1946 ,
1728 1911 1766 1940 et
1799 1898 1963 1941 Ciacco-

473 1965 578 2006 nium
601 1992 614 2010 ‚
647 1962 718 2018 qui
745 1963 865 2005 verba
886 1957 1119 2016 li‘Iajoragii,
1153 1957 1264 1998 illum
1309 1955 1513 1997 laudantis
1544 1955 1585 1995 in
1616 1956 1801 2013 Panigyri
1840 1958 1966 2004 Ioan-

472 2024 533 2064 nis
553 2021 698 2079 Angeli
711 2019 950 2063 Arcimhololi
967 2017 1125 2060 alterius
1157 2014 1474 2056 Mediolanensis
1511 2013 1816 2072 Archiepiscopi
1836 2046 1849 2063 ,
1882 2031 1962 2058 no-

471 2082 572 2125 viter
604 2081 743 2130 electi,
780 2079 919 2128 refert,
944 2089 1114 2133 nempe:
1136 2073 1306 2129 justitia?
1322 2073 1479 2130 signum
1500 2104 1512 2122 ,
1542 2088 1616 2129 quo
1638 2074 1780 2115 nullum
1817 2073 1859 2114 in
1875 2085 1957 2116 tota
2009 2125 2013 2129 .

470 2141 649 2182 Romana
669 2139 786 2189 Curia
804 2137 931 2190 majus
948 2149 1068 2191 neque
1088 2131 1395 2189 honorificentius
1413 2131 1574 2186 officium
1587 2143 1660 2180 est,
1676 2148 1792 2189 usque
1807 2134 1860 2174 acl
1875 2133 1961 2174 obi-

472 2207 535 2241 tus
563 2197 627 2238 sui
652 2197 750 2238 diem
771 2210 918 2251 semper
930 2193 1089 2235 obtinuit
1107 2221 1119 2231 .

574 2255 770 2310 Sequitur
791 2253 937 2297 deinde
952 2252 1174 2295 cardinalis
1184 2252 1496 2301 Alexandrinus;
1510 2252 1557 2293 de
1571 2267 1654 2308 quo
1667 2252 1708 2293 in
1722 2249 1959 2304 Praefatione

1874 2312 1963 2353 Μι-

527 2417 582 2455 (1)
606 2418 690 2447 Disc.
707 2423 752 2456 3¹·
767 2425 851 2447 num.
868 2415 917 2446 18.
1290 2412 1349 2452 (4)
1373 2405 1445 2442 Lob-
1465 2413 1516 2442 cit.
1897 2380 1964 2393 .-

522 2461 576 2499 (2)
596 2463 640 2490 De
659 2460 861 2500 Referendar.
1289 2457 1342 2497 (ς)
1367 2459 1403 2488 In
1420 2456 1567 2500 Append.
1596 2455 1633 2488 de
1646 2453 1810 2497 Referend·

518 2506 570 2545 (3)
593 2505 693 2536 Notit.
708 2503 899 2538 Cardmalat.
928 2510 1188 2547 cap-57.p.310.
