1993 3195
142 408 181 437 ta
197 386 724 435 eorumdemTribunalium
735 401 937 443 congruas
957 389 1187 438 facultates,
1200 393 1503 448 appellationem
1523 361 1639 445 inter7-

139 446 289 509 ponere
304 480 313 489 .
352 449 392 490 Si
412 461 545 490 autem
582 446 759 488 ulteriori
780 446 1059 504 Appellationi
1095 449 1206 491 locus
1224 450 1273 492 sist
1291 483 1304 501 ‚
1338 455 1462 497 Rotae
1483 471 1637 504 tantum

139 509 361 552 Auditorio
391 523 456 550 eas
473 505 777 549 committendas
794 508 997 550 sancitum
1030 507 1108 550 fuit
1127 539 1140 558 ,
1175 523 1392 567 nunquam
1408 529 1501 557 vero
1524 521 1636 562 Prae-

140 569 227 611 latis
244 581 356 610 extra
383 569 529 609 Rotam
546 597 558 615 ‚
598 579 726 620 neque
751 563 847 621 ipsis
866 566 1148 610 Auditoribus
1164 568 1222 609 uti
1242 571 1425 615 Praelatis
1449 604 1458 614 .

261 627 423 669 Causas
437 625 532 669 verb
553 625 842 681 minusgraves
858 655 870 674 ,
907 627 949 668 in
974 626 1100 684 prima
1120 627 1314 671 instantia
1337 631 1379 672 in
1409 633 1523 678 dictis
1541 637 1635 680 duo-

141 688 218 730 bus
249 685 546 727 Tribunalibus
580 683 700 726 etiam
722 683 937 736 definitas,
976 688 1017 726 in
1047 686 1176 742 gradu
1207 689 1498 746 Appellationis
1528 711 1637 739 com·

141 745 358 789 mittendas
390 760 492 793 esse,
527 743 666 786 statuit
681 744 872 784 Summus
905 743 1094 791 Pontifex
1110 745 1341 792 'eademmet
1359 749 1633 802 Constitutio-

141 820 192 847 ne
209 837 224 854 ‚
267 804 437 846 omnino
462 801 646 846 praelatis
679 814 790 844 extra
821 804 969 847 Rotam
989 833 1002 852 ,
1028 804 1090 847 vel
1120 806 1252 848 Rotae
1272 808 1542 855 Auditoribus
1572 816 1628 858 uti

140 864 354 914 Praelatis3
383 863 466 904 illas
510 875 642 906 tamen
676 861 723 901 de
756 862 939 918 partibus
976 862 1218 917 judicandas
1250 880 1330 908 esse
1370 869 1414 910 in
1451 875 1628 915 secunda

140 922 335 966 instantia
359 922 401 963 in
421 922 535 964 dictis
547 920 844 963 Tribunalibus
862 921 1095 965 Cardinalis
1115 924 1265 967 Vicarii
1283 957 1295 976 ‚
1313 940 1350 969 et
1366 928 1417 970 A.
1441 929 1493 971 C.
1513 930 1628 983 juxta
1690 964 1693 977 .

139 996 282 1024 eorum
313 981 526 1039 respective
560 979 763 1022 facultates
784 995 796 1030 ;
832 982 875 1022 in
898 982 1076 1025 ulteriori
1095 983 1194 1025 verb
1227 984 1420 1029 instantia
1440 1019 1450 1036 ,
1483 1005 1629 1045 quate-

140 1055 221 1082 nus
240 1041 276 1082 ei
303 1041 352 1082 sit
385 1041 496 1081 locus
514 1071 526 1088 ‚
559 1039 869 1082 committendas
886 1041 1072 1083 Praelatis
1100 1051 1210 1083 extra
1229 1046 1373 1086 Rotam
1390 1075 1404 1094 ,
1436 1049 1630 1091 veletiam

140 1099 266 1156 ipsius
285 1101 408 1140 Rotae
439 1096 684 1146 Auditorio,
713 1097 819 1140 salva
846 1111 979 1141 tamen
1000 1099 1312 1156 collitigantibus
1347 1105 1532 1150 facultate
1566 1122 1629 1150 re·

138 1156 330 1197 currendi
351 1156 403 1193 ad
417 1155 675 1208 Signaturam
689 1156 869 1197 justitiae
889 1159 930 1195 in
949 1158 1106 1196 casibus
1121 1160 1374 1212 purgationis
1391 1165 1506 1217 spolii
1526 1194 1538 1212 ‚
1570 1181 1628 1211 at-

138 1226 384 1257 tentatorum
401 1241 413 1259 ,
447 1210 639 1252 nullitatis
673 1210 973 1266 praedictorum
1006 1211 1290 1264 Judicatorum
1318 1245 1332 1263 ,
1370 1221 1625 1280 aliorumque

136 1272 408 1315 Decretorum
427 1299 440 1318 ,
471 1284 516 1311 ac
548 1282 731 1311 actorum
749 1299 761 1317 ,
795 1284 974 1324 quorum
993 1271 1306 1330 circumscriptio
1335 1276 1470 1321 coram
1488 1284 1628 1327 eadem

139 1331 359 1389 Signatura
378 1329 550 1386 petitur;
581 1341 619 1370 et
643 1340 743 1371 tunc
761 1328 936 1372 liberum
965 1344 1020 1373 est
1053 1330 1266 1375 arbitrium
1287 1334 1466 1388 ejusdem
1483 1341 1627 1397 Signa-

139 1404 254 1434 turae
271 1422 283 1440 ,
317 1390 445 1431 dictas
477 1387 636 1429 Causas
671 1389 806 1430 minus
822 1405 964 1446 graves
982 1390 1224 1432 committere
1243 1394 1366 1436 alicui
1401 1413 1450 1440 ex
1467 1402 1625 1444 Praela-

138 1450 188 1494 tis
200 1481 213 1499 ,
242 1463 314 1494 aut
330 1448 523 1491 remittere
545 1447 598 1487 ad
617 1446 880 1489 Cardinalem
896 1449 1107 1491 Vicarium
1122 1479 1135 1498 2
1153 1449 1217 1491 Vel
1233 1453 1348 1496 adA.
1364 1455 1419 1498 C.
1438 1456 1552 1511 juxta
1565 1476 1626 1504 ea-

138 1525 231 1553 rum
251 1509 465 1565 qualitates
481 1539 494 1558 ,
528 1505 772 1563 illorumque
807 1508 1019 1551 facultates
1035 1539 1046 1550 .

259 1568 476 1611 Graviores
493 1599 506 1617 ‚
538 1582 583 1608 ac
602 1567 772 1623 proinde
798 1568 960 1610 Rotales
994 1566 1153 1611 Causas
1170 1574 1389 1617 censendas
1408 1591 1486 1620 esse
1505 1608 1517 1627 ,
1536 1580 1624 1623 lau-

139 1629 232 1671 data
253 1627 557 1670 Constitutione
575 1626 792 1669 edocemur
812 1657 824 1675 ‚
859 1642 923 1670 eas
940 1642 1079 1671 omnes
1106 1630 1148 1670 in
1162 1632 1315 1687 quibus
1330 1635 1624 1683 desierisclictio-

137 1703 186 1729 ne
220 1688 350 1745 agitur
371 1715 386 1733 ,
422 1685 725 1744 exemptionibus
739 1719 752 1736 ,
785 1687 1058 1744 adoptionibus
1074 1716 1088 1736 ‚
1121 1693 1360 1747 sponsalibus
1373 1726 1387 1743 ,
1410 1696 1622 1752 filiationi—

135 1748 228 1798 bus,
256 1744 560 1806 legitimitatibus
597 1774 610 1793 ,
640 1746 948 1802 prceeminentiis
975 1779 987 1797 ‚
1016 1751 1320 1805 praecedentiis,
1351 1755 1512 1799 „Iuribus
1527 1772 1621 1813 quo-

135 1821 208 1862 que
227 1817 456 1862 patronatus
474 1839 486 1856 ,
530 1806 688 1861 aliisque
720 1807 941 1864 honorificis
974 1808 1231 1858 nominandi,
1265 1812 1439 1869 elzgendl
1467 1842 1480 1861 ‚
1516 1825 1554 1856 ec
1570 1816 1618 1858 si-

136 1865 294 1905 milibus
312 1892 325 1909 ,
363 1874 434 1903 aut
449 1866 494 1902 cle
504 1866 598 1907 Iure
613 1865 793 1904 decimali
808 1895 820 1911 ,
853 1865 1076 1919 quozigancli
1099 1878 1171 1907 etc.
1205 1883 1365 1911 necnon
1395 1870 1558 1915 Causas
1579 1889 1623 1916 e..

139 1922 239 1964 tiam
264 1919 459 1962 servitutis
467 1920 680 1976 personalis
697 1949 710 1967 ,
733 1933 770 1961 et
781 1922 1015 1977 generaliter
1033 1937 1173 1966 omnes
1189 1953 1202 1973 ,
1219 1939 1257 1968 et
1274 1927 1449 1984 singulas
1462 1931 1622 1975 Causas

135 1978 393 2037 pecuniarias
407 2007 420 2025 ‚
456 1990 494 2018 et
512 1977 703 2033 profanas
721 1992 806 2018 tum
832 1979 1147 2022 citramontanas
1170 1995 1258 2024 tum
1273 1987 1590 2033 ultramontanas
1606 2022 1619 2041 ,

137 2038 401 2094 attingentes,
434 2035 627 2076 nimirum
654 2035 735 2077 illas
754 2051 952 2078 summam
980 2039 1300 2096 quingentorum
1318 2059 1525 2090 scutorum
1545 2065 1621 2092 au-

137 2097 197 2148 ri,
229 2098 299 2139 has
318 2108 413 2139 vero
431 2094 531 2138 mille
548 2107 757 2137 scutorum
790 2096 879 2137 auri
897 2097 1086 2139 similium
1108 2130 1116 2138 .

259 2157 364 2197 Inter
379 2154 581 2210 graviore-s
599 2153 757 2196 Causas
776 2156 976 2197 recensuit
989 2170 1152 2214 quoque
1167 2161 1418 2207 Beneficiales
1436 2195 1449 2214 ,
1468 2165 1511 2208 in
1527 2168 1620 2223 qui-

138 2216 214 2258 bus
245 2215 376 2272 agitur
393 2213 440 2255 de
459 2213 574 2256 titulo
591 2214 802 2263 Beneficii,
820 2229 864 2257 ac
882 2215 929 2256 de
945 2215 1041 2268 Jure
1062 2216 1102 2258 in
1124 2233 1163 2259 re
1183 2248 1195 2267 ‚
1227 2222 1287 2263 vel
1303 2225 1357 2265 ad
1376 2239 1460 2267 rem
1478 2255 1490 2274 ,
1510 2242 1618 2268 nem-

138 2289 186 2330 pe
205 2275 256 2316 ad
273 2275 405 2332 ipsum
418 2273 676 2330 Beneficium;
689 2274 780 2316 item
799 2274 956 2317 Causas
977 2277 1182 2320 Pensionis
1199 2280 1546 2334 Ecclesiasticae‚et
1565 2301 1619 2328 re-

142 2333 375 2377 servaticmis
389 2336 614 2382 fructuum,
633 2333 840 2376 redituum
862 2362 874 2381 ,
906 2349 943 2377 et
963 2349 1242 2392 proventuum
1255 2340 1618 2386 Ecclesiasticorum

144 2391 299 2446 quoties
317 2409 482 2438 annuus
498 2391 607 2436 valor
628 2393 814 2434 Beneficii
848 2393 1030 2450 litigiosi,
1054 2408 1093 2437 et
1119 2399 1259 2440 Pensio
1280 2429 1293 2446 ,
1333 2415 1377 2442 ac
1412 2402 1616 2455 quantitas

144 2450 345 2494 dictorum
359 2455 572 2497 fructuum
587 2452 783 2494 excedant
798 2467 997 2494 summam
1016 2466 1084 2508 24.
1103 2454 1348 2500 ducatorum
1365 2462 1452 2502 auri
1471 2462 1518 2503 de
1537 2462 1619 2504 Ca-

144 2523 281 2560 mera;
307 2514 529 2569 eisdemque
551 2511 739 2567 aequavit
757 2512 872 2553 etiam
905 2512 986 2554 illas
1014 2513 1056 2554 in
1077 2513 1229 2571 quibus
1256 2519 1386 2574 agitur
1412 2521 1459 2561 de
1481 2522 1616 2578 primis

144 2569 423 2626 Dignitatibus
456 2570 738 2615 Ecclesiastieis
761 2602 775 2622 ‚
806 2571 934 2628 prima
967 2586 1108 2630 nempe
1149 2589 1238 2632 post
1273 2579 1540 2623 Pontificalem
1574 2581 1615 2623 in

926 2632 942 2672 I
975 2646 1000 2675 2
1534 2639 1620 2682 Ca-
