1993 3195
625 304 655 338 A
694 304 718 336 Ρ
755 304 781 337 P
821 305 844 338 E
883 305 915 338 N
955 306 988 339 D
1026 305 1041 340 1
1081 305 1111 340 X
1566 319 1612 353 93

133 352 349 386 Prioratuum
367 351 612 395 cuiuscumque
631 351 771 385 Ordinis
787 351 885 385 etiam
904 352 1085 396 Regularis
1103 377 1112 392 ‚
1148 351 1373 398 Hospitalium
1390 375 1401 391 ‚
1435 364 1508 398 quae
1536 357 1614 391 dana

131 410 187 434 tur
207 400 237 433 in
255 397 391 433 titulum
407 398 460 433 vel
487 398 836 439 administrationem,
864 408 897 433 et
928 399 1172 434 Beneficiorum
1192 412 1484 455 quorumcumque
1511 404 1612 439 ctiam

131 447 351 493 Regularium
379 447 807 492 etiamjurispatronatus,
834 447 932 483 etiam
963 457 1223 491 exemptorum‚
1253 449 1351 483 etiam
1383 449 1503 484 nullius
1520 451 1613 485 Dioe-

129 496 212 530 cesis
232 521 243 536 ,
272 496 325 530 vel
344 495 417 531 aliis
433 495 588 531 Ecclesiis
604 520 614 535 ,
647 496 861 530 Monasteriis
878 521 888 536 ,
917 495 1152 540 Hospitalibus
1166 519 1176 534 ,
1209 505 1242 530 et
1270 496 1341 531 aliis
1356 497 1530 542 quibusvis
1552 500 1613 533 Lo*

128 544 175 579 cis
189 546 252 589 piis
268 545 368 580 etiam
401 545 567 590 exemptis
582 556 817 584 annexorum,
846 557 882 579 ac
911 556 1204 590 quorumcumque
1230 545 1374 580 aliorum
1406 546 1613 582 Ecclesiasti-

118 604 244 635 ycorum
263 594 482 629 reddituum.
510 605 570 628 seu
585 604 812 637 proventuum
845 594 886 628 ad
912 592 1066 628 Fabricas
1093 593 1318 629 Ecclesiarum
1339 594 1610 631 Confi-aternita-

127 648 199 682 tes,
226 651 260 677 et
289 642 491 677 Monasteria
517 642 653 682 omnia,
684 653 750 676 non
782 651 890 676 tamen
921 642 1186 678 Mendicantium
1206 667 1216 683 ,
1244 643 1510 698 pertinentium3
1539 645 1611 680 Nec

125 701 190 725 non
218 691 437 726 Decimarum
465 702 677 736 quacumque
697 691 827 725 ratione
853 694 892 725 ad
911 692 1023 726 Laicos
1041 716 1051 731 ,
1080 701 1182 737 atque
1208 693 1310 727 etiam
1343 692 1467 728 Milites
1499 695 1611 733 cujus-

125 751 269 785 cumqne
300 738 454 777 Militiae,
485 748 541 773 aut
566 738 730 779 Ordinis,
759 739 1071 793 Hierosolymitano
1105 750 1274 784 excepto,
1292 742 1515 785 spectantium
1548 752 1610 787 pro

125 788 273 827 ejusdem
291 786 467 822 Seminarii
484 788 762 823 manutentione.
792 788 897 822 Prout
911 788 1011 822 etiam
1027 790 1067 822 ab
1091 788 1214 823 unione
1229 813 1240 828 ,
1270 798 1304 823 et
1318 789 1538 846 applicatione
1553 790 1612 825 ali-

124 845 208 881 quot
220 837 470 872 Benefiriorum
494 836 695 881 simplicium
714 860 724 876 ,
751 842 810 870 nec
825 849 889 871 non
904 849 921 870 a
943 835 1099 871 Decretis
1114 837 1310 882 cogentibus
1326 849 1382 872 eos
1402 862 1412 877 ‚
1433 840 1489 884 qui
1508 840 1612 874 Scho-

126 884 273 920 lasterias
304 885 483 926 obtinent,
515 885 568 920 vel
585 885 707 931 quibus
731 885 899 920 Lectionis
916 885 994 925 ,vel
1023 886 1193 920 Doctrinae
1221 897 1339 920 munus
1366 895 1414 921 est
1443 899 1611 923 annexum

125 934 166 968 ad
182 935 370 970 docendum
388 946 492 979 perse
509 934 599 978 ipsos
613 959 624 974 ,
652 933 704 969 vel
722 933 862 968 idoneos
878 934 1087 968 Substitutos
1103 958 1113 974 ,
1141 943 1174 968 et
1199 933 1402 978 generaliter
1430 937 1447 969 a
1474 937 1608 971 Manda-

125 981 168 1016 tis
183 1007 193 1023 ,
219 991 253 1018 et
281 983 528 1028 provisionibus
545 1009 555 1023 ‚
583 994 658 1028 quae
687 994 823 1028 quoquo
841 983 940 1017 modo
971 981 1154 1026 respiciunt
1170 982 1299 1017 Curam
1320 1006 1330 1021 ,
1358 982 1579 1019 directionem
1598 1007 1610 1024 ,

125 1039 159 1065 et
188 1031 506 1067 administrationem
535 1031 738 1070 Seminarii,
765 1031 966 1075 plenamque
996 1032 1255 1075 exequutionem
1294 1031 1453 1071 Deci-eti,
1482 1031 1564 1066 editi
1592 1033 1610 1067 ἓι

124 1078 227 1115 Sacro
242 1081 401 1117 Concilio
415 1093 516 1126 super
530 1079 691 1126 Collegio
709 1079 896 1115 Puerorum
917 1080 946 1114 in
962 1079 1101 1125 singulis
1121 1078 1384 1116 Cathedralibus
1401 1080 1609 1116 instituendo

124 1137 265 1174 sess.23.
281 1132 319 1165 de
336 1131 443 1172 λείαν.
461 1138 533 1176 cap.
554 1132 609 1164 18.
688 1165 690 1167 ,

223 1179 334 1213 Item·
327 1191 344 1213 a
361 1179 551 1217 Mandatis,
577 1179 636 1212 seu
658 1178 812 1212 Decretis
839 1177 1039 1224 cogentibus
1060 1179 1267 1213 OEconomos
1286 1201 1295 1216 ,
1322 1177 1477 1212 Vicarios
1507 1176 1611 1221 Capi-

124 1225 247 1275 tulares
277 1228 317 1261 ad
343 1227 544 1261 reddendam
561 1227 725 1262 rationem
749 1226 1056 1261 Administrationis
1072 1237 1131 1271 per
1151 1238 1206 1260 eos
1235 1235 1336 1272 gestae
1355 1227 1440 1261 Sede
1472 1226 1610 1271 Episco-

124 1275 191 1320 pali
208 1278 448 1315 vacantejuxta
467 1276 696 1320 praescriptum
716 1274 806 1309 Sacri
824 1274 974 1310 Concilii
995 1287 1071 1309 sess.
1091 1287 1147 1322 24.
1167 1277 1205 1309 de
1222 1275 1332 1317 Refor.
1350 1283 1436 1321 cap.
1449 1277 1507 1309 16.

223 1324 308 1358 Item
339 1327 357 1359 a
384 1324 643 1358 comminatione
660 1323 1019 1358 excommunicationis
1049 1326 1066 1358 a
1096 1324 1178 1364 Jure
1198 1323 1297 1361 latae,
1327 1333 1361 1358 et
1394 1325 1413 1357 a
1438 1321 1607 1357 Sententia

125 1372 483 1407 excommunicationis
502 1375 573 1407 lat-e
589 1374 629 1407 ab
644 1371 804 1412 homine,
818 1372 1046 1416 suspensionis
1063 1396 1074 1412 ‚
1101 1382 1133 1406 et
1159 1371 1331 1406 interdicti
1348 1395 1358 1411 ,
1377 1371 1440 1406 nisi
1459 1369 1608 1416 appella-

124 1419 174 1454 tio
192 1420 295 1454 fuerit
310 1421 506 1464 interposita
526 1433 566 1455 ex
583 1416 689 1465 capite
718 1420 901 1455 nullitatis:
932 1421 971 1454 Et
1003 1421 1021 1454 e
1046 1431 1212 1454 converso
1239 1422 1256 1454 ἐι
1285 1420 1456 1453 Sententia
1472 1417 1607 1453 absolu-

123 1467 225 1503 tionis
240 1469 280 1502 ab
312 1468 438 1502 eisdem
457 1469 618 1502 Censuris
633 1467 875 1503 Ecelesiasticis
897 1483 904 1501 =
928 1468 969 1501 Et
990 1468 1194 1511 generaliter
1225 1469 1265 1500 ab
1292 1467 1497 1501 executione
1521 1466 1609 1501 alio-

113 1527 197 1551 ·rum
215 1527 512 1561 quorumcumque
527 1516 754 1551 Decretorum
785 1516 818 1549 d.
836 1515 929 1550 Sacri
951 1514 1101 1549 Concilii
1117 1514 1303 1549 Tridentini
1332 1514 1509 1560 Episcopis
1523 1538 1533 1554 ,
1561 1522 1608 1549 at-

122 1576 187 1610 que
215 1564 409 1598 Ord'inariis
427 1565 580 1598 locorum
599 1566 795 1599 demandata
811 1565 851 1598 ab
866 1563 941 1608 ipso
957 1563 1139 1603 Concilio,
1168 1572 1202 1597 et
1223 1564 1254 1597 in
1272 1563 1535 1598 Constitutione
1550 1562 1610 1597 fel.

125 1623 192 1648 rec:
210 1611 262 1645 Pii
294 1613 358 1646 1³1³.
376 1613 436 1646 IV.
455 1623 528 1657 quae
545 1613 662 1656 incipit
688 1627 723 1647 =
746 1613 939 1646 Benedictus
954 1617 1042 1645 Deus
1057 1635 1066 1645 .

224 1661 391 1695 Volumus
411 1684 421 1700 ‚
447 1659 660 1706 praecipimus
678 1685 688 1700 ,
715 1669 748 1694 et
774 1661 967 1694 mandamus
985 1684 994 1699 ‚
1023 1659 1115 1704 quod
1144 1660 1186 1694 ab
1216 1658 1516 1703 Arclsiepiscopis‚
1549 1658 1608 1694 Pa-

123 1710 278 1745 triarchis
297 1733 307 1749 ‚
333 1713 390 1745 seu
419 1708 647 1746 Primatibus‚
674 1707 813 1752 aliisque
840 1708 1017 1748 judicibus
1057 1708 1325 1746 Ecclesiasticis‚
1354 1706 1454 1742 etiam
1485 1707 1606 1741 nostris

123 1767 155 1793 et
172 1758 267 1793 Sedis
294 1757 496 1803 Apostolicae
510 1756 651 1792 Nunciis
672 1781 681 1797 ‚
712 1755 765 1791 vel
798 1757 839 1790 de
856 1754 957 1790 latere
974 1756 1106 1801 Legatis
1121 1780 1131 1795 ,
1159 1758 1256 1790 etiam
1278 1757 1309 1790 S.
1327 1756 1368 1790 R.
1385 1757 1422 1790 E.
1450 1756 1611 1791 Cardina-

122 1807 237 1844 libus,
266 1815 366 1852 atque
393 1807 492 1842 etiam
510 1806 664 1841 Camerae
681 1814 801 1840 nostrae
830 1804 975 1849 generali
1008 1806 1199 1843 Auditore,
1230 1805 1412 1850 Signatum
1430 1803 1609 1845 Praefecto,

123 1855 319 1900 exterisque
344 1855 523 1897 judicibus
552 1855 711 1888 Romanae
736 1853 877 1893 Curiae,
904 1858 1090 1898 eorumque
1117 1853 1285 1891 Vicarfis,
1312 1861 1344 1887 et
1369 1852 1608 1893 Officialibus,

130 1904 325 1939 Citationes
357 1902 527 1950 generales
554 1927 563 1942 ,
591 1901 643 1937 vel
675 1903 836 1948 speciales
871 1913 950 1936 cum
979 1900 1230 1936 commissione
1261 1901 1382 1936 inserta
1414 1925 1423 1940 ,
1459 1900 1611 1936 Monito-

123 1951 172 1986 ria
189 1976 199 1991 ,
226 1962 258 1987 et
284 1953 347 1987 alia
380 1951 573 1992 hujusmodi
601 1964 677 1986 cum
713 1950 934 1987 inhibitione,
959 1961 1020 1996 per
1050 1962 1147 1995 quam
1167 1950 1348 1996 exequutio
1365 1950 1608 1990 Decretorum‚

121 1999 360 2036 Mandatorum
381 2027 391 2042 ,
419 2011 450 2036 et
484 1999 718 2035 provisionum
739 1999 933 2038 hujusmodi
965 1999 1177 2039 retardetur,
1203 1999 1449 2042 suspendatur,
1477 2007 1533 2033 aut
1548 1997 1609 2033 im·

121 2048 277 2093 pediatur
295 2073 305 2088 ,
334 2050 472 2085 minime
509 2051 762 2087 concedantur,
790 2058 822 2082 et
848 2049 1008 2093 quatenus
1040 2060 1128 2082 nunc
1154 2072 1164 2087 ,
1201 2056 1257 2082 aut
1289 2048 1495 2092 inposterum
1525 2058 1608 2081 con·

122 2108 213 2132 cessa
231 2097 384 2138 fuerint,
412 2098 598 2133 nullatenus
626 2097 822 2137 inhibeant,
850 2105 948 2141 atque
978 2097 1018 2130 ab
1041 2097 1239 2139 Episcopis‚
1267 2095 1411 2151 aliisque
1431 2097 1607 2130 Locorum

123 2145 339 2182 Ordinariis
331 2148 468 2191 impune
493 2146 603 2191 sperni
621 2145 769 2189 possint,
798 2156 1010 2190 quacumque
1026 2145 1286 2180 Consuetudine
1313 2145 1414 2179 etiam
1433 2145 1610 2179 immemo-

125 2193 248 2234 rabili,
277 2195 330 2229 vel
354 2194 473 2239 quovis
502 2193 713 2240 PrivilegiO,
741 2202 797 2228 aut
824 2191 913 2248 ⁵.tyl⁰
945 2193 1151 2226 concedendi
1179 2194 1401 2226 Inhibitiones
1438 2192 1471 2227 in
1485 2191 1607 2227 causis

123 2243 315 2287 praedictis,
343 2243 474 2277 tametsi
493 2241 740 2300 temporarias,
768 2241 898 2284 penitus
926 2240 1094 2275 exclusis.
1123 2241 1197 2276 Nos
1227 2241 1315 2275 enim
1333 2241 1548 2280 Citationes,
1575 2247 1609 2275 et

125 2291 337 2330 Monitoria,
366 2291 463 2325 aliter
491 2301 591 2344 quam
626 2298 662 2322 ut
690 2290 867 2331 praefertur
890 2312 900 2327 ,
928 2300 1084 2323 concessa
1111 2313 1122 2327 ‚
1161 2290 1215 2323 vel
1251 2290 1459 2333 inposterum
1488 2299 1617 2327 conce-‚

125 2339 229 2374 denda
246 2363 258 2379 ,
284 2340 372 2375 nulla
386 2350 486 2384 atque
515 2338 607 2372 irrita
636 2335 841 2371 declaramus
861 2360 871 2375 ,
899 2345 931 2369 et
955 2347 1016 2379 pro
1033 2335 1130 2370 nullis
1148 2361 1157 2374 ‚
1184 2347 1282 2381 atque
1300 2337 1403 2371 irritis
1419 2337 1534 2370 haberi
1549 2347 1608 2370 vo-

125 2388 236 2424 lumus
253 2412 262 2428 ‚
290 2397 322 2422 et
341 2390 555 2424 mandamus=
586 2387 814 2420 Decernentes
829 2408 839 2424 ‚
867 2384 956 2429 Quod
973 2386 1132 2421 adversus
1159 2385 1330 2432 Decreta,
1359 2386 1512 2418 Mandata
1529 2409 1538 2423 ‚
1571 2391 1606 2419 et

124 2437 340 2472 provisiones
359 2435 527 2477 eim-modi
547 2461 555 2476 ‚
583 2446 663 2480 quas
683 2458 692 2473 ‚
719 2434 862 2477 velquae
889 2435 928 2466 ab
965 2432 1158 2477 Epiampis,
1186 2434 1325 2479 aliisque
1359 2434 1523 2468 Locorum
1540 2432 1607 2467 Or-

125 2485 261 2521 dinariis
282 2487 347 2520 fieri
367 2509 376 2522 ,
404 2485 459 2519 vel
487 2484 559 2529 capi
578 2482 761 2527 contigerit
793 2481 823 2516 in
840 2480 961 2515 Causis
979 2506 989 2520 ‚
1016 2490 1048 2515 et
1076 2481 1215 2527 negotiis
1247 2481 1438 2524 praedictis,
1455 2482 1507 2515 vel
1528 2481 1608 2517 sim-

125 2535 202 2582 plex
228 2536 424 2573 dumtaxat,
452 2542 485 2567 et
500 2530 759 2574 extrajudicialis
776 2541 929 2566 recursus
951 2540 1012 2577 per
1027 2530 1115 2566 viam
1137 2530 1302 2577 supplicis
1328 2530 1434 2567 libelli
1450 2531 1514 2573 ,ad
1532 2530 1605 2565 Nos

1570 2586 1606 2614 et
