1952 3167
350 327 433 381 138
638 326 714 366 DE
744 326 879 374 JURE
910 324 1256 368 SIGNATURAE
1283 321 1541 374 JUSTlTlAE

334 384 446 435 lam;
482 398 520 427 er
546 384 715 441 quando
759 385 828 428 illis
858 386 1067 428 commixti
1095 401 1193 429 sunt
1226 385 1505 439 delinquentes
1540 381 1761 424 Christiani
1781 411 1790 428 ,

336 444 459 488 habet
486 445 624 486 locum
658 446 895 501 praeventio
926 461 972 487 ex
1004 445 1308 488 Constitutione
1332 445 1494 487 Pauliv.
1519 446 1690 485 Demum
1709 443 1795 483 No·

338 505 427 546 tarii
442 504 619 561 ejusdem
638 504 792 546 Curiae
807 506 849 546 in
873 505 1064 547 omnibus
1079 504 1228 546 Causis
1258 518 1338 546 tam
1357 508 1508 546 ratione
1530 502 1792 549 Officiorum‚

334 579 460 620 quam
479 563 571 605 alias
588 565 974 620 quomodocumque
998 577 1137 606 contra
1158 579 1248 614 eos,
1267 578 1486 618 eorumque
1506 561 1675 604 familias
1693 573 1792 601 con-

337 624 533 666 veniendi
551 639 645 667 sunt
665 624 704 664 in
727 624 811 681 ipsa
831 624 962 665 Curia
985 639 1031 666 cx
1052 624 1360 666 Constitutione
1380 623 1478 665 Sixti
1497 639 1536 666 v.
1557 619 1792 664 confirmata

339 697 361 723 a
384 684 509 724 Paulo
533 698 595 732 V.;
626 696 793 740 excepto
813 698 908 725 casu
928 684 1132 726 cautionis
1152 715 1164 732 ,
1195 699 1319 740 quarn
1355 696 1556 740 praestant
1588 678 1704 722 risico
1719 677 1790 720 Of-

338 741 444 792 ficii,
480 758 552 800 pro
583 758 665 798 qua
705 742 980 786 conveniendi
1011 756 1108 786 sunt
1142 757 1278 785 coram
1310 743 1451 797 Judice
1472 742 1634 785 Causae
1656 753 1668 788 ;
1696 751 1792 795 pro-

339 811 385 841 ut
416 802 614 860 rescripsit
647 801 865 859 Signatum
895 802 935 844 in
972 802 1151 845 Romana
1173 802 1431 861 pertinentiae
1463 802 1610 845 Causae
1642 811 1710 852 15.
1732 811 1791 838 se-

330 862 522 915 ptembris
562 860 685 903 1612.

453 921 625 976 Captum
645 921 715 962 Rei
733 920 774 960 id
792 919 912 961 efficit
932 952 944 969 ,
961 935 1007 963 ut
1023 921 1094 977 qui
1114 936 1201 962 eam
1219 921 1498 977 praevenerit,
1518 918 1552 962 is
1569 918 1692 960 iudex
1712 929 1791 958 esse

334 977 500 1025 debeat,
519 978 719 1018 licetalter
735 979 976 1034 praevenerit
989 980 1107 1020 etiam
1128 980 1181 1020 ad
1196 980 1439 1021 sententiam
1456 974 1798 1020 contumacialem

335 1048 381 1077 ut
417 1034 540 1077 tradit
571 1036 845 1076 Ferdinaaclus
873 1036 920 1075 cle
947 1037 1209 1086 Valeatibu53
1239 1050 1276 1079 et
1310 1038 1364 1079 ita
1408 1037 1631 1079 Praefectus
1663 1035 1799 1076 decre·-

333 1094 389 1136 vit
408 1104 481 1151 pro
508 1093 651 1136 Fiscali
665 1095 883 1137 Promotore
903 1093 935 1135 C
935 1095 1044 1137 uriae
1061 1096 1305 1153 Episcopalis
1323 1097 1525 1139 Alam-inae
1543 1110 1647 1138 anno
1673 1107 1798 1150 1779.

331 1168 401 1210 per
416 1162 508 1195 acta
526 1153 700 1196 Archivii
717 1184 726 1194 .
752 1156 800 1196 Et
818 1169 892 1210 pro
914 1154 1030 1196 Curia
1071 1154 1291 1212 Capitolina
1329 1158 1382 1198 ob
1396 1154 1724 1213 praeventionem
1758 1152 1801 1193 in

333 1225 502 1268 captura
523 1226 664 1255 contra
678 1211 835 1255 Curiam
857 1213 1046 1255 Gubernii
1063 1246 1075 1263 ,
1094 1229 1180 1256 non
1194 1215 1453 1257 obstantibus
1482 1212 1569 1263 ejus
1586 1208 1802 1270 privilegiis

331 1272 542 1320 Auditor,
559 1271 775 1327 itidemque
795 1274 1024 1314 Praefectus
1055 1273 1158 1315 inter
1193 1274 1432 1330 respectivos
1461 1272 1595 1313 Fiscos
1617 1285 1682 1325 17.
1696 1269 1804 1326 apri-

331 1329 376 1372 lis
390 1343 510 1386 1779.
530 1344 599 1386 per
634 1344 721 1373 acta
740 1331 902 1372 Berardi
930 1334 1207 1373 censuerunt¹.

454 1389 583 1430 castri
601 1391 645 1430 S.
665 1390 811 1447 Angeli
841 1389 1062 1444 Praefectus
1111 1389 1393 1443 jurisdictione
1424 1389 1544 1445 pollet
1567 1387 1707 1444 quoad
1723 1388 1804 1428 Ba-

334 1445 511 1495 Iistarios,
543 1461 581 1489 et
599 1449 870 1490 Auxiliatores
906 1449 948 1488 in
968 1449 1014 1489 iis
1032 1451 1151 1491 rebus
1169 1478 1182 1497 ‚
1218 1464 1321 1505 quae
1339 1448 1560 1506 respiciunt
1584 1462 1725 1489 eorum
1745 1445 1806 1487 of-

335 1505 452 1555 ficia,
485 1519 607 1563 atque
638 1507 845 1564 privilegia
882 1508 1145 1563 exemptionis
1172 1523 1194 1549 a
1215 1508 1345 1557 taxis,
1383 1521 1420 1551 et
1437 1507 1630 1549 oneribus
1664 1519 1808 1562 perso-

338 1564 501 1607 nalibus
521 1580 680 1608 tantum
697 1597 710 1615 ,
745 1577 783 1607 et
797 1567 937 1621 quoad
958 1566 1043 1609 illos
1074 1567 1330 1609 solummodo
1349 1599 1362 1617 ‚
1401 1565 1471 1623 qui
1491 1566 1678 1622 descripti
1711 1576 1809 1607 sunt

340 1622 383 1662 in
402 1625 613 1666 matricula
634 1654 646 1672 ‚
666 1625 746 1668 sive
763 1626 888 1675 Rollo,
904 1640 952 1667 ex
970 1627 1085 1668 Motu
1099 1627 1254 1685 proprio
1279 1626 1499 1669 Clementis
1516 1638 1616 1667 x111.
1635 1624 1712 1666 diei
1732 1623 1806 1665 26.

335 1681 437 1723 maii
458 1682 583 1738 1762⁷
605 1685 691 1727 Sub
709 1682 946 1736 hujusmodi
980 1698 1111 1728 tamen
1131 1686 1406 1729 iurisdictione
1439 1700 1523 1726 non
1544 1683 1811 1741 comprehen-

340 1740 496 1783 duntur
514 1744 719 1786 Balistarii
737 1743 886 1786 addicti
906 1743 992 1786 aliis
1010 1747 1144 1789 castris
1161 1777 1175 1797 ‚
1205 1746 1284 1789 sive
1302 1744 1516 1787 Fortaliziis
1533 1760 1546 1794 3
1579 1759 1627 1786 ex
1643 1758 1690 1784 eo
1708 1740 1809 1799 quia

339 1799 674 1859 Chirographum
701 1803 981 1859 supradictum
999 1806 1047 1845 de
1064 1806 1200 1860 primis
1218 1804 1502 1846 tantummodo
1521 1803 1703 1858 loquitur
1716 1832 1725 1842 .
1759 1802 1811 1845 Et

342 1858 396 1900 ita
417 1860 595 1904 decrevit
624 1862 750 1902 Effius
779 1861 1004 1903 Praefectus
1026 1875 1164 1904 contra
1186 1862 1405 1917 quemdam
1419 1893 1432 1912 ‚
1453 1861 1661 1905 addictum
1676 1862 1814 1904 Forta-

340 1917 424 1961 lz'tio
443 1920 694 1978 Senogalliae
712 1951 725 1969 ‚
750 1919 812 1960 die
840 1920 908 1961 18.
926 1919 1009 1962 iulii
1043 1920 1153 1976 1778
1170 1935 1239 1978 per
1255 1931 1341 1963 acta
1361 1921 1546 1963 cameme
1563 1951 1572 1960 .

460 1978 598 2020 Cautio
619 1980 700 2020 Ioco
718 1978 967 2036 appositionis
997 1980 1174 2021 Custodis
1200 1994 1286 2021 non
1303 1980 1424 2020 habet
1441 1980 1600 2026 locum,
1635 1977 1807 2030 quando

341 2049 391 2079 ex
412 2050 534 2093 pacto
549 2050 751 2081 conventa
770 2038 891 2081 suerit
905 2053 1053 2082 manus
1069 2037 1230 2094 injectio
1251 2052 1369 2095 super
1385 2038 1504 2079 rebus
1519 2067 1533 2086 ,
1565 2036 1626 2079 vel
1642 2051 1810 2081 reserva-

340 2109 426 2138 tum
459 2096 689 2140 dominium
715 2112 836 2154 super
847 2097 1070 2140 fructibus.
1096 2098 1146 2137 Et
1167 2098 1220 2139 ita
1238 2095 1624 2153 censuitSignatura
1649 2096 1690 2137 in
1702 2098 1809 2139 Cau-

337 2169 379 2196 sa
410 2154 608 2198 Albanen.
630 2170 699 2210 23.
715 2155 814 2197 iunii
833 2153 964 2208 1768.

394 2214 555 2256 Cautela
575 2212 723 2271 Angeli
735 2243 748 2262 ,
776 2226 883 2267 quae
904 2225 1046 2269 nempe
1065 2214 1309 2270 proponitur
1335 2227 1411 2269 pro
1421 2213 1537 2267 1'dotis
1556 2215 1811 2257 assicuratio-

339 2286 403 2322 ne,
413 2285 470 2314 est
487 2272 692 2330 alleganda
710 2283 849 2314 coram
871 2271 1004 2314 iudice
1025 2273 1207 2316 mandati
1219 2307 1232 2324 ,
1245 2288 1293 2316 ex
1310 2272 1596 2327 Reformatione
1615 2275 1812 2317 Innocen-

338 2330 382 2373 tii
403 2344 481 2372 xil.
514 2332 613 2372 anni
649 2330 775 2386 1692.
808 2331 907 2390 (1).
941 2331 996 2372 Vi
1015 2343 1146 2383 tamen
1177 2332 1273 2392 legis
1297 2333 1435 2376 unicae
1469 2348 1597 2392 potest
1622 2332 1810 2376 declinari

339 2391 477 2432 forum
498 2389 708 2439 mandati,
737 2390 834 2447 quia
861 2390 968 2434 dicto
990 2390 1194 2448 privilegio
1215 2408 1299 2435 non
1336 2408 1518 2438 censetur
1545 2394 1777 2450 derogatum
1796 2419 1811 2439 2

1689 2464 1810 2512 prout

1639 2527 1794 2542 β

701 2521 856 2534 ψ

1018 2519 1326 2537 ——n——

381 2577 434 2617 (1)
459 2580 551 2610 Penes
573 2578 721 2612 Ansald.
736 2580 846 2613 adnot.
863 2580 906 2613 ad
921 2580 1095 2622 decis-105.
1118 2593 1159 2617 nu
1174 2588 1216 2613 m.
1234 2583 1289 2614 26.
