<?xml version="1.0" encoding="UTF-8"?>
<!DOCTYPE html PUBLIC "-//W3C//DTD XHTML 1.0 Transitional//EN"
    "http://www.w3.org/TR/xhtml1/DTD/xhtml1-transitional.dtd">
<html xmlns="http://www.w3.org/1999/xhtml" xml:lang="en" lang="en">
 <head>
  <title>
</title>
<meta http-equiv="Content-Type" content="text/html;charset=utf-8" />
  <meta name='ocr-system' content='tesseract 3.04.00' />
  <meta name='ocr-capabilities' content='ocr_page ocr_carea ocr_par ocr_line ocrx_word'/>
</head>
<body>
  <div class='ocr_page' id='page_1' title='image "./dejuresignaturae00vita_0141.png"; bbox 0 0 1993 3195; ppageno 0'>
   <div class='ocr_carea' id='block_1_1' title="bbox 66 335 1552 2453">
    <p class='ocr_par' dir='ltr' id='par_1_1' title="bbox 591 335 1534 393">
     <span class='ocr_line' id='line_1_1' title="bbox 591 335 1534 393; baseline 0.003 -16"><span class='ocrx_word' id='word_1_1' title='bbox 591 335 630 377; x_wconf 84' lang='lat' dir='ltr'>C</span> <span class='ocrx_word' id='word_1_2' title='bbox 665 336 704 375; x_wconf 80' lang='grc' dir='ltr'>Α</span> <span class='ocrx_word' id='word_1_3' title='bbox 736 338 764 376; x_wconf 82' lang='grc' dir='ltr'>Ρ</span> <span class='ocrx_word' id='word_1_4' title='bbox 796 336 838 376; x_wconf 88' lang='lat' dir='ltr'><strong>U</strong></span> <span class='ocrx_word' id='word_1_5' title='bbox 869 336 907 377; x_wconf 76' lang='lat' dir='ltr'>T</span> <span class='ocrx_word' id='word_1_6' title='bbox 969 338 1019 378; x_wconf 83' lang='grc' dir='ltr'><strong>ῙῙ.</strong></span> <span class='ocrx_word' id='word_1_7' title='bbox 1458 358 1534 393; x_wconf 77' lang='lat'><strong>127</strong></span> 
     </span>
    </p>

    <p class='ocr_par' dir='ltr' id='par_1_2' title="bbox 67 392 1552 1988">
     <span class='ocr_line' id='line_1_2' title="bbox 197 392 1536 455; baseline 0.005 -21"><span class='ocrx_word' id='word_1_8' title='bbox 197 392 383 436; x_wconf 76' lang='lat' dir='ltr'><strong>Abbau‘ae</strong></span> <span class='ocrx_word' id='word_1_9' title='bbox 413 393 444 433; x_wconf 84' lang='lat' dir='ltr'><em>S</em></span> <span class='ocrx_word' id='word_1_10' title='bbox 449 425 454 429; x_wconf 87' lang='lat'>.</span> <span class='ocrx_word' id='word_1_11' title='bbox 478 393 635 436; x_wconf 80' lang='lat' dir='ltr'><strong>Mzrz&#39;ae</strong></span> <span class='ocrx_word' id='word_1_12' title='bbox 659 394 887 436; x_wconf 76' lang='lat' dir='ltr'><strong>Claravallz&#39;s</strong></span> <span class='ocrx_word' id='word_1_13' title='bbox 906 426 918 444; x_wconf 87' lang='lat'>‚</span> <span class='ocrx_word' id='word_1_14' title='bbox 950 398 994 437; x_wconf 67' lang='lat' dir='ltr'><strong>(le</strong></span> <span class='ocrx_word' id='word_1_15' title='bbox 1013 396 1166 438; x_wconf 79' lang='lat' dir='ltr'><strong>Flastra</strong></span> <span class='ocrx_word' id='word_1_16' title='bbox 1189 411 1448 455; x_wconf 77' lang='lat' dir='ltr'><strong>nuncupatae,</strong></span> <span class='ocrx_word' id='word_1_17' title='bbox 1466 395 1536 445; x_wconf 52' lang='lat' dir='ltr'><strong>Sa‘-</strong></span> 
     </span>
     <span class='ocr_line' id='line_1_3' title="bbox 81 452 1535 506; baseline 0.003 -8"><span class='ocrx_word' id='word_1_18' title='bbox 81 454 251 500; x_wconf 78' lang='lat' dir='ltr'><strong>rocct&#39;ani</strong></span> <span class='ocrx_word' id='word_1_19' title='bbox 267 480 279 499; x_wconf 91' lang='lat'>‚</span> <span class='ocrx_word' id='word_1_20' title='bbox 307 465 343 493; x_wconf 88' lang='lat' dir='ltr'><strong>et</strong></span> <span class='ocrx_word' id='word_1_21' title='bbox 366 452 408 492; x_wconf 83' lang='lat' dir='ltr'><strong>S.</strong></span> <span class='ocrx_word' id='word_1_22' title='bbox 430 453 588 495; x_wconf 78' lang='lat' dir='ltr'><strong>Mariae</strong></span> <span class='ocrx_word' id='word_1_23' title='bbox 605 453 644 495; x_wconf 78' lang='lat' dir='ltr'><strong>in</strong></span> <span class='ocrx_word' id='word_1_24' title='bbox 664 455 772 496; x_wconf 73' lang='lat' dir='ltr'><em>Silva</em></span> <span class='ocrx_word' id='word_1_25' title='bbox 797 457 904 497; x_wconf 87' lang='lat' dir='ltr'><strong>bona</strong></span> <span class='ocrx_word' id='word_1_26' title='bbox 929 455 1068 496; x_wconf 86' lang='lat' dir='ltr'><strong>omnia</strong></span> <span class='ocrx_word' id='word_1_27' title='bbox 1087 456 1239 498; x_wconf 81' lang='lat' dir='ltr'><strong>stabilia</strong></span> <span class='ocrx_word' id='word_1_28' title='bbox 1256 488 1269 506; x_wconf 84' lang='lat'>‚</span> <span class='ocrx_word' id='word_1_29' title='bbox 1287 473 1380 498; x_wconf 82' lang='lat' dir='ltr'><strong>cnm</strong></span> <span class='ocrx_word' id='word_1_30' title='bbox 1397 475 1535 503; x_wconf 81' lang='lat' dir='ltr'><strong>eorum</strong></span> 
     </span>
     <span class='ocr_line' id='line_1_4' title="bbox 82 511 1537 572; baseline 0.004 -16"><span class='ocrx_word' id='word_1_31' title='bbox 82 511 249 556; x_wconf 82' lang='lat' dir='ltr'><strong>annexis</strong></span> <span class='ocrx_word' id='word_1_32' title='bbox 267 539 280 558; x_wconf 88' lang='lat'>‚</span> <span class='ocrx_word' id='word_1_33' title='bbox 311 524 350 553; x_wconf 89' lang='lat' dir='ltr'><strong>et</strong></span> <span class='ocrx_word' id='word_1_34' title='bbox 368 513 562 553; x_wconf 76' lang='lat' dir='ltr'>connexis</span> <span class='ocrx_word' id='word_1_35' title='bbox 579 545 592 562; x_wconf 83' lang='lat'>‚</span> <span class='ocrx_word' id='word_1_36' title='bbox 625 514 835 556; x_wconf 77' lang='lat' dir='ltr'>existentia</span> <span class='ocrx_word' id='word_1_37' title='bbox 859 515 899 555; x_wconf 86' lang='lat' dir='ltr'><strong>in</strong></span> <span class='ocrx_word' id='word_1_38' title='bbox 920 515 1118 557; x_wconf 86' lang='lat' dir='ltr'><strong>territorio</strong></span> <span class='ocrx_word' id='word_1_39' title='bbox 1141 515 1356 558; x_wconf 77' lang='lat' dir='ltr'><strong>Urln&#39;salc&#39;ae</strong></span> <span class='ocrx_word' id='word_1_40' title='bbox 1378 547 1390 565; x_wconf 89' lang='lat'>‚</span> <span class='ocrx_word' id='word_1_41' title='bbox 1421 521 1510 561; x_wconf 70' lang='lat' dir='ltr'><strong>Lori</strong></span> <span class='ocrx_word' id='word_1_42' title='bbox 1525 555 1537 572; x_wconf 87' lang='lat'>‚</span> 
     </span>
     <span class='ocr_line' id='line_1_5' title="bbox 83 570 1541 625; baseline 0.005 -11"><span class='ocrx_word' id='word_1_43' title='bbox 83 570 276 614; x_wconf 75' lang='lat' dir='ltr'><strong>Tolentini</strong></span> <span class='ocrx_word' id='word_1_44' title='bbox 294 603 307 620; x_wconf 86' lang='lat'>‚</span> <span class='ocrx_word' id='word_1_45' title='bbox 337 572 492 613; x_wconf 74' lang='lat' dir='ltr'><strong>Montis</strong></span> <span class='ocrx_word' id='word_1_46' title='bbox 516 572 627 614; x_wconf 82' lang='lat' dir='ltr'><strong>Ulmi</strong></span> <span class='ocrx_word' id='word_1_47' title='bbox 640 606 652 623; x_wconf 85' lang='grc'>,</span> <span class='ocrx_word' id='word_1_48' title='bbox 689 575 931 625; x_wconf 67' lang='grc' dir='ltr'><em>ιΜοΙιῑὶωιΙὶ,</em></span> <span class='ocrx_word' id='word_1_49' title='bbox 975 575 1239 624; x_wconf 60' lang='lat' dir='ltr'><strong>Mammiae,</strong></span> <span class='ocrx_word' id='word_1_50' title='bbox 1277 577 1430 620; x_wconf 77' lang='lat' dir='ltr'><strong>Montis</strong></span> <span class='ocrx_word' id='word_1_51' title='bbox 1459 582 1541 622; x_wconf 78' lang='lat' dir='ltr'><strong>Mi-</strong></span> 
     </span>
     <span class='ocr_line' id='line_1_6' title="bbox 76 630 1540 694; baseline 0.005 -20"><span class='ocrx_word' id='word_1_52' title='bbox 76 632 197 680; x_wconf 79' lang='lat' dir='ltr'><strong>lonis,</strong></span> <span class='ocrx_word' id='word_1_53' title='bbox 233 630 487 686; x_wconf 79' lang='lat' dir='ltr'><strong>aliorumque</strong></span> <span class='ocrx_word' id='word_1_54' title='bbox 505 632 687 675; x_wconf 84' lang='lat' dir='ltr'><strong>locorum</strong></span> <span class='ocrx_word' id='word_1_55' title='bbox 703 634 908 676; x_wconf 56' lang='lat' dir='ltr'><strong>Mammam</strong></span> <span class='ocrx_word' id='word_1_56' title='bbox 927 635 966 675; x_wconf 88' lang='lat' dir='ltr'><strong>in</strong></span> <span class='ocrx_word' id='word_1_57' title='bbox 984 637 1279 690; x_wconf 80' lang='lat' dir='ltr'><strong>emphyteusim</strong></span> <span class='ocrx_word' id='word_1_58' title='bbox 1300 651 1540 694; x_wconf 84' lang='lat' dir='ltr'><strong>perpetuam</strong></span> 
     </span>
     <span class='ocr_line' id='line_1_7' title="bbox 78 689 1540 751; baseline 0.005 -19"><span class='ocrx_word' id='word_1_59' title='bbox 78 705 100 735; x_wconf 87' lang='lat' dir='ltr'><strong>a</strong></span> <span class='ocrx_word' id='word_1_60' title='bbox 116 689 350 734; x_wconf 84' lang='lat' dir='ltr'><strong>Reverenda</strong></span> <span class='ocrx_word' id='word_1_61' title='bbox 369 691 545 734; x_wconf 85' lang='lat' dir='ltr'><strong>Camera</strong></span> <span class='ocrx_word' id='word_1_62' title='bbox 570 692 611 733; x_wconf 87' lang='lat' dir='ltr'><strong>in</strong></span> <span class='ocrx_word' id='word_1_63' title='bbox 636 694 719 735; x_wconf 88' lang='lat' dir='ltr'><strong>vim</strong></span> <span class='ocrx_word' id='word_1_64' title='bbox 739 693 1019 751; x_wconf 77' lang='lat' dir='ltr'><strong>Chirogsaphi</strong></span> <span class='ocrx_word' id='word_1_65' title='bbox 1038 692 1244 738; x_wconf 73' lang='lat' dir='ltr'><strong>Clementis</strong></span> <span class='ocrx_word' id='word_1_66' title='bbox 1266 710 1352 741; x_wconf 78' lang='lat' dir='ltr'><strong>xtv.</strong></span> <span class='ocrx_word' id='word_1_67' title='bbox 1375 713 1540 745; x_wconf 84' lang='lat' dir='ltr'><strong>conces-</strong></span> 
     </span>
     <span class='ocr_line' id='line_1_8' title="bbox 77 750 1538 815; baseline 0.005 -21"><span class='ocrx_word' id='word_1_68' title='bbox 77 766 120 794; x_wconf 85' lang='lat' dir='ltr'><strong>sa</strong></span> <span class='ocrx_word' id='word_1_69' title='bbox 151 751 322 793; x_wconf 81' lang='lat' dir='ltr'><strong>fuerunt</strong></span> <span class='ocrx_word' id='word_1_70' title='bbox 352 750 581 794; x_wconf 68' lang='lat' dir='ltr'><strong>Mat-chinni</strong></span> <span class='ocrx_word' id='word_1_71' title='bbox 603 753 833 796; x_wconf 73' lang='lat' dir='ltr'><strong>Alexandro</strong></span> <span class='ocrx_word' id='word_1_72' title='bbox 867 753 1039 795; x_wconf 79' lang='lat' dir='ltr'><strong>Bandini</strong></span> <span class='ocrx_word' id='word_1_73' title='bbox 1056 754 1231 799; x_wconf 84' lang='lat' dir='ltr'><strong>civitatis</strong></span> <span class='ocrx_word' id='word_1_74' title='bbox 1252 755 1449 798; x_wconf 80' lang='lat' dir='ltr'><em>Camerini</em></span> <span class='ocrx_word' id='word_1_75' title='bbox 1466 774 1538 815; x_wconf 83' lang='lat' dir='ltr'><strong>pro</strong></span> 
     </span>
     <span class='ocr_line' id='line_1_9' title="bbox 76 808 1541 865; baseline 0.005 -12"><span class='ocrx_word' id='word_1_76' title='bbox 76 825 115 853; x_wconf 80' lang='lat' dir='ltr'><strong>se</strong></span> <span class='ocrx_word' id='word_1_77' title='bbox 134 840 148 858; x_wconf 94' lang='lat'><strong><em>‚</em></strong></span> <span class='ocrx_word' id='word_1_78' title='bbox 177 810 342 865; x_wconf 83' lang='lat' dir='ltr'><strong>suisque</strong></span> <span class='ocrx_word' id='word_1_79' title='bbox 377 808 466 852; x_wconf 84' lang='lat' dir='ltr'><strong>filiis</strong></span> <span class='ocrx_word' id='word_1_80' title='bbox 489 842 499 858; x_wconf 90' lang='lat'><strong>,</strong></span> <span class='ocrx_word' id='word_1_81' title='bbox 520 824 557 854; x_wconf 91' lang='lat' dir='ltr'><strong>et</strong></span> <span class='ocrx_word' id='word_1_82' title='bbox 591 812 930 856; x_wconf 84' lang='lat' dir='ltr'>descendentibus</span> <span class='ocrx_word' id='word_1_83' title='bbox 962 816 1150 857; x_wconf 83' lang='lat' dir='ltr'><strong>masculis</strong></span> <span class='ocrx_word' id='word_1_84' title='bbox 1170 846 1178 856; x_wconf 89' lang='lat'><strong><em>.</em></strong></span> <span class='ocrx_word' id='word_1_85' title='bbox 1202 817 1279 865; x_wconf 83' lang='lat' dir='ltr'><strong>Et,</strong></span> <span class='ocrx_word' id='word_1_86' title='bbox 1298 817 1541 861; x_wconf 86' lang='lat' dir='ltr'><strong>confirmatis</strong></span> 
     </span>
     <span class='ocr_line' id='line_1_10' title="bbox 76 870 1541 930; baseline 0.006 -20"><span class='ocrx_word' id='word_1_87' title='bbox 76 870 320 928; x_wconf 78' lang='lat' dir='ltr'><strong>privilegiis,</strong></span> <span class='ocrx_word' id='word_1_88' title='bbox 345 870 499 924; x_wconf 85' lang='lat' dir='ltr'><strong>quibus</strong></span> <span class='ocrx_word' id='word_1_89' title='bbox 537 871 775 929; x_wconf 78' lang='lat' dir='ltr'><strong>gaudebant</strong></span> <span class='ocrx_word' id='word_1_90' title='bbox 812 872 930 927; x_wconf 84' lang='lat' dir='ltr'><strong>prisci</strong></span> <span class='ocrx_word' id='word_1_91' title='bbox 968 888 1237 930; x_wconf 84' lang='lat' dir='ltr'><strong>possessores,</strong></span> <span class='ocrx_word' id='word_1_92' title='bbox 1270 892 1377 921; x_wconf 81' lang='lat' dir='ltr'><strong>nova</strong></span> <span class='ocrx_word' id='word_1_93' title='bbox 1411 877 1541 920; x_wconf 86' lang='lat' dir='ltr'><strong>dictus</strong></span> 
     </span>
     <span class='ocr_line' id='line_1_11' title="bbox 75 929 1541 992; baseline 0.005 -21"><span class='ocrx_word' id='word_1_94' title='bbox 75 929 267 973; x_wconf 86' lang='lat' dir='ltr'><strong>Marchio</strong></span> <span class='ocrx_word' id='word_1_95' title='bbox 280 929 459 973; x_wconf 80' lang='lat' dir='ltr'>obtinuit</span> <span class='ocrx_word' id='word_1_96' title='bbox 491 946 513 972; x_wconf 84' lang='lat' dir='ltr'><strong>a</strong></span> <span class='ocrx_word' id='word_1_97' title='bbox 532 931 587 973; x_wconf 91' lang='lat' dir='ltr'><strong>D.</strong></span> <span class='ocrx_word' id='word_1_98' title='bbox 604 931 659 974; x_wconf 88' lang='lat' dir='ltr'><strong>N.</strong></span> <span class='ocrx_word' id='word_1_99' title='bbox 685 932 758 973; x_wconf 90' lang='lat' dir='ltr'><strong>Pio</strong></span> <span class='ocrx_word' id='word_1_100' title='bbox 779 932 944 975; x_wconf 85' lang='lat' dir='ltr'><strong>VI.suo</strong></span> <span class='ocrx_word' id='word_1_101' title='bbox 958 948 1065 975; x_wconf 78' lang='lat' dir='ltr'><strong>motu</strong></span> <span class='ocrx_word' id='word_1_102' title='bbox 1083 934 1249 992; x_wconf 82' lang='lat' dir='ltr'><strong>proprio</strong></span> <span class='ocrx_word' id='word_1_103' title='bbox 1262 935 1338 977; x_wconf 87' lang='lat' dir='ltr'><strong>diei</strong></span> <span class='ocrx_word' id='word_1_104' title='bbox 1359 950 1425 977; x_wconf 83' lang='lat'><strong>10.</strong></span> <span class='ocrx_word' id='word_1_105' title='bbox 1445 936 1541 978; x_wconf 84' lang='lat' dir='ltr'><strong>maii</strong></span> 
     </span>
     <span class='ocr_line' id='line_1_12' title="bbox 81 989 1541 1051; baseline 0.006 -23"><span class='ocrx_word' id='word_1_106' title='bbox 81 1000 213 1045; x_wconf 67' lang='lat'><strong>17175.</strong></span> <span class='ocrx_word' id='word_1_107' title='bbox 238 1018 251 1036; x_wconf 91' lang='lat'>,</span> <span class='ocrx_word' id='word_1_108' title='bbox 283 989 325 1030; x_wconf 87' lang='lat' dir='ltr'><strong>in</strong></span> <span class='ocrx_word' id='word_1_109' title='bbox 347 991 569 1046; x_wconf 80' lang='lat' dir='ltr'>appendice</span> <span class='ocrx_word' id='word_1_110' title='bbox 588 991 925 1043; x_wconf 77' lang='lat' dir='ltr'><strong>transcribendo,</strong></span> <span class='ocrx_word' id='word_1_111' title='bbox 949 996 1268 1051; x_wconf 79' lang='lat' dir='ltr'><strong>praerogativam</strong></span> <span class='ocrx_word' id='word_1_112' title='bbox 1287 1009 1431 1050; x_wconf 87' lang='lat' dir='ltr'>nempe</span> <span class='ocrx_word' id='word_1_113' title='bbox 1466 996 1541 1037; x_wconf 86' lang='lat' dir='ltr'><strong>ha-</strong></span> 
     </span>
     <span class='ocr_line' id='line_1_13' title="bbox 76 1047 1542 1110; baseline 0.002 -18"><span class='ocrx_word' id='word_1_114' title='bbox 76 1049 199 1092; x_wconf 89' lang='lat' dir='ltr'><strong>bendi</strong></span> <span class='ocrx_word' id='word_1_115' title='bbox 227 1047 416 1101; x_wconf 67' lang='lat' dir='ltr'><strong>judicem</strong></span> <span class='ocrx_word' id='word_1_116' title='bbox 443 1049 689 1103; x_wconf 83' lang='lat' dir='ltr'><strong>privativum</strong></span> <span class='ocrx_word' id='word_1_117' title='bbox 708 1051 947 1107; x_wconf 83' lang='lat' dir='ltr'><strong>deputatum</strong></span> <span class='ocrx_word' id='word_1_118' title='bbox 967 1081 980 1099; x_wconf 95' lang='lat'>,</span> <span class='ocrx_word' id='word_1_119' title='bbox 1006 1066 1044 1094; x_wconf 91' lang='lat' dir='ltr'><strong>et</strong></span> <span class='ocrx_word' id='word_1_120' title='bbox 1078 1055 1363 1110; x_wconf 84' lang='lat' dir='ltr'><strong>deputandum</strong></span> <span class='ocrx_word' id='word_1_121' title='bbox 1385 1070 1407 1095; x_wconf 83' lang='lat' dir='ltr'><strong>a</strong></span> <span class='ocrx_word' id='word_1_122' title='bbox 1432 1053 1542 1095; x_wconf 86' lang='lat' dir='ltr'><strong>Tbe-</strong></span> 
     </span>
     <span class='ocr_line' id='line_1_14' title="bbox 73 1106 1544 1169; baseline 0.003 -20"><span class='ocrx_word' id='word_1_123' title='bbox 73 1108 259 1150; x_wconf 86' lang='lat' dir='ltr'><strong>saurario</strong></span> <span class='ocrx_word' id='word_1_124' title='bbox 277 1106 656 1165; x_wconf 73' lang='lat' dir='ltr'><strong>generali‚ejusque</strong></span> <span class='ocrx_word' id='word_1_125' title='bbox 675 1110 972 1153; x_wconf 87' lang='lat' dir='ltr'><strong>successoribus</strong></span> <span class='ocrx_word' id='word_1_126' title='bbox 999 1126 1072 1168; x_wconf 83' lang='lat' dir='ltr'><strong>pro</strong></span> <span class='ocrx_word' id='word_1_127' title='bbox 1091 1126 1266 1169; x_wconf 86' lang='lat' dir='ltr'><strong>tempore</strong></span> <span class='ocrx_word' id='word_1_128' title='bbox 1284 1145 1297 1163; x_wconf 84' lang='grc'>,</span> <span class='ocrx_word' id='word_1_129' title='bbox 1323 1128 1398 1169; x_wconf 90' lang='lat' dir='ltr'><strong>pro</strong></span> <span class='ocrx_word' id='word_1_130' title='bbox 1417 1113 1544 1155; x_wconf 89' lang='lat' dir='ltr'><strong>omni-</strong></span> 
     </span>
     <span class='ocr_line' id='line_1_15' title="bbox 76 1166 1537 1226; baseline 0.005 -19"><span class='ocrx_word' id='word_1_131' title='bbox 76 1167 154 1208; x_wconf 90' lang='lat' dir='ltr'><strong>bus</strong></span> <span class='ocrx_word' id='word_1_132' title='bbox 172 1166 304 1206; x_wconf 79' lang='lat' dir='ltr'><strong>causis</strong></span> <span class='ocrx_word' id='word_1_133' title='bbox 320 1166 507 1210; x_wconf 88' lang='lat' dir='ltr'><strong>civilibus</strong></span> <span class='ocrx_word' id='word_1_134' title='bbox 525 1197 538 1214; x_wconf 84' lang='lat'><strong>,</strong></span> <span class='ocrx_word' id='word_1_135' title='bbox 563 1168 845 1209; x_wconf 77' lang='lat' dir='ltr'><strong>criminalibus</strong></span> <span class='ocrx_word' id='word_1_136' title='bbox 861 1200 874 1217; x_wconf 83' lang='lat'>‚</span> <span class='ocrx_word' id='word_1_137' title='bbox 907 1182 949 1210; x_wconf 90' lang='lat' dir='ltr'><strong>et</strong></span> <span class='ocrx_word' id='word_1_138' title='bbox 967 1170 1118 1218; x_wconf 83' lang='lat' dir='ltr'><strong>mixtis,</strong></span> <span class='ocrx_word' id='word_1_139' title='bbox 1132 1172 1438 1226; x_wconf 85' lang='lat' dir='ltr'><strong>respicientibus</strong></span> <span class='ocrx_word' id='word_1_140' title='bbox 1454 1186 1537 1214; x_wconf 82' lang='lat' dir='ltr'><strong>tam</strong></span> 
     </span>
     <span class='ocr_line' id='line_1_16' title="bbox 73 1221 1544 1281; baseline 0.005 -17"><span class='ocrx_word' id='word_1_141' title='bbox 73 1223 206 1280; x_wconf 85' lang='lat' dir='ltr'><strong>ipsum</strong></span> <span class='ocrx_word' id='word_1_142' title='bbox 224 1221 542 1279; x_wconf 85' lang='lat' dir='ltr'><strong>Emphyteutam</strong></span> <span class='ocrx_word' id='word_1_143' title='bbox 559 1253 571 1271; x_wconf 86' lang='lat'>‚</span> <span class='ocrx_word' id='word_1_144' title='bbox 604 1222 772 1279; x_wconf 82' lang='lat' dir='ltr'><strong>ejusque</strong></span> <span class='ocrx_word' id='word_1_145' title='bbox 797 1240 1043 1267; x_wconf 85' lang='lat' dir='ltr'><strong>successores</strong></span> <span class='ocrx_word' id='word_1_146' title='bbox 1059 1258 1071 1275; x_wconf 85' lang='grc'>,</span> <span class='ocrx_word' id='word_1_147' title='bbox 1109 1242 1234 1281; x_wconf 87' lang='lat' dir='ltr'><strong>quam</strong></span> <span class='ocrx_word' id='word_1_148' title='bbox 1270 1229 1544 1272; x_wconf 76' lang='lat' dir='ltr'><strong>AdminiStros</strong></span> 
     </span>
     <span class='ocr_line' id='line_1_17' title="bbox 73 1281 1544 1340; baseline 0.003 -16"><span class='ocrx_word' id='word_1_149' title='bbox 73 1281 390 1330; x_wconf 78' lang='lat' dir='ltr'><strong>conductores,</strong></span> <span class='ocrx_word' id='word_1_150' title='bbox 420 1281 608 1325; x_wconf 71' lang='lat' dir='ltr'><strong>colonos</strong></span> <span class='ocrx_word' id='word_1_151' title='bbox 630 1313 643 1331; x_wconf 89' lang='lat'>,</span> <span class='ocrx_word' id='word_1_152' title='bbox 678 1283 858 1337; x_wconf 81' lang='lat' dir='ltr'><strong>aliosque</strong></span> <span class='ocrx_word' id='word_1_153' title='bbox 894 1284 1154 1328; x_wconf 84' lang='lat' dir='ltr'><strong>inservientes</strong></span> <span class='ocrx_word' id='word_1_154' title='bbox 1188 1286 1303 1328; x_wconf 84' lang='lat' dir='ltr'><strong>dictis</strong></span> <span class='ocrx_word' id='word_1_155' title='bbox 1321 1286 1512 1330; x_wconf 75' lang='lat' dir='ltr'><strong>Abbatiis</strong></span> <span class='ocrx_word' id='word_1_156' title='bbox 1529 1321 1544 1340; x_wconf 90' lang='lat'><strong><em>,</em></strong></span> 
     </span>
     <span class='ocr_line' id='line_1_18' title="bbox 72 1339 1543 1400; baseline 0.004 -17"><span class='ocrx_word' id='word_1_157' title='bbox 72 1356 237 1384; x_wconf 88' lang='lat' dir='ltr'><strong>necnon</strong></span> <span class='ocrx_word' id='word_1_158' title='bbox 260 1339 375 1382; x_wconf 87' lang='lat' dir='ltr'><strong>Bona</strong></span> <span class='ocrx_word' id='word_1_159' title='bbox 392 1369 404 1387; x_wconf 90' lang='lat'>‚</span> <span class='ocrx_word' id='word_1_160' title='bbox 441 1341 651 1392; x_wconf 87' lang='lat' dir='ltr'><strong>redditus,</strong></span> <span class='ocrx_word' id='word_1_161' title='bbox 686 1356 725 1384; x_wconf 88' lang='lat' dir='ltr'><strong>et</strong></span> <span class='ocrx_word' id='word_1_162' title='bbox 755 1356 978 1400; x_wconf 83' lang='lat' dir='ltr'><strong>proventus</strong></span> <span class='ocrx_word' id='word_1_163' title='bbox 995 1374 1008 1390; x_wconf 95' lang='lat'>‚</span> <span class='ocrx_word' id='word_1_164' title='bbox 1040 1359 1085 1386; x_wconf 84' lang='lat' dir='ltr'><strong>ac</strong></span> <span class='ocrx_word' id='word_1_165' title='bbox 1111 1358 1266 1386; x_wconf 84' lang='lat' dir='ltr'><strong>caetera</strong></span> <span class='ocrx_word' id='word_1_166' title='bbox 1294 1345 1369 1386; x_wconf 82' lang='lat' dir='ltr'><strong>alia</strong></span> <span class='ocrx_word' id='word_1_167' title='bbox 1389 1377 1402 1395; x_wconf 85' lang='lat'>‚</span> <span class='ocrx_word' id='word_1_168' title='bbox 1437 1361 1543 1400; x_wconf 85' lang='lat' dir='ltr'><strong>quae</strong></span> 
     </span>
     <span class='ocr_line' id='line_1_19' title="bbox 73 1400 1544 1458; baseline 0.002 -15"><span class='ocrx_word' id='word_1_169' title='bbox 73 1402 127 1443; x_wconf 83' lang='lat' dir='ltr'><strong>ad</strong></span> <span class='ocrx_word' id='word_1_170' title='bbox 163 1417 229 1442; x_wconf 87' lang='lat' dir='ltr'><strong>eas</strong></span> <span class='ocrx_word' id='word_1_171' title='bbox 263 1400 466 1458; x_wconf 84' lang='lat' dir='ltr'><strong>pertinent</strong></span> <span class='ocrx_word' id='word_1_172' title='bbox 500 1432 510 1442; x_wconf 92' lang='lat'><em>.</em></span> <span class='ocrx_word' id='word_1_173' title='bbox 550 1401 648 1456; x_wconf 77' lang='lat' dir='ltr'><strong>Qua</strong></span> <span class='ocrx_word' id='word_1_174' title='bbox 682 1402 730 1442; x_wconf 86' lang='lat' dir='ltr'><strong>de</strong></span> <span class='ocrx_word' id='word_1_175' title='bbox 769 1417 808 1442; x_wconf 88' lang='lat' dir='ltr'><strong>re</strong></span> <span class='ocrx_word' id='word_1_176' title='bbox 848 1403 953 1444; x_wconf 86' lang='lat' dir='ltr'><strong>idem</strong></span> <span class='ocrx_word' id='word_1_177' title='bbox 986 1402 1183 1445; x_wconf 84' lang='lat' dir='ltr'><strong>Summus</strong></span> <span class='ocrx_word' id='word_1_178' title='bbox 1214 1404 1402 1446; x_wconf 89' lang='lat' dir='ltr'><strong>Pontifex</strong></span> <span class='ocrx_word' id='word_1_179' title='bbox 1432 1407 1544 1448; x_wconf 76' lang='lat' dir='ltr'><strong>inhi-</strong></span> 
     </span>
     <span class='ocr_line' id='line_1_20' title="bbox 70 1459 1545 1515; baseline 0.003 -12"><span class='ocrx_word' id='word_1_180' title='bbox 70 1461 162 1504; x_wconf 89' lang='lat' dir='ltr'><strong>buit</strong></span> <span class='ocrx_word' id='word_1_181' title='bbox 196 1460 442 1515; x_wconf 88' lang='lat' dir='ltr'><strong>cuicumque</strong></span> <span class='ocrx_word' id='word_1_182' title='bbox 470 1460 636 1508; x_wconf 82' lang='lat' dir='ltr'><strong>Judici,</strong></span> <span class='ocrx_word' id='word_1_183' title='bbox 672 1474 710 1501; x_wconf 93' lang='lat' dir='ltr'><strong>et</strong></span> <span class='ocrx_word' id='word_1_184' title='bbox 741 1459 989 1511; x_wconf 79' lang='lat' dir='ltr'><strong>Tribunali‚</strong></span> <span class='ocrx_word' id='word_1_185' title='bbox 1024 1477 1070 1504; x_wconf 85' lang='lat' dir='ltr'><strong>ac</strong></span> <span class='ocrx_word' id='word_1_186' title='bbox 1101 1463 1222 1504; x_wconf 87' lang='lat' dir='ltr'><strong>etiam</strong></span> <span class='ocrx_word' id='word_1_187' title='bbox 1258 1461 1545 1507; x_wconf 78' lang='lat' dir='ltr'><strong>cardinalium</strong></span> 
     </span>
     <span class='ocr_line' id='line_1_21' title="bbox 71 1518 1551 1578; baseline 0.003 -16"><span class='ocrx_word' id='word_1_188' title='bbox 71 1519 474 1578; x_wconf 81' lang='lat' dir='ltr'><strong>Congregationibus</strong></span> <span class='ocrx_word' id='word_1_189' title='bbox 494 1551 507 1569; x_wconf 81' lang='grc'>,</span> <span class='ocrx_word' id='word_1_190' title='bbox 543 1534 592 1561; x_wconf 87' lang='lat' dir='ltr'><strong>ne</strong></span> <span class='ocrx_word' id='word_1_191' title='bbox 628 1518 674 1560; x_wconf 91' lang='lat' dir='ltr'><strong>in</strong></span> <span class='ocrx_word' id='word_1_192' title='bbox 705 1519 937 1575; x_wconf 76' lang='lat' dir='ltr'><strong>cognitione</strong></span> <span class='ocrx_word' id='word_1_193' title='bbox 974 1521 1276 1578; x_wconf 82' lang='lat' dir='ltr'><strong>praedictarum</strong></span> <span class='ocrx_word' id='word_1_194' title='bbox 1306 1521 1551 1567; x_wconf 21' lang='lat' dir='ltr'><strong>Causarum*</strong></span> 
     </span>
     <span class='ocr_line' id='line_1_22' title="bbox 70 1579 1552 1639; baseline 0.003 -18"><span class='ocrx_word' id='word_1_195' title='bbox 70 1579 154 1621; x_wconf 84' lang='lat' dir='ltr'><strong>ullo</strong></span> <span class='ocrx_word' id='word_1_196' title='bbox 181 1580 305 1621; x_wconf 90' lang='lat' dir='ltr'><strong>modo</strong></span> <span class='ocrx_word' id='word_1_197' title='bbox 328 1595 366 1621; x_wconf 88' lang='lat' dir='ltr'><strong>se</strong></span> <span class='ocrx_word' id='word_1_198' title='bbox 391 1579 692 1622; x_wconf 80' lang='lat' dir='ltr'><strong>intromittant:</strong></span> <span class='ocrx_word' id='word_1_199' title='bbox 725 1593 858 1634; x_wconf 90' lang='lat' dir='ltr'><strong>neque</strong></span> <span class='ocrx_word' id='word_1_200' title='bbox 895 1581 1078 1622; x_wconf 76' lang='lat' dir='ltr'><strong>audeant</strong></span> <span class='ocrx_word' id='word_1_201' title='bbox 1111 1582 1349 1636; x_wconf 84' lang='lat' dir='ltr'><strong>perturbare</strong></span> <span class='ocrx_word' id='word_1_202' title='bbox 1376 1583 1552 1639; x_wconf 31' lang='lat' dir='ltr'><strong>privati-⁷</strong></span> 
     </span>
     <span class='ocr_line' id='line_1_23' title="bbox 69 1637 1544 1696; baseline 0.003 -15"><span class='ocrx_word' id='word_1_203' title='bbox 69 1653 163 1684; x_wconf 85' lang='lat' dir='ltr'><strong>vam</strong></span> <span class='ocrx_word' id='word_1_204' title='bbox 188 1637 543 1693; x_wconf 80' lang='lat' dir='ltr'><strong>jurisdictionem,</strong></span> <span class='ocrx_word' id='word_1_205' title='bbox 573 1651 621 1682; x_wconf 86' lang='lat' dir='ltr'><strong>ut</strong></span> <span class='ocrx_word' id='word_1_206' title='bbox 655 1653 779 1696; x_wconf 82' lang='lat' dir='ltr'><strong>supra</strong></span> <span class='ocrx_word' id='word_1_207' title='bbox 811 1639 989 1682; x_wconf 80' lang='lat' dir='ltr'><strong>diximus</strong></span> <span class='ocrx_word' id='word_1_208' title='bbox 1006 1669 1019 1688; x_wconf 89' lang='lat'><strong>,</strong></span> <span class='ocrx_word' id='word_1_209' title='bbox 1054 1641 1289 1683; x_wconf 79' lang='lat' dir='ltr'><strong>attributam</strong></span> <span class='ocrx_word' id='word_1_210' title='bbox 1307 1640 1544 1685; x_wconf 79' lang='lat' dir='ltr'><strong>Thesaura-</strong></span> 
     </span>
     <span class='ocr_line' id='line_1_24' title="bbox 68 1698 1552 1757; baseline 0.002 -17"><span class='ocrx_word' id='word_1_211' title='bbox 68 1698 151 1750; x_wconf 86' lang='lat' dir='ltr'><strong>rio,</strong></span> <span class='ocrx_word' id='word_1_212' title='bbox 177 1699 344 1754; x_wconf 83' lang='lat' dir='ltr'><strong>suisque</strong></span> <span class='ocrx_word' id='word_1_213' title='bbox 361 1700 659 1742; x_wconf 88' lang='lat' dir='ltr'><strong>successoribus</strong></span> <span class='ocrx_word' id='word_1_214' title='bbox 676 1730 688 1749; x_wconf 72' lang='lat' dir='ltr'>a</span> <span class='ocrx_word' id='word_1_215' title='bbox 707 1711 746 1742; x_wconf 89' lang='lat' dir='ltr'><strong>et</strong></span> <span class='ocrx_word' id='word_1_216' title='bbox 763 1699 898 1745; x_wconf 88' lang='lat' dir='ltr'><strong>Judici</strong></span> <span class='ocrx_word' id='word_1_217' title='bbox 912 1731 926 1749; x_wconf 85' lang='grc'>,</span> <span class='ocrx_word' id='word_1_218' title='bbox 947 1702 999 1742; x_wconf 86' lang='lat' dir='ltr'><strong>ab</strong></span> <span class='ocrx_word' id='word_1_219' title='bbox 1019 1699 1160 1742; x_wconf 87' lang='lat' dir='ltr'><strong>iisdem</strong></span> <span class='ocrx_word' id='word_1_220' title='bbox 1176 1700 1219 1741; x_wconf 88' lang='lat' dir='ltr'><strong>in</strong></span> <span class='ocrx_word' id='word_1_221' title='bbox 1238 1701 1421 1757; x_wconf 81' lang='lat' dir='ltr'><strong>partibus</strong></span> <span class='ocrx_word' id='word_1_222' title='bbox 1437 1701 1552 1743; x_wconf 86' lang='lat' dir='ltr'><strong>dele--</strong></span> 
     </span>
     <span class='ocr_line' id='line_1_25' title="bbox 67 1758 1547 1817; baseline 0.002 -17"><span class='ocrx_word' id='word_1_223' title='bbox 67 1770 161 1814; x_wconf 82' lang='lat' dir='ltr'><strong>gato</strong></span> <span class='ocrx_word' id='word_1_224' title='bbox 180 1788 194 1807; x_wconf 92' lang='lat'><strong>,</strong></span> <span class='ocrx_word' id='word_1_225' title='bbox 224 1772 262 1801; x_wconf 89' lang='lat' dir='ltr'><strong>et</strong></span> <span class='ocrx_word' id='word_1_226' title='bbox 289 1759 535 1817; x_wconf 79' lang='lat' dir='ltr'><strong>delegando.</strong></span> <span class='ocrx_word' id='word_1_227' title='bbox 569 1759 690 1815; x_wconf 85' lang='lat' dir='ltr'><strong>Quae</strong></span> <span class='ocrx_word' id='word_1_228' title='bbox 732 1771 869 1800; x_wconf 86' lang='lat' dir='ltr'><strong>tamen</strong></span> <span class='ocrx_word' id='word_1_229' title='bbox 899 1759 1038 1800; x_wconf 89' lang='lat' dir='ltr'><strong>omnia</strong></span> <span class='ocrx_word' id='word_1_230' title='bbox 1071 1758 1357 1817; x_wconf 77' lang='lat' dir='ltr'><strong>intelligenda,</strong></span> <span class='ocrx_word' id='word_1_231' title='bbox 1391 1772 1430 1802; x_wconf 89' lang='lat' dir='ltr'><strong>et</strong></span> <span class='ocrx_word' id='word_1_232' title='bbox 1460 1775 1547 1803; x_wconf 85' lang='lat' dir='ltr'><strong>ser-</strong></span> 
     </span>
     <span class='ocr_line' id='line_1_26' title="bbox 69 1817 1545 1875; baseline 0.003 -18"><span class='ocrx_word' id='word_1_233' title='bbox 69 1818 210 1860; x_wconf 87' lang='lat' dir='ltr'><strong>vanda-</strong></span> <span class='ocrx_word' id='word_1_234' title='bbox 235 1833 315 1860; x_wconf 85' lang='lat' dir='ltr'><strong>esse</strong></span> <span class='ocrx_word' id='word_1_235' title='bbox 342 1817 456 1869; x_wconf 80' lang='lat' dir='ltr'><strong>jussit</strong></span> <span class='ocrx_word' id='word_1_236' title='bbox 473 1831 732 1871; x_wconf 84' lang='lat' dir='ltr'><strong>praeservato</strong></span> <span class='ocrx_word' id='word_1_237' title='bbox 752 1833 905 1874; x_wconf 87' lang='lat' dir='ltr'><strong>semper</strong></span> <span class='ocrx_word' id='word_1_238' title='bbox 935 1817 1023 1870; x_wconf 80' lang='lat' dir='ltr'><strong>jure</strong></span> <span class='ocrx_word' id='word_1_239' title='bbox 1041 1850 1055 1868; x_wconf 86' lang='grc'>,</span> <span class='ocrx_word' id='word_1_240' title='bbox 1075 1819 1318 1875; x_wconf 88' lang='lat' dir='ltr'><strong>competenti</strong></span> <span class='ocrx_word' id='word_1_241' title='bbox 1340 1819 1545 1862; x_wconf 86' lang='lat' dir='ltr'><strong>Commu-</strong></span> 
     </span>
     <span class='ocr_line' id='line_1_27' title="bbox 69 1875 1547 1932; baseline 0.005 -16"><span class='ocrx_word' id='word_1_242' title='bbox 69 1875 269 1920; x_wconf 81' lang='lat' dir='ltr'><strong>nitatibus</strong></span> <span class='ocrx_word' id='word_1_243' title='bbox 287 1875 479 1916; x_wconf 77' lang='lat' dir='ltr'><strong>Tolentini</strong></span> <span class='ocrx_word' id='word_1_244' title='bbox 500 1904 512 1922; x_wconf 89' lang='lat'>,</span> <span class='ocrx_word' id='word_1_245' title='bbox 530 1888 568 1916; x_wconf 87' lang='lat' dir='ltr'><strong>et</strong></span> <span class='ocrx_word' id='word_1_246' title='bbox 587 1875 800 1915; x_wconf 78' lang='lat' dir='ltr'><strong>Urbisaliae</strong></span> <span class='ocrx_word' id='word_1_247' title='bbox 817 1877 1072 1929; x_wconf 81' lang='lat' dir='ltr'><strong>praesidendi</strong></span> <span class='ocrx_word' id='word_1_248' title='bbox 1090 1892 1160 1932; x_wconf 86' lang='lat' dir='ltr'><strong>per</strong></span> <span class='ocrx_word' id='word_1_249' title='bbox 1187 1878 1418 1920; x_wconf 84' lang='lat' dir='ltr'><strong>earumdem</strong></span> <span class='ocrx_word' id='word_1_250' title='bbox 1439 1879 1470 1920; x_wconf 86' lang='lat' dir='ltr'><em>C</em></span> <span class='ocrx_word' id='word_1_251' title='bbox 1471 1895 1547 1923; x_wconf 86' lang='lat' dir='ltr'><strong>on-</strong></span> 
     </span>
     <span class='ocr_line' id='line_1_28' title="bbox 67 1931 1239 1988; baseline 0 -13"><span class='ocrx_word' id='word_1_252' title='bbox 67 1935 166 1976; x_wconf 77' lang='lat' dir='ltr'><strong>sules</strong></span> <span class='ocrx_word' id='word_1_253' title='bbox 188 1933 404 1975; x_wconf 87' lang='lat' dir='ltr'><strong>Nundinis</strong></span> <span class='ocrx_word' id='word_1_254' title='bbox 424 1961 436 1980; x_wconf 90' lang='lat'>,</span> <span class='ocrx_word' id='word_1_255' title='bbox 455 1948 559 1988; x_wconf 86' lang='lat' dir='ltr'><strong>quae</strong></span> <span class='ocrx_word' id='word_1_256' title='bbox 579 1932 663 1973; x_wconf 88' lang='lat' dir='ltr'><strong>fieri</strong></span> <span class='ocrx_word' id='word_1_257' title='bbox 680 1931 810 1974; x_wconf 85' lang='lat' dir='ltr'><strong>solent</strong></span> <span class='ocrx_word' id='word_1_258' title='bbox 827 1931 870 1972; x_wconf 90' lang='lat' dir='ltr'><strong>in</strong></span> <span class='ocrx_word' id='word_1_259' title='bbox 889 1932 1005 1975; x_wconf 86' lang='lat' dir='ltr'><strong>dictis</strong></span> <span class='ocrx_word' id='word_1_260' title='bbox 1021 1933 1211 1977; x_wconf 79' lang='lat' dir='ltr'><strong>Abbatiis</strong></span> <span class='ocrx_word' id='word_1_261' title='bbox 1229 1965 1239 1976; x_wconf 90' lang='lat'><strong><em>.</em></strong></span> 
     </span>
    </p>

    <p class='ocr_par' dir='ltr' id='par_1_3' title="bbox 66 1990 1547 2410">
     <span class='ocr_line' id='line_1_29' title="bbox 186 1990 1542 2049; baseline 0.007 -18"><span class='ocrx_word' id='word_1_262' title='bbox 186 1991 361 2032; x_wconf 80' lang='lat' dir='ltr'><strong>Auditor</strong></span> <span class='ocrx_word' id='word_1_263' title='bbox 378 1991 563 2032; x_wconf 70' lang='lat' dir='ltr'><strong>Gamerae</strong></span> <span class='ocrx_word' id='word_1_264' title='bbox 583 2021 597 2039; x_wconf 81' lang='lat'><strong>,</strong></span> <span class='ocrx_word' id='word_1_265' title='bbox 613 1990 692 2033; x_wconf 87' lang='lat' dir='ltr'><strong>sive</strong></span> <span class='ocrx_word' id='word_1_266' title='bbox 714 1991 766 2031; x_wconf 79' lang='lat' dir='ltr'><strong>A.</strong></span> <span class='ocrx_word' id='word_1_267' title='bbox 792 1991 834 2032; x_wconf 86' lang='lat' dir='ltr'><strong>C.</strong></span> <span class='ocrx_word' id='word_1_268' title='bbox 868 2003 926 2033; x_wconf 88' lang='lat' dir='ltr'><strong>est</strong></span> <span class='ocrx_word' id='word_1_269' title='bbox 953 1991 1087 2044; x_wconf 88' lang='lat' dir='ltr'><strong>Judex</strong></span> <span class='ocrx_word' id='word_1_270' title='bbox 1107 1993 1332 2049; x_wconf 84' lang='lat' dir='ltr'><strong>privativus</strong></span> <span class='ocrx_word' id='word_1_271' title='bbox 1348 1995 1389 2035; x_wconf 86' lang='lat' dir='ltr'><strong>in</strong></span> <span class='ocrx_word' id='word_1_272' title='bbox 1410 1997 1542 2040; x_wconf 84' lang='lat' dir='ltr'><strong>causis</strong></span> 
     </span>
     <span class='ocr_line' id='line_1_30' title="bbox 66 2048 1547 2113; baseline 0.004 -19"><span class='ocrx_word' id='word_1_273' title='bbox 66 2049 281 2094; x_wconf 63' lang='lat' dir='ltr'><strong>furialium</strong></span> <span class='ocrx_word' id='word_1_274' title='bbox 297 2082 310 2100; x_wconf 87' lang='lat'>,</span> <span class='ocrx_word' id='word_1_275' title='bbox 335 2048 450 2106; x_wconf 76' lang='lat' dir='ltr'><strong>Juxta</strong></span> <span class='ocrx_word' id='word_1_276' title='bbox 473 2048 767 2105; x_wconf 81' lang='lat' dir='ltr'><strong>praescriptum</strong></span> <span class='ocrx_word' id='word_1_277' title='bbox 785 2050 1077 2095; x_wconf 76' lang='lat' dir='ltr'><strong>constitutionis</strong></span> <span class='ocrx_word' id='word_1_278' title='bbox 1094 2052 1386 2109; x_wconf 72' lang='lat' dir='ltr'><strong>Eugelzz&#39;anae3</strong></span> <span class='ocrx_word' id='word_1_279' title='bbox 1418 2068 1547 2113; x_wconf 80' lang='lat' dir='ltr'><strong>prout</strong></span> 
     </span>
     <span class='ocr_line' id='line_1_31' title="bbox 68 2108 1543 2168; baseline 0.003 -15"><span class='ocrx_word' id='word_1_280' title='bbox 68 2110 210 2167; x_wconf 85' lang='lat' dir='ltr'><strong>legitur</strong></span> <span class='ocrx_word' id='word_1_281' title='bbox 228 2110 339 2168; x_wconf 86' lang='lat' dir='ltr'><strong>apud</strong></span> <span class='ocrx_word' id='word_1_282' title='bbox 368 2108 638 2166; x_wconf 79' lang='lat' dir='ltr'><strong>Ridolplzinum</strong></span> <span class='ocrx_word' id='word_1_283' title='bbox 652 2109 670 2163; x_wconf 83' lang='lat'><strong>(</strong></span> <span class='ocrx_word' id='word_1_284' title='bbox 684 2108 727 2163; x_wconf 86' lang='lat'><strong>1)</strong></span> <span class='ocrx_word' id='word_1_285' title='bbox 745 2139 757 2157; x_wconf 87' lang='lat'>,</span> <span class='ocrx_word' id='word_1_286' title='bbox 790 2109 979 2163; x_wconf 80' lang='lat' dir='ltr'><strong>illiusque</strong></span> <span class='ocrx_word' id='word_1_287' title='bbox 999 2112 1194 2168; x_wconf 83' lang='lat' dir='ltr'><strong>privativa</strong></span> <span class='ocrx_word' id='word_1_288' title='bbox 1228 2110 1454 2166; x_wconf 85' lang='lat' dir='ltr'><strong>jurisdictio</strong></span> <span class='ocrx_word' id='word_1_289' title='bbox 1474 2117 1543 2157; x_wconf 79' lang='lat' dir='ltr'><strong>ha-</strong></span> 
     </span>
     <span class='ocr_line' id='line_1_32' title="bbox 69 2167 1542 2230; baseline 0.003 -16"><span class='ocrx_word' id='word_1_290' title='bbox 69 2171 134 2214; x_wconf 84' lang='lat' dir='ltr'><strong>bet</strong></span> <span class='ocrx_word' id='word_1_291' title='bbox 159 2171 290 2214; x_wconf 87' lang='lat' dir='ltr'><strong>locum</strong></span> <span class='ocrx_word' id='word_1_292' title='bbox 318 2169 441 2213; x_wconf 85' lang='lat' dir='ltr'><strong>etiam</strong></span> <span class='ocrx_word' id='word_1_293' title='bbox 474 2169 515 2210; x_wconf 91' lang='lat' dir='ltr'><strong>in</strong></span> <span class='ocrx_word' id='word_1_294' title='bbox 544 2167 821 2210; x_wconf 84' lang='lat' dir='ltr'><strong>criminalibus</strong></span> <span class='ocrx_word' id='word_1_295' title='bbox 841 2199 854 2216; x_wconf 88' lang='lat'>‚</span> <span class='ocrx_word' id='word_1_296' title='bbox 874 2180 918 2210; x_wconf 89' lang='lat' dir='ltr'><strong>ut</strong></span> <span class='ocrx_word' id='word_1_297' title='bbox 936 2171 1071 2211; x_wconf 86' lang='lat' dir='ltr'><strong>asserit</strong></span> <span class='ocrx_word' id='word_1_298' title='bbox 1093 2172 1304 2215; x_wconf 72' lang='lat' dir='ltr'><strong>Gratianus</strong></span> <span class='ocrx_word' id='word_1_299' title='bbox 1317 2173 1390 2230; x_wconf 83' lang='lat'><strong>(2)</strong></span> <span class='ocrx_word' id='word_1_300' title='bbox 1408 2204 1417 2215; x_wconf 89' lang='lat'><em>.</em></span> <span class='ocrx_word' id='word_1_301' title='bbox 1434 2174 1542 2218; x_wconf 81' lang='lat' dir='ltr'><strong>I-linc</strong></span> 
     </span>
     <span class='ocr_line' id='line_1_33' title="bbox 70 2226 1540 2286; baseline 0.002 -11"><span class='ocrx_word' id='word_1_302' title='bbox 70 2243 113 2286; x_wconf 81' lang='lat'><strong>9·</strong></span> <span class='ocrx_word' id='word_1_303' title='bbox 135 2227 309 2282; x_wconf 77' lang='lat' dir='ltr'><strong>januarii</strong></span> <span class='ocrx_word' id='word_1_304' title='bbox 332 2230 459 2286; x_wconf 80' lang='lat'>1784.</span> <span class='ocrx_word' id='word_1_305' title='bbox 481 2227 660 2271; x_wconf 76' lang='lat' dir='ltr'><strong>Auditor</strong></span> <span class='ocrx_word' id='word_1_306' title='bbox 679 2226 923 2284; x_wconf 76' lang='lat' dir='ltr'><strong>Signaturae</strong></span> <span class='ocrx_word' id='word_1_307' title='bbox 940 2260 953 2279; x_wconf 86' lang='lat'>,</span> <span class='ocrx_word' id='word_1_308' title='bbox 982 2242 1020 2271; x_wconf 89' lang='lat' dir='ltr'><strong>et</strong></span> <span class='ocrx_word' id='word_1_309' title='bbox 1038 2229 1266 2273; x_wconf 84' lang='lat' dir='ltr'><strong>Praefectus</strong></span> <span class='ocrx_word' id='word_1_310' title='bbox 1283 2234 1540 2278; x_wconf 84' lang='lat' dir='ltr'><strong>circumscri-</strong></span> 
     </span>
     <span class='ocr_line' id='line_1_34' title="bbox 70 2287 1545 2347; baseline 0.003 -17"><span class='ocrx_word' id='word_1_311' title='bbox 70 2303 235 2346; x_wconf 86' lang='lat' dir='ltr'><strong>pserunt</strong></span> <span class='ocrx_word' id='word_1_312' title='bbox 252 2289 455 2346; x_wconf 77' lang='lat' dir='ltr'><strong>querclam</strong></span> <span class='ocrx_word' id='word_1_313' title='bbox 469 2321 483 2339; x_wconf 86' lang='lat'>,</span> <span class='ocrx_word' id='word_1_314' title='bbox 505 2302 542 2331; x_wconf 86' lang='lat' dir='ltr'><strong>et</strong></span> <span class='ocrx_word' id='word_1_315' title='bbox 560 2301 646 2330; x_wconf 85' lang='lat' dir='ltr'><strong>acta</strong></span> <span class='ocrx_word' id='word_1_316' title='bbox 664 2300 771 2345; x_wconf 80' lang='lat' dir='ltr'><strong>gesta</strong></span> <span class='ocrx_word' id='word_1_317' title='bbox 792 2287 833 2327; x_wconf 89' lang='lat' dir='ltr'><strong>in</strong></span> <span class='ocrx_word' id='word_1_318' title='bbox 849 2288 882 2329; x_wconf 85' lang='lat' dir='ltr'><em>C</em></span> <span class='ocrx_word' id='word_1_319' title='bbox 882 2288 967 2331; x_wconf 80' lang='lat' dir='ltr'><strong>urla</strong></span> <span class='ocrx_word' id='word_1_320' title='bbox 986 2289 1211 2347; x_wconf 79' lang='lat' dir='ltr'><strong>Episcopali</strong></span> <span class='ocrx_word' id='word_1_321' title='bbox 1221 2291 1367 2334; x_wconf 83' lang='lat' dir='ltr'><strong>Albani</strong></span> <span class='ocrx_word' id='word_1_322' title='bbox 1399 2309 1545 2336; x_wconf 54' lang='lat' dir='ltr'><strong>contra».</strong></span> 
     </span>
     <span class='ocr_line' id='line_1_35' title="bbox 73 2347 1544 2410; baseline 0.002 -19"><span class='ocrx_word' id='word_1_323' title='bbox 73 2348 280 2394; x_wconf 77' lang='lat' dir='ltr'><strong>Curi-alem</strong></span> <span class='ocrx_word' id='word_1_324' title='bbox 298 2351 342 2392; x_wconf 86' lang='lat' dir='ltr'><strong>in</strong></span> <span class='ocrx_word' id='word_1_325' title='bbox 357 2350 468 2393; x_wconf 89' lang='lat' dir='ltr'><strong>Urbe</strong></span> <span class='ocrx_word' id='word_1_326' title='bbox 483 2378 496 2399; x_wconf 86' lang='lat'>,</span> <span class='ocrx_word' id='word_1_327' title='bbox 529 2348 616 2391; x_wconf 81' lang='lat' dir='ltr'><strong>licet</strong></span> <span class='ocrx_word' id='word_1_328' title='bbox 633 2347 845 2403; x_wconf 86' lang='lat' dir='ltr'><strong>deliquerit</strong></span> <span class='ocrx_word' id='word_1_329' title='bbox 863 2348 1010 2391; x_wconf 74' lang='lat' dir='ltr'><strong>Albani</strong></span> <span class='ocrx_word' id='word_1_330' title='bbox 1039 2364 1204 2393; x_wconf 83' lang='lat' dir='ltr'><strong>morans</strong></span> <span class='ocrx_word' id='word_1_331' title='bbox 1219 2367 1232 2401; x_wconf 90' lang='lat'>;</span> <span class='ocrx_word' id='word_1_332' title='bbox 1248 2367 1372 2410; x_wconf 87' lang='lat' dir='ltr'><strong>prout</strong></span> <span class='ocrx_word' id='word_1_333' title='bbox 1394 2354 1544 2409; x_wconf 76' lang='lat' dir='ltr'><strong>legitur·</strong></span> 
     </span>
    </p>

    <p class='ocr_par' dir='ltr' id='par_1_4' title="bbox 1492 2426 1541 2453">
     <span class='ocr_line' id='line_1_36' title="bbox 1492 2426 1541 2453; baseline -0.02 -1"><span class='ocrx_word' id='word_1_334' title='bbox 1492 2426 1541 2453; x_wconf 83' lang='lat' dir='ltr'><strong>m.</strong></span> 
     </span>
    </p>
   </div>
   <div class='ocr_carea' id='block_1_2' title="bbox 72 2475 1544 2497">
    <p class='ocr_par' dir='ltr' id='par_1_5' title="bbox 72 2475 1544 2497">
     <span class='ocr_line' id='line_1_37' title="bbox 72 2475 1544 2497; baseline 0.002 -6"><span class='ocrx_word' id='word_1_335' title='bbox 72 2479 230 2493; x_wconf 70' lang='lat'><strong>.—</strong></span> <span class='ocrx_word' id='word_1_336' title='bbox 1334 2475 1544 2497; x_wconf 65' lang='lat'><strong>——.</strong></span> 
     </span>
    </p>
   </div>
   <div class='ocr_carea' id='block_1_3' title="bbox 700 2479 858 2491">
    <p class='ocr_par' dir='ltr' id='par_1_6' title="bbox 700 2479 858 2491">
     <span class='ocr_line' id='line_1_38' title="bbox 700 2479 858 2491; baseline 0 0"><span class='ocrx_word' id='word_1_337' title='bbox 700 2479 858 2491; x_wconf 95' lang='lat' dir='ltr'><strong> </strong></span> 
     </span>
    </p>
   </div>
   <div class='ocr_carea' id='block_1_4' title="bbox 860 2481 1015 2491">
    <p class='ocr_par' dir='ltr' id='par_1_7' title="bbox 860 2481 1015 2491">
     <span class='ocr_line' id='line_1_39' title="bbox 860 2481 1015 2491; baseline 0 0"><span class='ocrx_word' id='word_1_338' title='bbox 860 2481 1015 2491; x_wconf 95' lang='lat' dir='ltr'><strong> </strong></span> 
     </span>
    </p>
   </div>
   <div class='ocr_carea' id='block_1_5' title="bbox 231 2480 384 2493">
    <p class='ocr_par' dir='ltr' id='par_1_8' title="bbox 231 2480 384 2493">
     <span class='ocr_line' id='line_1_40' title="bbox 231 2480 384 2493; baseline 0 702"><span class='ocrx_word' id='word_1_339' title='bbox 231 2480 384 2493; x_wconf 95' lang='lat' dir='ltr'><strong> </strong></span> 
     </span>
    </p>
   </div>
   <div class='ocr_carea' id='block_1_6' title="bbox 1017 2481 1173 2492">
    <p class='ocr_par' dir='ltr' id='par_1_9' title="bbox 1017 2481 1173 2492">
     <span class='ocr_line' id='line_1_41' title="bbox 1017 2481 1173 2492; baseline 0 0"><span class='ocrx_word' id='word_1_340' title='bbox 1017 2481 1173 2492; x_wconf 95' lang='lat' dir='ltr'><strong> </strong></span> 
     </span>
    </p>
   </div>
   <div class='ocr_carea' id='block_1_7' title="bbox 1175 2481 1333 2492">
    <p class='ocr_par' dir='ltr' id='par_1_10' title="bbox 1175 2481 1333 2492">
     <span class='ocr_line' id='line_1_42' title="bbox 1175 2481 1333 2492; baseline 0 0"><span class='ocrx_word' id='word_1_341' title='bbox 1175 2481 1333 2492; x_wconf 95' lang='lat' dir='ltr'><strong> </strong></span> 
     </span>
    </p>
   </div>
   <div class='ocr_carea' id='block_1_8' title="bbox 117 2539 1449 2584">
    <p class='ocr_par' dir='ltr' id='par_1_11' title="bbox 117 2539 1449 2584">
     <span class='ocr_line' id='line_1_43' title="bbox 117 2539 1449 2584; baseline 0.002 -12"><span class='ocrx_word' id='word_1_342' title='bbox 117 2541 172 2582; x_wconf 84' lang='lat'><strong>(1)</strong></span> <span class='ocrx_word' id='word_1_343' title='bbox 197 2542 233 2572; x_wconf 88' lang='lat' dir='ltr'><strong>In</strong></span> <span class='ocrx_word' id='word_1_344' title='bbox 249 2541 346 2573; x_wconf 83' lang='lat' dir='ltr'><strong>Praxi</strong></span> <span class='ocrx_word' id='word_1_345' title='bbox 362 2549 436 2584; x_wconf 83' lang='lat' dir='ltr'><strong>pag.</strong></span> <span class='ocrx_word' id='word_1_346' title='bbox 449 2543 525 2574; x_wconf 81' lang='lat'>611.</span> <span class='ocrx_word' id='word_1_347' title='bbox 662 2540 717 2582; x_wconf 75' lang='lat'><strong>(2)</strong></span> <span class='ocrx_word' id='word_1_348' title='bbox 738 2539 1009 2583; x_wconf 73' lang='lat' dir='ltr'><strong>Discept·fhrens-</strong></span> <span class='ocrx_word' id='word_1_349' title='bbox 1027 2548 1096 2584; x_wconf 83' lang='lat' dir='ltr'><strong>cap.</strong></span> <span class='ocrx_word' id='word_1_350' title='bbox 1110 2549 1190 2580; x_wconf 76' lang='lat'>421.</span> <span class='ocrx_word' id='word_1_351' title='bbox 1211 2549 1286 2573; x_wconf 69' lang='lat' dir='ltr'><strong>mt-</strong></span> <span class='ocrx_word' id='word_1_352' title='bbox 1304 2550 1339 2583; x_wconf 82' lang='lat'><strong>4.</strong></span> <span class='ocrx_word' id='word_1_353' title='bbox 1359 2542 1449 2574; x_wconf 60' lang='lat' dir='ltr'><strong>tt&amp;-⁴</strong></span> 
     </span>
    </p>
   </div>
  </div>
 </body>
</html>
