2075 3167
458 285 544 318 ω,
749 261 829 306 ,ΒΕ
853 258 1359 310 JURESIGNATURAE
1383 258 1635 310 JUSTITIAE

455 330 636 395 plurium
664 326 899 370 Causarum
918 338 932 373 ;
961 320 1099 363 namsi
1119 320 1393 363 Referendarii
1415 322 1456 362 in
1485 322 1668 363 Romana
1689 318 1820 364 Curia
1840 319 1922 362 exi-

448 405 629 440 >aemes,
660 396 868 444 quotquot
898 382 977 424 sint
1002 383 1054 425 ab
1078 380 1162 423 aliis
1193 382 1436 423 muneribus
1464 395 1548 421 non
1581 380 1799 439 occupati,
1831 393 1924 437 pro-

460 464 657 514 ponerent
690 461 757 489 sex
792 443 982 492 Causas,
1013 441 1206 483 immensa
1243 440 1536 499 propemodum
1572 455 1668 483 esset
1695 439 1930 482 earumdem

460 509 683 572 propositio
722 521 735 556 ;
764 516 973 561 eapropter
1007 500 1235 543 Fattinellus
1266 499 1356 554 *jure
1395 500 1722 554 conquerebatur
1751 529 1764 548 ,
1798 512 1931 541 reme-²

462 573 581 615 diurn
612 567 713 609 illud
746 561 992 606 insufficiens
1007 574 1086 601 esse
1099 566 1118 601 ·.
1150 560 1370 602 Credimus
1387 572 1519 600 tamen
1537 589 1551 608 ,
1576 558 1687 599 >malo
1713 557 1812 601 huic
1830 557 1929 616 opti-

464 633 532 673 me
550 627 766 672 occurrisse
790 622 977 663 Edictum
996 619 1309 662 Eminentissimi
1334 618 1498 661 Salviati
1515 647 1527 665 ,
1557 618 1657 658 dum
1675 616 1930 675 quampluri-

436 700 441 706 “
468 693 548 735 bus
569 686 720 730 Causis
736 682 949 724 interdicta
964 679 1043 722 fuit
1066 679 1285 736 propositio
1304 681 1346 721 in
1363 679 1481 736 plena
1499 678 1714 736 Signatura
1731 709 1745 727 ,
1775 677 1929 719 tributa

467 747 704 792 omnimoda
723 742 940 790 facultate,
971 753 1018 781 ut
1030 752 1106 780 suo
1122 739 1210 780 loco
1235 739 1414 781 dicemus
1432 767 1446 784 ‚
1485 736 1672 779 Auditori
1697 737 1739 778 in
1771 735 1845 777 illis
1863 734 1931 791 Ju-

467 808 622 851 dicium
647 802 801 846 ferendi
817 833 831 850 ,
865 799 980 856 quod
1006 797 1181 855 rescripti
1201 797 1340 854 plenae
1358 798 1596 854 Signaturae
1620 797 1703 840 vim
1733 797 1898 838 haberet
1916 821 1929 835 .

466 868 520 910 Et
537 864 760 924 plenissime
789 861 954 902 demum
979 858 1108 899 eidem
1136 858 1391 900 multitudini
1417 856 1653 898 Causarum
1677 855 1842 901 obviam
1859 852 1934 896 ivit

470 924 702 980 Collegium
734 920 911 977 ejusdem
937 917 1176 973 Signaturae
1197 915 1363 958 decretis
1386 914 1501 958 editis
1534 915 1611 955 sub
1642 929 1745 956 anno
1775 925 1895 968 1742.
1919 937 1936 957 ,

458 976 624 1038 vquibus
642 994 746 1022 certa
765 977 983 1018 methodus
1008 974 1291 1029 praescribitur
1308 975 1350 1014 in
1385 972 1536 1014 causis
1553 972 1833 1029 proponendis
1854 999 1867 1016 ,
1901 979 1941 1012 et

470 1039 686 1098 ampliatur
706 1035 920 1091 dispositio
941 1030 1255 1072 Eminentissimi
1276 1030 1439 1073 Salvium·
1450 1045 1463 1080 ;
1499 1043 1593 1071 nam
1612 1031 1861 1088 provisiones
1895 1027 1939 1069 il-

460 1101 530 1143 :lae
547 1131 560 1150 ,
577 1094 828 1153 respicientes
857 1090 1165 1148 denegationem
1180 1088 1378 1132 facultatis
1400 1090 1655 1146 proponendi
1670 1101 1779 1131 extra
1807 1100 1940 1130 nume-

457 1175 554 1205 rum
575 1186 588 1206 ‚
625 1155 784 1196 nullum
801 1152 951 1208 quippe
971 1152 1150 1192 levamen
1171 1149 1421 1190 vorantibus
1440 1144 1659 1189 afferebant
1674 1181 1687 1198 ,
1727 1149 1850 1189 immo
1866 1161 1938 1204 po·

470 1219 551 1262 tius
568 1213 1020 1257 eosdemmetPonentes
1048 1208 1300 1263 tangebant,
1331 1220 1375 1249 ut
1402 1207 1455 1248 ita
1488 1221 1627 1262 nempe
1659 1208 1940 1248 incumberent

470 1276 607 1320 studio
627 1273 862 1313 Causarum
882 1297 894 1315 ,
927 1280 1085 1308 summa
1104 1293 1118 1312 ,
1151 1279 1233 1318 qua
1253 1281 1324 1322 par
1355 1279 1411 1306 est
1442 1265 1680 1316 sedulitate,
1713 1266 1781 1308 cui
1802 1263 1941 1324 profe-

462 1348 539 1379 ,cto
564 1331 797 1375 earumdem
814 1326 1029 1370 multitudo
1051 1326 1166 1366 haud
1182 1339 1325 1380 parum
1343 1323 1497 1366 officit.

593 1392 651 1432 At
669 1390 767 1444 quia
799 1387 843 1428 ‘m
866 1384 1269 1441 Congregationibus
1305 1383 1492 1432 aestivis,
1520 1387 1573 1426 ob
1603 1384 1868 1441 interruptam
1897 1381 1941 1423 in

472 1451 656 1511 qualibet
677 1447 932 1491 hebdomada
966 1443 1537 1501 Causarumpropositionem
1553 1475 1566 1492 ,
1585 1442 1800 1485 effraenata
1820 1442 1943 1484 etiarn

462 1510 712 1556 earumdem
728 1503 1075 1550 eratmultitudo,
1095 1515 1141 1541 ex
1170 1503 1482 1561 eopotissimum
1512 1504 1626 1559 quod
1654 1517 1758 1559 quae
1780 1502 1945 1544 duabus

466 1571 636 1617 vicibus
653 1599 667 1618 ,
695 1568 773 1610 hoc
801 1579 858 1607 est
876 1563 1038 1605 duabus
1068 1561 1110 1600 in
1136 1561 1360 1618 Signaturis
1387 1564 1686 1619 ¹proponendae
1719 1573 1834 1604 erant
1852 1589 1865 1608 ,
1900 1560 1944 1601 in

470 1646 564 1674 „una
594 1627 965 1684 proponebantur;
1010 1621 1180 1675 ideoque
1225 1621 1512 1679 sapientissime
1553 1623 1725 1665 laudatis
1758 1618 1946 1662 Decretis

478 1701 648 1734 cautum
675 1685 754 1726 fuit
774 1715 792 1734 ‚
823 1696 875 1725 <ut
910 1681 952 1746 in
982 1693 1187 1738 posterum
1216 1679 1261 1720 in
1292 1696 1550 1739 quac-umque
1588 1683 1803 1740 Signatura
1825 1711 1838 1729 ‚
1861 1678 1944 1722 sive

475 1743 809 1803 Congregatione
839 1753 985 1783 aestiva
1009 1754 1093 1780 non
1128 1753 1438 1796 proponantur,
1475 1757 1547 1782 nec
1580 1740 1758 1795 proponi
1792 1739 1948 1796 possint

474 1809 691 1866 plusquam
707 1800 976 1858 quadraginta
990 1798 1371 1845 Commissiones‚iis
1389 1799 1508 1838 etiam
1524 1799 1945 1856 cornprehensis‚quae

477 1866 652 1910 redeunt
668 1892 681 1911 ,
694 1875 739 1902 ac
758 1858 925 1901 caeteris
942 1887 957 1905 ‚
971 1869 1075 1910 quae
1094 1853 1215 1896 unica
1233 1867 1392 1897 tantum
1409 1870 1520 1912 parte
1539 1857 1782 1898 informante
1794 1871 1948 1912 propo-

472 1937 671 1968 nuntur,
706 1932 745 1962 et
771 1919 890 1960 rhunc
916 1918 1206 1973 praescriptum
1245 1928 1460 1955 numerum
1503 1915 1655 1956 nemini
1697 1915 1775 1954 sub
1800 1912 1954 1967 quovis
1986 1914 1992 1923 '

478 1990 696 2042 praetextu
721 1975 941 2034 transgredi
973 1974 1128 2016 licitum
1154 1987 1232 2015 esse
1251 2003 1264 2022 ,
1297 1986 1422 2029 utque
1443 1970 1723 2017 inviolabiliter
1752 1973 1946 2017 observa-

478 2055 590 2086 retur
612 2069 623 2079 .
657 2039 837 2094 Sequuta
874 2034 1211 2077 informationum
1235 2034 1281 2073 in
1294 2031 1450 2085 scriptis
1466 2030 1746 2075 distributione
1767 2062 1781 2082 ,
1816 2031 1946 2074 Audi·

481 2116 544 2145 tor
558 2099 796 2157 Signaturae
828 2094 1013 2152 eligendo
1032 2106 1174 2133 causas
1204 2090 1286 2131 illas
1302 2121 1316 2139 ‚
1348 2105 1454 2146 quae
1494 2092 1600 2134 intra
1619 2092 1776 2133 dictum
1800 2106 1946 2134 nume-

427 2210 430 2213 ,
481 2174 576 2202 rum
603 2156 896 2215 proponendae
915 2163 1043 2199 sunt,
1077 2162 1249 2191 caeteras
1277 2149 1395 2191 illurn
1428 2151 1663 2194 excedentes
1691 2151 1947 2210 segregabit,

483 2233 530 2261 ac
553 2231 684 2272 usque
724 2213 779 2254 ad
807 2211 925 2254 aliam
944 2209 1202 2267 Signaturam
1232 2209 1427 2254 detinebit
1459 2242 1473 2262 ‚
1506 2224 1552 2255 ut
1582 2210 1715 2254 fusius
1750 2226 1827 2255 suo
1856 2211 1946 2253 loco

481 2274 762 2321 enarrabimus
773 2302 785 2314 .

602 2335 725 2390 Quae
751 2330 918 2387 quidem
937 2328 1252 2371 Commissiones
1271 2330 1322 2372 ab
1341 2329 1540 2373 Auditore
1561 2341 1764 2390 separatae
1779 2361 1793 2380 ‚
1827 2344 1873 2373 ac
1892 2328 1947 2372 ad

482 2406 716 2451 sequentem
756 2391 1017 2447 Signaturam
1055 2402 1273 2431 reservatae
1293 2421 1305 2440 ,
1329 2390 1617 2448 proponendae
1650 2392 1820 2432 omnino
1848 2401 1946 2432 sunt

484 2455 528 2496 in
562 2454 689 2510 prima
711 2450 892 2508 proxima
922 2450 1165 2508 Signatura;
1199 2463 1275 2491 nec
1310 2451 1363 2491 ad
1395 2451 1679 2493 retardandam
1708 2448 1948 2507 exequutio-

489 2511 764 2570 nemjudicati
782 2538 795 2558 2
826 2524 848 2551 a
878 2525 964 2567 quo
991 2508 1254 2558 reclamatur,
1289 2523 1393 2569 opus
1419 2523 1476 2555 est
1510 2525 1621 2556 nova
1649 2507 1950 2570 supersessoria,

1815 2581 1947 2625 quum
