1952 3167
344 356 469 401 aliique
494 353 641 395 Iuvenes
673 355 878 390 officiorum
897 357 1056 390 accedere
1075 356 1179 389 nolint
1196 357 1234 390 ad
1254 356 1385 391 ludices
1413 355 1614 390 ordinarios
1643 379 1654 395 ,
1692 366 1747 391 aut
1762 357 1830 392 De-

341 412 478 453 putatos
496 428 506 444 ,
535 417 591 440 seu
608 405 873 440 Commissarios
891 427 899 443 ‚
931 404 1079 450 aliosque
1100 404 1258 440 Romanae
1288 406 1402 440 Curiae
1418 430 1427 444 ,
1451 414 1480 439 et
1500 404 1599 440 etiam
1619 406 1749 440 ludices
1763 405 1832 440 exi-

343 464 466 491 stentes
482 454 565 489 intra
582 454 725 489 Curiam
756 454 1025 489 innocentianam
1043 465 1106 499 pro
1123 452 1273 498 legendis
1293 454 1384 501 istoris
1400 454 1498 488 certis
1515 454 1729 490 citationibus
1745 480 1755 495 ,
1773 463 1830 490 aut

343 503 488 539 decretis
515 504 740 549 recipiendis,
769 503 839 537 sive
856 502 1051 537 exhibendis
1083 501 1284 544 scripturis,
1326 502 1387 534 nisi
1414 500 1556 545 aliquam
1584 514 1748 539 sumniam
1775 516 1831 539 ex-

343 552 470 598 cipiant
498 563 558 598 pro
575 553 724 590 viatim,
770 552 868 597 idque
881 552 979 586 etiam
996 549 1068 585 fieri
1097 549 1182 582 solet
1217 548 1247 583 in
1275 548 1382 584 causis
1407 551 1514 584 tenuis
1548 551 1738 594 quantitatis
1762 578 1772 593 ‚
1800 561 1834 587 et:

343 612 560 647 personarum
591 599 861 638 miserabilium3
896 596 1183 636 hinchujusmodi
1212 597 1328 632 abusui
1358 597 1500 643 provide
1531 608 1710 635 occurrere
1729 603 1831 636 inten-

342 652 457 686 dentes
475 675 483 689 ,
516 650 696 688 volumus,
722 657 822 693 atque
839 649 1057 686 mandamus,
1086 658 1126 680 ne
1151 651 1327 682 occasione
1344 671 1354 685 ,
1383 656 1440 683 aut
1470 656 1632 692 praetextu
1660 649 1830 686 dictorum
1878 671 1885 676 ·

341 700 541 734 viaticorum
574 699 638 733 ulla
653 709 783 733 summa
801 697 961 743 praetendi
980 696 1088 732 valeat
1112 706 1175 742 pro
1195 696 1385 732 accessibus
1404 696 1562 732 faciendis
1578 722 1589 738 ,
1618 708 1654 732 ut
1671 710 1773 742 supra
1789 699 1830 734 ad

342 748 450 784 dictos
466 748 597 783 Iudices
612 772 621 787 ‚
649 745 881 792 etpraesertim
904 748 942 781 ad
966 746 1098 781 Iudices
1115 769 1124 784 ‚
1157 754 1191 780 et
1210 746 1380 780 Officiales
1409 759 1642 793 quoscumque
1670 748 1828 793 degentes

341 797 426 834 intra
439 796 561 832 dictam
577 797 718 832 Curiam
738 795 1009 831 Innocentianam
1026 819 1036 836 ‚
1066 795 1126 829 sub
1147 794 1254 841 poenis
1274 795 1415 831 arbitrio
1430 796 1585 832 Iudicum
1603 805 1823 832 executorum

340 848 439 886 hujus
457 846 720 883 Constitutionis
740 870 748 881 .

446 896 583 930 Notarii
611 895 727 930 itidem
749 893 928 938 diiigenter
957 893 1160 939 invigilent,
1188 901 1224 928 ut
1242 893 1393 938 praedicti
1409 893 1591 928 Substituti
1607 917 1616 933 ‚
1635 895 1828 935 etJuveues

346 950 504 987 prompte
519 945 692 980 accedant,
711 943 810 976 toties
825 943 957 986 quoties
974 942 1098 976 fuerint
1112 942 1259 988 requisiti
1277 966 1287 981 ‚
1313 943 1412 981 juxta
1436 953 1613 978 causarum
1630 942 1831 989 exigentiam

342 992 381 1024 ad
411 989 548 1031 judices
569 1015 579 1031 ‚
607 999 639 1024 et
653 990 828 1026 Officiales
842 990 1023 1036 praedictos
1037 1015 1047 1031 ‚
1074 992 1136 1025 sub
1153 990 1293 1037 praefatis
1308 991 1412 1036 poenis
1428 1015 1438 1025 .

501 1122 566 1165 De
579 1118 841 1164 Extractibur
855 1148 883 1174 ,Δ
904 1116 1090 1184 Registris
1113 1149 1128 1170 ‚
1158 1119 1361 1180 Exemplis
1378 1147 1392 1171 ,
1423 1114 1498 1184 seu
1518 1119 1641 1182 Copiis
1658 1148 1672 1164 .

466 1237 554 1270 Uum
575 1237 614 1270 ad
637 1237 863 1271 removendos
879 1261 890 1277 ‚
917 1245 949 1272 et
967 1237 1186 1281 extirpandos
1206 1237 1329 1271 abusus
1344 1261 1354 1277 ,
1388 1235 1445 1281 qui
1468 1247 1532 1270 non
1548 1236 1618 1271 sine
1637 1234 1734 1290 gravi
1762 1234 1831 1269 liti-

455 1283 605 1330 gantium
623 1284 823 1329 dispendi0‚
849 1286 1008 1326 judicum
1039 1285 1257 1319 incommodo
1274 1309 1285 1324 ,
1311 1294 1344 1318 et
1369 1285 1532 1327 expeditas
1563 1284 1707 1324 justitiae
1731 1283 1832 1318 detri-

343 1344 480 1373 ment0,
512 1335 709 1379 irrepserant
742 1334 772 1368 in
802 1334 1018 1370 confectione
1045 1334 1262 1368 Extractuum
1294 1358 1305 1373 ,
1334 1341 1367 1367 et
1395 1332 1628 1379 Registrorum
1661 1332 1693 1367 in
1723 1331 1829 1367 causis

342 1382 519 1417 ordinariis
535 1406 545 1422 ,
576 1391 608 1417 et
625 1382 864 1419 commissariis
885 1408 895 1423 ‚
925 1383 1036 1417 visum
1055 1381 1158 1417 fuerit
1183 1392 1414 1427 opportunum
1443 1383 1474 1416 in
1494 1381 1687 1417 visitatione
1718 1381 1829 1416 habita

341 1434 383 1464 de
409 1444 494 1466 anno
518 1443 621 1478 1704.
656 1444 675 1464 a
703 1433 840 1476 praefato
867 1431 1038 1466 Cardinali
1069 1431 1267 1466 Mariscotto
1300 1432 1393 1470 iussu
1433 1431 1490 1464 fel.
1518 1442 1591 1464 rec.
1634 1430 1829 1465 Clementis

342 1479 401 1514 xi.
431 1478 533 1513 nostri
566 1480 851 1517 Praedecessoris,
879 1482 1040 1524 abrogare
1065 1478 1192 1524 stylum
1214 1503 1224 1517 ,
1255 1488 1288 1513 et
1312 1480 1457 1514 formam
1473 1478 1505 1513 in
1530 1478 1741 1523 praeteritum
1762 1489 1831 1514 ser-

341 1536 452 1562 vatam
485 1528 515 1561 in
546 1527 682 1562 illorum
719 1527 959 1567 confectione,
986 1539 1062 1562 curn
1091 1526 1267 1572 inuti-libus
1308 1527 1624 1573 superfluitatibus,
1654 1536 1687 1560 et
1711 1526 1832 1571 repeti-

345 1575 519 1615 tionibus,
547 1586 736 1619 eorumque
763 1576 840 1611 loco
880 1578 1064 1621 subrogare
1094 1577 1323 1611 instrumenta
1354 1584 1531 1614 actorum,
1559 1583 1661 1619 prout
1695 1576 1830 1616 jacent,

341 1624 643 1668 exemplandorum
673 1625 798 1669 absque
827 1623 892 1659 ulla
908 1624 1128 1660 terminorum
1158 1624 1374 1664 extensione,
1401 1633 1509 1659 taxata
1524 1624 1726 1669 competenti
1746 1635 1830 1660 mer-

342 1673 423 1708 cede
454 1682 518 1707 tam
549 1685 610 1718 pro
650 1673 790 1718 singulis
820 1674 927 1712 actis,
956 1682 989 1707 et
1019 1672 1261 1712 citationibus,
1290 1685 1388 1718 quam
1426 1686 1488 1718 pro
1521 1674 1738 1718 registratura
1757 1697 1768 1713 ,
1796 1681 1829 1708 et

342 1721 590 1767 exemplatione
618 1722 749 1764 jurium
779 1723 1053 1768 productorum,
1083 1732 1116 1757 et
1148 1722 1397 1767 repetitorum3
1423 1731 1457 1757 et
1488 1722 1705 1758 nihilominus
1721 1734 1825 1767 quum

343 1772 376 1807 iu
410 1772 529 1806 ultima
561 1771 763 1807 Visitatione
789 1772 831 1806 de
869 1772 1023 1807 mandato
1050 1781 1164 1807 nostro
1193 1781 1327 1816 peracta
1354 1773 1371 1806 ὰ
1401 1773 1538 1817 praefato
1576 1770 1749 1807 Cardinali
1767 1772 1829 1805 Pe-

345 1829 394 1856 tra
424 1831 636 1867 compertum
666 1821 795 1861 fuerit,
823 1821 958 1856 decreta
986 1822 1158 1856 antedictae
1197 1820 1404 1856 Visitationis
1436 1833 1499 1856 non
1527 1822 1635 1856 adhuc
1662 1821 1764 1855 fuisse
1793 1820 1826 1855 in

342 1872 402 1906 hac
425 1881 520 1916 parte
549 1879 663 1908 exacte
691 1873 895 1909 observata,
923 1882 1027 1917 quum
1065 1871 1098 1905 in
1131 1869 1287 1915 pluribus
1320 1871 1532 1906 Extractibus
1552 1895 1563 1911 ,
1591 1879 1624 1905 et
1658 1869 1825 1915 Registris

341 1920 518 1966 permultae
545 1921 794 1966 superfluitates
834 1920 1024 1956 adinventae
1056 1919 1210 1960 fuerint,
1237 1928 1270 1954 et
1295 1918 1391 1966 plura
1421 1932 1463 1955 ex
1493 1919 1562 1954 illis
1602 1928 1735 1964 reperta
1761 1929 1825 1952 non

341 1971 433 2004 bono
452 1993 462 2009 ‚
490 1981 526 2004 ac
559 1970 686 2017 legibili
721 1971 912 2005 charactere
939 1978 1099 2010 exarata,
1128 1981 1165 2004 ac
1196 1968 1334 2014 insuper
1369 1970 1401 2004 in
1432 1969 1650 2015 registratura
1687 1967 1827 2010 scriptu-

343 2029 453 2054 rarum
479 2028 645 2055 servatam
677 2019 813 2054 minime
843 2018 946 2054 fuisse
972 2018 1082 2066 legem
1111 2019 1340 2065 praescriptam
1369 2020 1480 2065 quoad
1518 2028 1695 2052 numerum
1725 2015 1825 2049 linea·

342 2079 443 2108 rum,
471 2076 504 2102 et
533 2068 769 2115 syllabarun13
798 2068 876 2103 hinc
905 2069 978 2103 Nos
1018 2067 1199 2114 providere
1229 2068 1403 2113 cupientes
1449 2068 1654 2109 cuicumque
1690 2061 1824 2109 litigan-

339 2117 426 2150 tium
459 2118 685 2160 praeiudicio,
712 2127 748 2153 et
771 2118 977 2162 expeditiori
1016 2117 1160 2158 justitiae
1203 2115 1508 2152 administrationi,
1536 2111 1704 2157 simulque
1745 2123 1824 2146 con-

342 2174 462 2208 gruum
492 2166 648 2200 adhibere
692 2166 881 2200 remedium
899 2188 910 2203 ,
937 2177 978 2198 ne
1011 2165 1220 2207 quicumque
1258 2162 1422 2201 Notarii,
1450 2161 1682 2201 Extractistae‚
1707 2169 1741 2196 et
1769 2158 1823 2195 alii

341 2210 465 2257 quibus
494 2212 659 2247 incumbit
685 2212 881 2250 ordinatio-³
909 2211 1104 2250 confectio,
1131 2221 1190 2245 seu
1219 2209 1373 2245 extensio
1401 2210 1571 2244 dictorum
1589 2212 1822 2249 Extractuum,

341 2270 378 2293 ac
408 2260 670 2303 Registrorum,
699 2261 842 2295 audeant
872 2259 927 2294 vel
960 2260 990 2294 in
1013 2259 1154 2295 minimo
1184 2259 1223 2293 ab
1243 2259 1465 2304 *observantia
1492 2259 1826 2304 praescriptarumor-

341 2307 753 2343 dinationumdeflectere
771 2333 780 2347 ‚
808 2308 1012 2348 statuimus,
1043 2317 1076 2342 et
1103 2307 1324 2348 ordinamus,
1351 2320 1388 2342 ac
1419 2308 1572 2343 districte
1591 2308 1822 2353 praecipimus‚

341 2365 379 2391 ut
413 2356 446 2392 in
475 2365 646 2400 posterum
677 2358 835 2402 praedicta
869 2358 1091 2392 instrumenta
1121 2365 1272 2392 actorum
1295 2357 1372 2392 loco
1387 2358 1606 2393 Extractuum
1625 2381 1635 2396 ‚
1662 2366 1695 2392 et
1727 2354 1823 2401 Regi-

341 2414 492 2440 strorum
513 2431 523 2446 ,
543 2407 622 2446 fiant
649 2408 776 2447 modo,
804 2414 837 2441 et
862 2406 974 2441 forma
994 2407 1124 2442 statutis
1140 2428 1151 2444 ‚
1178 2414 1211 2441 et
1243 2405 1423 2452 designatis
1445 2406 1477 2440 in
1508 2407 1648 2451 praefatis
1677 2403 1820 2441 decretis

340 2454 581 2496 Visitationis,
607 2455 727 2490 habita:
746 2458 796 2501 ,de
817 2467 903 2490 anno
923 2467 1065 2502 1704„
1095 2466 1214 2500 nempe
1241 2464 1279 2490 ut
1315 2465 1387 2490 acta
1415 2455 1627 2496 scribantur,
1654 2464 1687 2491 et
1712 2464 1822 2489 exem-

339 2502 475 2548 plentur
502 2514 603 2550 prout
619 2505 730 2544 iacent
748 2507 874 2551 absque
891 2505 960 2539 ulla
978 2504 1203 2540 terminorum
1233 2505 1426 2539 extensione
1444 2529 1454 2544 ,
1481 2514 1515 2540 et
1530 2505 1683 2541 resecatis
1709 2500 1818 2536 omni·

336 2554 426 2592 bus,
454 2562 486 2587 et
505 2554 784 2600 ,quibuscumque
813 2554 1132 2599 superfluitatibus,
1176 2553 1362 2599 praesertim
1397 2554 1652 2602 respicientibus
1685 2561 1818 2604 expres-

370 2618 374 2621 ·
1750 2610 1818 2633 §10-
