1952 3167
332 292 413 337 160
589 288 665 330 DE
692 287 827 338 JURE
857 280 1202 329 SIGNATURAE
1229 281 1487 334 JUSTITIAE

332 367 423 395 men
440 349 625 405 est,quod
643 349 777 392 Fiscus
795 348 963 405 quando
981 348 1081 389 adsit
1095 347 1146 387 illi
1167 345 1485 392 adhaerens‚sive
1505 355 1690 392 secretus,
1704 340 1785 386 sive

337 424 473 457 notus,
486 409 627 464 nequit
647 409 828 452 Causam
848 406 1036 465 prosequi
1058 407 1097 447 in
1116 407 1246 464 gradu
1264 404 1537 462 appellationis
1554 432 1565 450 ‚
1584 402 1657 444 nisi
1680 415 1788 458 prae⁴

336 471 424 514 stita
448 468 639 512 cautione
657 470 704 510 de
724 468 945 509 reficiendis
959 467 1140 523 expensis
1171 479 1252 507 tam
1271 464 1439 519 prioris,
1470 478 1594 518 quam
1629 460 1787 504 ulterio⁴

341 529 394 573 ris
412 528 624 571 instantiae
646 528 688 568 in
708 541 895 569 eventum
913 525 1238 567 succumbentiae
1257 536 1304 562 ex
1325 522 1436 563 ΒιιΙΙιι
1452 522 1506 561 Pii
1539 536 1596 562 1v.
1621 522 1719 577 (1),
1750 531 1790 562 et

341 589 450 631 Pauli
478 603 515 630 v.
530 588 623 644 (2).
642 586 840 643 Quaestio
858 585 1079 641 aliquando
1099 585 1175 625 fuit
1194 613 1205 630 ,
1234 597 1285 623 an
1307 581 1411 623 dicta
1430 579 1565 622 cautio
1589 580 1724 620 danda
1740 577 1791 620 sit

340 648 384 691 in
405 651 488 705 ipso
511 646 793 703 'appellationis
814 644 930 685 initio
947 675 961 692 ,
993 647 1053 685 vel
1082 645 1123 684 in
1154 642 1335 695 ejusdem
1365 639 1684 698 prosequutione
1703 669 1712 678 .
1741 637 1793 678 Et

341 708 421 750 fuit
450 705 694 748 declaratum
723 707 774 747 ab
791 704 988 745 Auditore
1008 702 1207 745 pontificis
1233 702 1272 741 in
1303 701 1462 741 decreto
1483 701 1562 740 lato
1585 698 1625 738 in
1646 698 1794 738 Feren-

345 768 430 809 tina
463 780 564 807 anno
594 777 717 822 1745.
738 795 751 813 ,
768 776 805 804 et
825 778 846 804 a
867 760 1066 804 Praefecto
1086 777 1214 803 mense
1236 761 1338 817 julio
1362 774 1375 799 1
1389 761 1486 814 778.
1514 773 1587 814 per
1603 771 1688 799 acta
1714 753 1792 798 cri-

347 825 507 868 minalia
531 824 738 872 Gubernii,
769 822 881 878 quod
903 821 1061 863 satis-sit
1080 822 1166 862 dari
1197 822 1235 860 in
1269 818 1545 876 appellationis
1576 829 1798 874 prosequu-

352 886 460 928 tione
477 915 487 931 ,
500 900 553 926 ex
574 884 800 926 rationibus
820 882 990 938 allegatis
1009 897 1029 922 a
1051 880 1243 923 Gallaecia>
1260 880 1308 919 ad
1325 880 1371 918 de
1389 880 1538 919 Ammo
1556 877 1630 933 (3)
1647 906 1656 915 .
1679 875 1800 930 Quae

351 944 553 997 siquidem
573 943 732 990 cautio,
747 957 767 981 a
791 941 900 980 Fisco
929 941 1148 995 appellante
1161 938 1543 995 praestanda‚=hal>et
1561 938 1692 976 locum
1713 947 1807 974 tan-

352 1002 565 1045 tummodo
584 1001 623 1039 in
643 998 972 1055 appellationibus
991 1012 1009 1035 a
1033 996 1219 1046 judicatis
1232 996 1376 1042 Urbis,
1394 1010 1476 1034 non
1499 1008 1632 1035 autem
1651 1007 1670 1032 a
1700 990 1808 1044 judi-

353 1060 448 1103 catis
473 1060 519 1099 de
540 1058 743 1106 Partibu33
761 1056 854 1112 quia
875 1054 981 1096 dicta
1002 1055 1165 1095 Paulina
1194 1053 1422 1095 Constitutio
1441 1052 1623 1108 loquitur
1642 1065 1808 1094 tanturn

353 1120 405 1160 de
427 1120 681 1160 Procuratore-
701 1115 805 1159 Fisci
832 1113 955 1156 ‘Urbi-5·
978 1144 988 1155 .
1025 1115 1074 1155 Et
1105 1114 1254 1155 idcirco
1290 1113 1511 1154 Praefectus
1548 1114 1601 1154 ita
1634 1111 1808 1154 decrevit

359 1192 499 1222 contra
531 1179 671 1219 Lucam
692 1173 896 1230 Caspai-ini
928 1187 993 1227 17.
1014 1173 1146 1228 aprilis
1172 1187 1295 1228 ¹779·
1329 1186 1400 1229 per
1429 1181 1516 1212 acta
1542 1170 1748 1230 Vagszelinz'
1766 1201 1778 1212 .

469 1237 610 1295 ‘Fugne
628 1232 856 1292 suspicionis
874 1234 1128 1280 i'VJandatutn,
1144 1233 1256 1288 quod
1274 1229 1453 1287 expediri
1472 1232 1566 1271 solet
1585 1244 1724 1270 contra
1748 1229 1812 1269 de-

356 1296 543 1342 bitorem,
557 1296 692 1352 fugam
714 1308 851 1350 capere
871 1290 1143 1340 meditantem,
1165 1307 1211 1332 ne
1234 1290 1494 1347 expediatur,
1509 1301 1633 1346 potest
1654 1287 1812 1329 debitor

361 1356 533 1411 quando
560 1355 809 1412 praecesserit
826 1351 962 1393 citatio
982 1353 1035 1392 ad
1057 1350 1297 1395 solvendum
1312 1382 1325 1400 ‚
1360 1364 1558 1392 recurrere
1576 1381 1587 1397 ,
1608 1360 1811 1404 quatenus

363 1415 528 1470 aliquod
545 1414 791 1471 privilegium
811 1442 822 1459 ,
857 1412 918 1455 vel
936 1426 1099 1453 causam
1121 1413 1265 1452 habeat
1283 1441 1296 1459 ,
1321 1410 1374 1450 ad
1404 1409 1647 1449 Auditorem
1675 1407 1816 1462 Signa-

359 1485 476 1517 turae
494 1505 507 1522 ,
541 1474 705 1515 citando
726 1471 979 1513 Creditorem
998 1473 1050 1511 acl
1064 1471 1265 1512 videndum
1287 1467 1467 1509 mandari
1474 1467 1628 1523 procedi
1655 1467 1694 1507 in
1717 1465 1748 1507 C
1749 1481 1818 1506 ‹m-

362 1549 405 1576 sa
423 1532 583 1575 servatis
597 1531 795 1574 sesvandis
812 1563 824 1581 ,
856 1541 892 1571 et
909 1529 1073 1571 inhiberi
1092 1561 1102 1570 .
1143 1522 1360 1571 Deficiente
1380 1527 1590 1583 privilegio
1608 1557 1619 1574 ‚
1637 1525 1698 1568 vel
1718 1539 1820 1567 cau-

364 1608 407 1635 sa
426 1593 626 1649 praedicta
644 1624 656 1642 ‚
682 1607 765 1632 non
780 1589 1008 1632 destituitur
1025 1589 1181 1632 debitor
1201 1589 1278 1629 alio
1305 1587 1478 1629 remedio
1500 1600 1574 1641 pro
1594 1584 1820 1642 impedien-

366 1651 417 1692 da
433 1652 685 1707 expeditione
705 1649 936 1703 hujusmodi
954 1647 1148 1690 Mandati
1167 1679 1177 1688 .
1203 1645 1364 1689 >Offerre
1383 1659 1510 1706 potest
1527 1660 1665 1687 coram
1684 1642 1820 1695 judice

361 1710 549 1754 mandati
570 1711 803 1752 cautionem
828 1708 1007 1751 solvendi
1033 1708 1216 1750 debitum
1233 1737 1243 1748 .
1272 1707 1324 1748 Et
1346 1707 1443 1765 quia
1475 1705 1636 1759 Judices
1653 1735 1665 1753 ,
1679 1701 1823 1758 hujus-

365 1769 479 1812 ·modi
498 1769 727 1812 cautionem
750 1782 973 1824 nunquam
1005 1769 1227 1824 approbare
1245 1797 1259 1815 ,
1291 1778 1328 1806 et
1345 1767 1550 1808 admittere
1562 1764 1718 1810 solent,
1745 1759 1823 1803 nisi

367 1831 418 1872 sit
434 1831 636 1870 Locorum
656 1828 863 1869 Montium
896 1827 957 1865 vel
973 1828 1190 1867 censuum
1210 1838 1304 1866 cum
1324 1824 1443 1866 Locis
1458 1823 1556 1880 piiS‚
1574 1836 1611 1864 et
1629 1822 1829 1863 Commu-

370 1888 560 1931 nitatibus
589 1887 753 1930 ditionis
788 1883 1015 1944 pontificiae
1036 1898 1048 1933 ;
1069 1883 1242 1924 invaluit
1258 1882 1409 1926 idcirco
1421 1881 1563 1940 praxis
1586 1878 1826 1923 recurrendi

372 1949 424 1990 ad
441 1948 680 2003 Signaturae
698 1946 939 1988 Auditorem
956 1975 969 1994 ,
1001 1957 1042 1987 et
1072 1943 1224 1985 citandi
1246 1942 1506 1984 Credi-torem
1536 1941 1591 1981 ad
1619 1939 1828 1980 videndum

371 2006 554 2050 mandari
568 2006 690 2063 recipi
706 2004 922 2048 cautionem
937 2020 1009 2060 per
1030 2014 1117 2045 acm
1135 2001 1301 2057 cujusvis
1320 1998 1477 2042 Notarii
1490 2027 1501 2045 ‚
1513 1996 1711 2054 proprium
1731 1994 1829 2047 Offi-

372 2067 472 2110 cium
487 2066 660 2108 habentis
674 2096 688 2114 ,
716 2079 829 2122 seque
844 2063 1012 2120 obligare
1023 2061 1185 2104 valentis
1199 2078 1211 2108 ;
1226 2062 1295 2101 sed
1312 2072 1485 2114 oportet,
1496 2056 1612 2112 quod
1628 2053 1739 2095 Nota
1747 2054 1829 2096 slus

378 2125 522 2166 deinde
557 2126 659 2167 adeo
690 2125 883 2178 approbet
915 2121 1146 2160 cautionem
1161 2117 1442 2171 praestandam
1461 2147 1475 2165 ‚
1505 2128 1549 2156 ut
1568 2115 1611 2155 in
1632 2114 1830 2156 defectum

375 2181 669 2237 Fidejussoris,
696 2182 782 2235 'ipse
803 2177 983 2217 debitum
998 2175 1146 2218 solvere
1162 2186 1354 2217 teneatur
1373 2206 1383 2217 .

500 2241 674 2280 Demum
690 2233 924 2293 hujusmodi
945 2235 1141 2275 Mandata
1163 2247 1301 2276 contra
1319 2236 1471 2277 socium
1490 2234 1707 2277 debitorem
1727 2262 1739 2279 ‚
1770 2234 1834 2276 vel

377 2298 580 2361 pendente
600 2297 788 2339 dilatione
806 2295 856 2335 ad
872 2294 1218 2343 solvendum‚non
1236 2293 1506 2337 admittuntur
1518 2293 1632 2349 juxta
1647 2293 1836 2350 Signatu-

1769 2365 1837 2394 rae

384 2445 539 2462 -ὴ
1169 2437 1795 2453 ᾘ-α--ῴ

424 2506 460 2542 (1
471 2509 479 2523 Ν
507 2505 525 2533 6
532 2505 560 2534 ⁵3.
656 2509 659 2515 '
673 2509 707 2535 ι’
733 2503 831 2541 Super
846 2500 1079 2542 &formatione
1093 2497 1256 2532 Tribunal.
1293 2496 1330 2540 §-
1347 2498 1387 2532 de
1406 2501 1491 2534 Εἰπέ
1501 2507 1650 2544 processu
1667 2518 1677 2530 .

431 2549 486 2593 (3)
517 2553 568 2583 To.
581 2557 612 2580 2.
629 2547 761 2583 observ.
780 2547 832 2579 18.
855 2556 943 2579 num.
958 2553 1012 2585 23.
1029 2552 1063 2577 et
1087 2553 1153 2585 seq.
