2075 3167
496 268 524 299 α
763 249 840 291 DE
870 249 1004 300 JURE
1035 246 1380 291 SIGNATURAE
1410 246 1675 303 JUSTITIAE

496 313 587 362 dat,
620 308 750 369 accepi
767 309 868 366 (1).
902 310 976 360 Et,
1009 309 1041 352 si
1061 325 1103 351 ea
1124 308 1348 351 hodiedum
1367 308 1515 366 publici
1547 308 1647 366 juris
1665 306 1789 354 facio,
1805 320 1969 350 causam

492 373 738 429 interponO,
773 371 824 412 ne
841 369 965 412 alicui
985 368 1202 419 videatur,
1235 369 1336 411 inter
1358 369 1678 426 quamplurimos
1708 381 1767 409 me
1800 380 1973 423 assurge-

494 431 561 480 re,
589 430 661 486 qui
691 430 803 472 nullo
821 442 937 487 pacto
967 442 1056 472 sum
1074 443 1168 470 cum
1198 440 1256 470 tot
1283 429 1536 484 caeteroquin
1559 426 1793 469 doctissimis
1826 424 1975 467 Curiae

496 488 795 547 comparandus
822 504 836 539 .·,
903 503 997 530 nam
1048 488 1140 530 satis
1187 486 1362 545 intelligo
1410 502 1494 529 non
1547 499 1708 530 tantum
1771 483 1868 527 mihi
1915 497 1980 525 es-

492 563 532 591 se
555 546 804 590 auctoritatis
820 579 833 597 ,
857 558 898 589 et
928 546 1126 589 doctrinae
1149 574 1162 593 ‚
1193 559 1240 587 ut
1256 561 1315 587 me
1337 546 1667 605 amplissimorum
1699 545 1895 586 Virorum
1913 541 1980 583 di·

493 606 701 663 ligentiam
718 606 973 649 imitaturum
989 636 1002 655 ‚
1020 605 1172 646 nedum
1186 604 1340 660 aliquid
1357 606 1500 648 rectius
1515 637 1529 655 ‚
1555 617 1594 647 et
1612 603 1878 661 praestabilius
1895 615 1979 644 tra-

495 665 681 708 diturum
727 664 956 708 confidam.
989 663 1231 707 Amicorum
1249 663 1358 706 enirn
1387 664 1575 708 instantia
1605 679 1650 706 ea
1685 677 1723 706 et
1738 676 1851 705 tanta
1870 660 1978 710 fuit,

495 736 544 766 ut
557 723 760 767 voluntati
777 737 921 766 eorum
935 722 1125 778 refragari
1142 722 1220 764 ulla
1239 723 1502 766 excusatione
1520 720 1713 780 nequivi;
1739 722 1841 765 inter
1862 732 1983 762 caete-

495 796 558 823 ras
590 796 768 839 namque
797 797 962 831 causas,
992 796 1126 837 quas,
1151 795 1198 825 ut
1231 796 1292 823 me
1327 782 1401 824 diu
1438 783 1702 825 reluctantem
1732 781 1979 822 suaderent·

493 855 769 898 proposuere,
801 855 847 883 ea
882 841 1137 898 potissimum
1170 840 1274 891 fuit,
1310 855 1396 883 non
1433 841 1575 883 inutile
1603 855 1714 890 esse,
1746 840 1777 882 si
1796 839 1984 894 aliquan·

493 899 548 939 do
581 914 641 941 res
655 901 805 957 saepius
823 900 973 949 dictae,
1000 913 1038 943 et
1068 900 1247 956 repetitae
1279 913 1384 944 nova
1403 898 1595 942 selectiori
1619 899 1807 943 methodo
1835 898 1878 938 in
1913 909 1982 936 or-

492 956 630 998 dinem
651 960 886 1014 redigantur
901 975 915 1008 ;
933 959 1146 1000 methodus
1163 959 1271 1000 enim
1284 988 1298 1008 ,
1315 972 1354 1001 et
1371 959 1528 1001 selectio
1548 972 1634 999 non
1657 957 1856 998 immerito
1873 968 1981 997 cun-

494 1027 653 1057 ctorum
682 1016 881 1073 voluptati
916 1015 1201 1063 satisfaciunt,
1224 1029 1270 1058 ut
1306 1031 1379 1070 pro
1407 1018 1521 1059 novis
1555 1027 1689 1058 vetera
1721 1015 1980 1060 habeantur;

492 1073 589 1115 hinc
622 1075 735 1132 apud
768 1076 914 1116 doctos
944 1074 1055 1114 viros
1086 1087 1133 1113 ea
1157 1073 1332 1116 invaluit
1358 1071 1501 1127 opinio
1530 1071 1712 1126 undique
1733 1069 1979 1127 plausibilis,

495 1131 633 1174 libellis
655 1162 668 1180 ‚
701 1146 842 1189 nempe
859 1162 872 1180 ,
902 1132 956 1173 ob
983 1130 1108 1172 solam
1127 1131 1346 1174 novitatem
1360 1162 1372 1178 ,
1403 1130 1678 1184 raritatemque
1697 1129 1872 1171 materiae
1890 1143 1982 1182 pre-

494 1191 599 1233 tium
618 1191 732 1233 haud
749 1205 830 1233 esse
849 1189 1112 1231 statuendum
1126 1217 1136 1228 .
1170 1190 1222 1228 Et
1241 1190 1373 1232 revera
1408 1202 1492 1228 non
1523 1187 1725 1243 ingratum
1745 1186 1982 1231 Lectoribus

492 1249 576 1291 fore
596 1265 643 1291 eo
657 1250 822 1293 certiore
850 1247 1025 1302 augurio
1043 1246 1272 1303 praesentire
1304 1245 1401 1287 mihi
1432 1246 1578 1287 videor
1598 1274 1611 1292 ‚
1641 1262 1725 1301 quo
1755 1247 1877 1304 magis
1896 1260 1981 1287 non

494 1309 668 1350 omnino
689 1320 826 1351 actum
858 1319 970 1362 agere
987 1306 1237 1354 subvereor3
1272 1319 1368 1346 nam
1403 1305 1472 1348 etsi
1504 1305 1691 1347 nonnulli
1723 1307 1771 1347 de
1789 1307 1983 1362 Signatu-

493 1381 539 1410 ra
572 1367 740 1411 Iustitiae
772 1366 941 1424 sparsim
971 1363 1271 1421 quamplurima
1302 1364 1449 1418 scripta
1481 1363 1729 1419 reliquerunt
1755 1396 1768 1414 ,
1795 1379 1930 1407 tamen
1959 1364 1982 1405 ἐ

493 1439 554 1470 tot
573 1428 827 1482 Scriptorum
852 1424 1111 1481 fragmentis,
1142 1437 1340 1479 tanquam
1373 1425 1395 1465 ὲ
1418 1422 1600 1479 dispersis
1617 1423 1826 1482 Hippolyti
1859 1439 1986 1466 mern-

494 1486 605 1533 bris,
642 1486 797 1542 iustum
818 1485 894 1527 sibi
911 1482 1093 1534 ejusdem
1127 1482 1359 1540 Signaturae
1389 1482 1524 1540 praxis
1549 1497 1696 1539 corpus
1724 1514 1738 1532 ‚
1771 1497 1809 1526 et
1827 1484 1985 1526 sistema

493 1546 612 1588 haud
641 1545 757 1587 facile
777 1542 955 1602 quisque
989 1555 1198 1584 exstruat.
1232 1544 1329 1585 Haec
1365 1542 1543 1596 denique
1559 1541 1638 1583 fuit
1670 1542 1837 1599 hujusce
1856 1542 1985 1599 operis

492 1604 640 1662 exigua
661 1604 776 1662 origo
789 1636 803 1654 ,
825 1604 915 1646 hae:
937 1603 1101 1644 demum
1118 1617 1239 1645 causa
1257 1631 1270 1650 ,
1287 1616 1334 1645 ut
1351 1601 1394 1643 in
1414 1601 1558 1658 vulgus
1577 1601 1755 1657 prodiret
1768 1632 1778 1642 .
1815 1601 1886 1642 Ad
1904 1615 1986 1644 rem

495 1663 618 1720 igitur
635 1663 919 1712 deveniendo,
951 1661 1132 1719 primurn
1149 1662 1196 1703 de
1213 1661 1381 1717 hujusce
1399 1659 1634 1703 Tribunalis
1652 1661 1808 1717 origine
1824 1660 1989 1703 studui-

493 1736 585 1765 mus
615 1722 850 1778 inquirere3
877 1723 950 1764 hac
986 1721 1100 1763 enim
1115 1720 1343 1778 praehabita
1377 1719 1608 1776 cognitione
1645 1720 1698 1761 ad
1717 1720 1987 1777 plenissimam

493 1780 796 1838 intelligentiam
825 1780 1128 1828 Jurisdictionis
1157 1780 1287 1822 eidem
1307 1778 1567 1834 competentis
1585 1777 1775 1821 facillime
1810 1779 1984 1821 deveni-

491 1851 559 1883 tur
578 1871 588 1880 .
625 1842 850 1896 Eapropter
865 1854 997 1882 sermo
1027 1853 1122 1881 ante
1134 1840 1274 1880 omnia
1293 1838 1366 1881 erit
1383 1839 1430 1878 de
1448 1836 1602 1892 origine
1622 1866 1636 1884 ,
1667 1837 1796 1879 forma
1817 1866 1830 1883 ,
1857 1852 1900 1878 ac
1917 1838 2003 1893 ju-'

491 1897 722 1940 risdictione
760 1897 998 1940 Tribunalis
1024 1899 1258 1952 Signaturae
1295 1925 1305 1934 .
1341 1898 1452 1949 Quae
1481 1893 1647 1945 quidem
1678 1908 1737 1935 res
1770 1894 1815 1935 in
1850 1908 1987 1938 unum

489 1958 708 2014 complexae
741 1954 930 2011 sequenti
952 1954 1078 2012 capite
1101 1953 1296 1997 brevitate
1316 1983 1330 2003 ,
1364 1966 1447 2010 qua
1464 1964 1707 2009 magnopere
1729 1952 1915 1996 delectari
1930 1954 1989 1998 fa-

488 2028 618 2060 temur
637 2046 651 2066 ,
682 2016 943 2061 absolventur
959 2044 969 2054 .

536 2185 591 2225 (ιδ
614 2185 685 2216 Non
701 2186 764 2218 alio
781 2182 856 2218 sam?
871 2184 961 2216 modo
975 2184 1197 2226 Curiaepraxis
1245 2181 1294 2213 bis
1327 2191 1400 2214 tum
1419 2193 1460 2215 ex
1477 2184 1580 2226 longo
1597 2205 1608 2220 ‚
1643 2196 1877 2229 consuetoque
1894 2198 1976 2219 cur-

488 2230 518 2260 in
535 2233 611 2262 Foro
627 2230 825 2263 versantibus
836 2231 1021 2268 innotescit3
1042 2237 1072 2260 et
1082 2230 1195 2271 proin·
1245 2237 1283 2258 su
1300 2248 1310 2263 ,
1331 2237 1431 2270 atque
1458 2230 1547 2261 varia
1564 2232 1659 2262 Rotae
1696 2233 1807 2263 Decis.
1825 2253 1836 2269 ,
1854 2241 1888 2264 et
1909 2236 1980 2264 Do-

487 2273 525 2304 de
544 2273 717 2316 salgadus,
745 2276 783 2306 de
796 2275 904 2307 eadem
940 2276 1107 2315 Signatum
1130 2274 1196 2307 dis·
1245 2281 1378 2304 ctorum
1399 2274 1545 2306 lectione
1558 2296 1569 2311 ‚
1595 2284 1667 2306 tum
1691 2278 1793 2308 etlam
1813 2287 1855 2309 ex
1874 2278 1982 2309 conti-

485 2329 587 2352 serens
610 2323 642 2352 in
657 2321 883 2363 supplicatione
905 2320 946 2352 ad
963 2321 1201 2352 Sancu‘ssimum
1248 2328 1313 2350 nua
1331 2319 1585 2359 potissimorum
1609 2322 1804 2353 Curialium
1832 2332 1987 2354 commu·

488 2371 518 2395 2.
535 2373 614 2406 part.
630 2376 697 2409 cap.
713 2375 764 2407 30.
780 2376 810 2397 n.
832 2376 859 2396 1.
876 2367 945 2398 ait:
975 2366 1112 2396 Praxim
1128 2367 1195 2396 Cu·
1241 2364 1412 2395 nicatione
1438 2386 1449 2402 ,
1480 2363 1583 2398 fident
1597 2366 1784 2410 issimaque
1826 2367 1990 2401 relatione

481 2407 597 2444 risten]
616 2422 683 2443 non
704 2410 826 2454 absque
848 2421 951 2454 parvo
965 2408 1083 2442 labore
1101 2420 1117 2441 a
1139 2420 1197 2442 no—
1242 2408 1446 2451 adquisitam
1465 2431 1477 2447 ,
