1993 3195
632 261 671 303 C
702 261 741 301 A
773 263 801 302 P
835 262 875 303 U
906 263 943 304 T
1005 265 1035 305 1.
1557 292 1570 318 s

93 327 135 368 in
167 321 350 363 ordinem
371 317 518 360 redacti
551 333 661 361 anno
687 320 814 375 1516.
848 335 1039 378 regnante
1060 324 1193 364 Leone
1210 323 1287 374 X„
1320 289 1576 378 ubicautusm

91 380 283 438 reperitur
317 376 417 435 (1),
452 376 675 434 digniorem
707 380 840 422 locum
870 381 1163 424 Referendariis
1193 383 1357 434 deberi,
1396 390 1578 434 Genesa-

89 440 194 482 libus
209 451 304 482 vero
322 435 577 488 inferiorem;
608 453 701 479 nam
723 452 811 497 post
829 441 1073 497 assignatum
1089 440 1224 484 locum
1241 445 1482 500 procedendi
1503 466 1577 492 an-

89 512 124 541 te
149 496 386 545 Pontificem
419 495 462 536 in
481 498 730 552 processione
767 498 935 542 Clericis
952 498 1148 542 Gamerae
1168 532 1182 551 ‚
1209 501 1479 548 Auditoribus
1496 509 1577 550 Ro-

87 569 181 607 tae,
215 555 450 613 Episcopis,
482 556 723 613 caeterisque
760 557 944 600 praelatis
976 559 1152 615 paratis,
1184 561 1357 618 assignat
1393 566 1577 609 ordinem

88 614 334 672 procedendi
349 627 437 672 post
455 613 586 671 ipsum
620 631 690 673 per
707 617 805 658 haec
824 620 946 661 verba
965 632 976 659 ε
1011 619 1117 676 Papa
1136 621 1206 661 sub
1226 621 1450 665 baldachino
1468 636 1541 667 etc.
1563 658 1577 678 ‚

86 675 324 718 Secretarius
341 676 461 731 Papce
480 673 514 715 si
534 689 610 717 non
642 687 697 718 est
713 675 901 718 Praelatus
913 708 925 726 ‚
955 692 1039 719 cum
1074 679 1236 721 Medico
1254 681 1377 737 Papae
1394 711 1406 730 ,
1437 684 1576 727 Proto-

86 734 227 777 notarii
240 765 253 784 ,
271 733 429 777 Praelati
441 765 454 783 ,
471 733 506 774 si
519 734 585 790 qui
599 750 675 777 non
691 747 780 778 sunt
790 736 926 793 parati
938 767 950 785 ,
977 737 1183 780 Generales
1197 739 1384 781 ordinum
1408 773 1417 783 .
1436 742 1576 799 Quam

86 793 252 851 quidem
290 793 495 838 veritatem
523 808 779 850 agnoscentes
813 795 1028 837 Generales
1063 797 1396 850 Monachorum,
1431 802 1576 856 quiin

87 853 278 897 omnibus
314 852 474 895 actibus
509 853 795 909 praeferuntur
830 854 1096 897 Generalibus
1128 856 1461 902 mendicantium
1492 893 1504 911 ,
1540 875 1585 906 etr

86 913 264 956 Abbates
279 944 295 963 „
310 911 380 969 qui
397 911 560 954 eosdem
582 912 915 956 Menclicantium
933 914 1414 973 Generalespraecedunt
1432 951 1445 969 ,
1478 935 1578 963 sem,-

86 986 156 1031 per
171 970 461 1013 Referendariis
475 973 800 1027 praecedentiam
815 986 1042 1023 cesserunt;
1054 974 1173 1017 variis
1192 976 1356 1019 demum
1373 979 1577 1021 rationum

85 1030 301 1073 momentis
326 1028 504 1071 excussit
540 1030 787 1086 objectiones
823 1047 994 1081 omnes,
1041 1048 1086 1074 ac
1120 1047 1278 1077 caetera
1309 1051 1543 1093 argumenta
1562 1066 1576 1085 ‚

86 1102 192 1141 quae
223 1101 245 1126 a
265 1087 531 1127 Generalibus
561 1092 924 1140 proponebantur,
956 1103 1003 1130 ut
1025 1092 1163 1133 videre
1194 1108 1250 1134 est
1287 1095 1328 1133 in
1352 1096 1492 1136 eodem
1512 1096 1578 1136 di-

83 1160 226 1189 scursu
252 1141 415 1186 Altoviti
431 1173 443 1192 ‚
493 1142 681 1200 impresso
708 1156 798 1202 post
823 1157 1043 1187 tractatum?
1070 1149 1232 1202 saepius
1260 1151 1413 1191 laudati
1447 1154 1577 1196 Fatti-

82 1204 174 1248 nelli
190 1235 199 1244 .
230 1202 304 1260 (2)

202 1262 357 1319 Quoad
389 1261 483 1306 alias
498 1276 592 1306 vero
625 1261 925 1305 Ecclesiasticas
952 1261 1166 1319 dignitates
1196 1265 1432 1316 inferiores,
1470 1270 1572 1313 nulli

85 1323 260 1366 dubium
276 1335 359 1372 est5
395 1321 691 1365 Referendariis
723 1322 1045 1378 praecedentiam
1072 1338 1292 1380 competere
1312 1358 1326 1375 ‚
1358 1326 1462 1370 itaut
1489 1344 1575 1370 non

82 1383 214 1425 solum
246 1381 501 1432 canonicis,
533 1380 740 1423 sedetiam
773 1381 1055 1437 Dignitatibus
1090 1397 1199 1425 extra
1223 1384 1576 1443 Ecclesiamprae-

82 1442 219 1485 cedere
240 1441 388 1484 debent
412 1456 460 1483 ex
487 1440 754 1483 declaratione
776 1442 816 1482 S.
836 1440 1007 1483 Rituum
1024 1442 1363 1499 Congregationis
1386 1444 1428 1485 in
1450 1447 1578 1490 Vero—

82 1501 190 1544 nensi
219 1500 285 1543 his
314 1500 449 1545 verbis
466 1532 478 1550 ,
513 1513 609 1544 teste
625 1502 796 1543 Barbosa
812 1499 912 1557 (3):
947 1500 1185 1558 conquestus
1213 1514 1271 1544 est
1286 1504 1334 1545 R.
1356 1505 1400 1545 P.
1420 1505 1474 1546 D.
1498 1507 1577 1550 Ve-

36 1598 39 1599 ⁷
81 1560 173 1603 ritas
192 1560 420 1604 Veronensis
456 1560 664 1618 Utriusque
694 1561 926 1619 Signaturae
943 1559 1238 1615 Referenclarius
1254 1563 1301 1603 de
1319 1566 1482 1620 quodam
1500 1566 1532 1609 C
1530 1582 1577 1608 a·

82 1621 227 1663 nonico
252 1621 366 1662 dictae
395 1618 569 1662 Civitatis
594 1622 804 1679 denegante
831 1619 903 1662 sibi
931 1621 1234 1677 praecedentiam
1254 1624 1501 1679 ‚supplicans
1518 1639 1577 1666 re-

80 1681 259 1737 sponderi
281 1680 372 1737 quid
398 1681 629 1722 servandum
648 1679 669 1722 ‘2
706 1691 743 1722 et
780 1681 824 1721 S.
838 1680 1001 1722 Rittium
1034 1677 1294 1739 Congregrztio
1330 1684 1399 1724 suh
1435 1684 1497 1724 (lie
1528 1683 1570 1724 6.

75 1739 185 1787 szz‘i
207 1740 330 1782 1626,
358 1740 554 1797 respondit
574 1769 585 1786 ,
621 1741 831 1783 Praelatum
852 1751 962 1782 extra
991 1739 1199 1782 Ecclesiam
1227 1743 1443 1796 praeced'ere
1462 1744 1577 1784 debe-

82 1811 123 1838 re
141 1799 343 1840 canonicis
361 1813 374 1846 ;
409 1812 447 1840 et
466 1811 511 1849 4.
530 1800 615 1839 iulii
634 1799 812 1854 ejusdem
839 1800 938 1840 anni
955 1830 969 1849 ,
1001 1799 1116 1841 etiam
1152 1801 1279 1854 quoad
1297 1798 1576 1858 Archipresby-

80 1865 205 1897 terum
226 1885 239 1895 .
550 1884 561 1887 s

200 1912 266 1953 De
285 1913 585 1968 praecedentiae
613 1912 755 1951 ordine
774 1913 974 1954 servando
992 1914 1093 1955 inter
1109 1915 1306 1955 Votantes
1332 1914 1576 1971 Signaturae·

81 1970 260 2021 Iustitiae
279 2000 295 2020 ,
325 1984 363 2013 et
380 1969 464 2011 illos
480 1969 718 2026 Signaturae
738 1969 900 2012 Gratiae
922 2000 934 2021 ,
952 1970 982 2012 si
1002 1985 1252 2027 quacunque
1272 1987 1320 2013 ex
1342 1987 1462 2017 causa
1481 1992 1576 2018 con-

81 2030 212 2088 tigerit
227 2046 295 2073 eos
323 2029 491 2072 insimul
505 2027 725 2072 convenire
743 2060 756 2078 ‚
783 2042 894 2071 extra
912 2044 994 2071 rem
1011 2030 1160 2086 quippe
1181 2045 1264 2071 non
1298 2032 1370 2074 erit
1400 2033 1463 2076 hic
1482 2027 1593 2077 ani?

81 2089 327 2133 madvertere
344 2121 359 2140 ,
383 2105 514 2145 quum
536 2087 853 2145 sapientissimus
883 2088 1066 2130 Pontifex
1086 2089 1328 2133 Benedictus
1341 2093 1450 2134 XIV.
1473 2123 1486 2142 ,
1522 2095 1575 2136 ad

82 2149 328 2192 dirimenda-s
356 2148 608 2207 potissimum
633 2147 923 2191 controversias
943 2147 1138 2192 divinitus
1165 2148 1353 2193 militanti.
1378 2152 1573 2196 Ecclesiae

84 2210 334 2265 praepositus
347 2240 358 2257 ,
374 2224 418 2250 ea
438 2209 484 2249 de
505 2224 544 2250 re
565 2207 804 2263 peculiarem
821 2206 949 2250 edidit
964 2207 1212 2250 sanctionem
1240 2213 1317 2251 sub
1335 2211 1396 2252 die
1411 2212 1572 2268 septima

79 2268 187 2315 ,Iunii
208 2269 333 2326 174⁶·
347 2269 444 2326 (4),
464 2283 548 2322 qua
566 2266 799 2325 juremerito
813 2267 1010 2318 decrevit,
1027 2268 1369 2312 convenientibus
1385 2302 1398 2321 ‚
1417 2286 1573 2329 nempe,

245 2354 248 2356 -
1461 2344 1573 2381 uno,

530 2404 555 2417 h
1514 2407 1570 2421 —

87 2403 244 2418 —u—

134 2464 189 2501 (ι)
214 2463 503 2503 Cap.15.de·Festo
520 2465 660 2507 Corporis
674 2461 800 2496 Christi.
893 2462 947 2503 (3)
971 2459 1077 2494 Lith.
1092 2463 1175 2501 „luris
1187 2464 1364 2498 Ecclesiast.
1381 2475 1467 2498 c.22.
1482 2468 1564 2498 n.16.

134 2506 189 2551 (2)
215 2510 290 2550 Pag.
317 2516 397 2548 174.
895 2508 949 2547 (4)
973 2511 1008 2540 In
1024 2509 1171 2553 Append.
1189 2519 1358 2554 pag-113.
1377 2512 1421 2544 ad
1440 2520 1518 2551 115..
