<?xml version="1.0" encoding="UTF-8"?>
<!DOCTYPE html PUBLIC "-//W3C//DTD XHTML 1.0 Transitional//EN"
    "http://www.w3.org/TR/xhtml1/DTD/xhtml1-transitional.dtd">
<html xmlns="http://www.w3.org/1999/xhtml" xml:lang="en" lang="en">
 <head>
  <title>
</title>
<meta http-equiv="Content-Type" content="text/html;charset=utf-8" />
  <meta name='ocr-system' content='tesseract 3.04.00' />
  <meta name='ocr-capabilities' content='ocr_page ocr_carea ocr_par ocr_line ocrx_word'/>
</head>
<body>
  <div class='ocr_page' id='page_1' title='image "./dejuresignaturae00vita_0493.png"; bbox 0 0 1993 3195; ppageno 0'>
   <div class='ocr_carea' id='block_1_1' title="bbox 261 345 1682 441">
    <p class='ocr_par' dir='ltr' id='par_1_1' title="bbox 261 345 1682 441">
     <span class='ocr_line' id='line_1_1' title="bbox 297 345 1682 397; baseline 0.007 -23"><span class='ocrx_word' id='word_1_1' title='bbox 297 385 345 394; x_wconf 86' lang='lat'>..</span> <span class='ocrx_word' id='word_1_2' title='bbox 455 388 462 394; x_wconf 40' lang='lat'>.</span> <span class='ocrx_word' id='word_1_3' title='bbox 656 345 986 397; x_wconf 37' lang='lat' dir='ltr'>..INDEX</span> <span class='ocrx_word' id='word_1_4' title='bbox 1038 348 1095 382; x_wconf 76' lang='grc' dir='ltr'>Π.</span> <span class='ocrx_word' id='word_1_5' title='bbox 1615 350 1682 392; x_wconf 82' lang='grc' dir='ltr'>ι89</span> 
     </span>
     <span class='ocr_line' id='line_1_2' title="bbox 261 393 1682 441; baseline 0.009 -21"><span class='ocrx_word' id='word_1_6' title='bbox 261 395 345 423; x_wconf 84' lang='lat' dir='ltr'>mitti</span> <span class='ocrx_word' id='word_1_7' title='bbox 376 396 504 430; x_wconf 81' lang='lat' dir='ltr'>possint</span> <span class='ocrx_word' id='word_1_8' title='bbox 530 399 679 432; x_wconf 84' lang='lat' dir='ltr'>personis</span> <span class='ocrx_word' id='word_1_9' title='bbox 711 402 740 424; x_wconf 84' lang='lat' dir='ltr'>in</span> <span class='ocrx_word' id='word_1_10' title='bbox 773 393 895 439; x_wconf 79' lang='lat' dir='ltr'>Digni·</span> <span class='ocrx_word' id='word_1_11' title='bbox 949 394 1410 441; x_wconf 76' lang='lat' dir='ltr'>AuditorSignaturaequare</span> <span class='ocrx_word' id='word_1_12' title='bbox 1426 395 1682 433; x_wconf 78' lang='lat' dir='ltr'>habeaturtam·</span> 
     </span>
    </p>
   </div>
   <div class='ocr_carea' id='block_1_2' title="bbox 142 434 898 2618">
    <p class='ocr_par' dir='ltr' id='par_1_2' title="bbox 142 434 898 2618">
     <span class='ocr_line' id='line_1_3' title="bbox 261 434 896 479; baseline 0.006 -8"><span class='ocrx_word' id='word_1_13' title='bbox 261 445 327 471; x_wconf 82' lang='lat' dir='ltr'>tate</span> <span class='ocrx_word' id='word_1_14' title='bbox 342 434 574 470; x_wconf 83' lang='lat' dir='ltr'>Ecclesiastica</span> <span class='ocrx_word' id='word_1_15' title='bbox 604 437 795 472; x_wconf 79' lang='lat' dir='ltr'>constitutis</span> <span class='ocrx_word' id='word_1_16' title='bbox 812 465 821 479; x_wconf 94' lang='lat'>,</span> <span class='ocrx_word' id='word_1_17' title='bbox 839 453 896 475; x_wconf 76' lang='lat' dir='ltr'>ex-</span> 
     </span>
     <span class='ocr_line' id='line_1_4' title="bbox 258 483 898 532; baseline 0.006 -14"><span class='ocrx_word' id='word_1_18' title='bbox 258 483 361 519; x_wconf 80' lang='lat' dir='ltr'>clusis</span> <span class='ocrx_word' id='word_1_19' title='bbox 379 483 571 518; x_wconf 82' lang='lat' dir='ltr'>Ordinariis</span> <span class='ocrx_word' id='word_1_20' title='bbox 583 484 802 522; x_wconf 70' lang='lat' dir='ltr'>vicinioribus</span> <span class='ocrx_word' id='word_1_21' title='bbox 813 498 898 532; x_wconf 46' lang='lat'>717.</span> 
     </span>
     <span class='ocr_line' id='line_1_5' title="bbox 209 531 896 578; baseline 0.003 -9"><span class='ocrx_word' id='word_1_22' title='bbox 209 547 226 569; x_wconf 81' lang='lat' dir='ltr'>a</span> <span class='ocrx_word' id='word_1_23' title='bbox 241 531 414 569; x_wconf 76' lang='lat' dir='ltr'>sententiis</span> <span class='ocrx_word' id='word_1_24' title='bbox 429 534 471 566; x_wconf 88' lang='lat' dir='ltr'>de</span> <span class='ocrx_word' id='word_1_25' title='bbox 493 533 641 576; x_wconf 80' lang='lat' dir='ltr'>partibus</span> <span class='ocrx_word' id='word_1_26' title='bbox 657 535 805 578; x_wconf 58' lang='lat' dir='ltr'>adfquod</span> <span class='ocrx_word' id='word_1_27' title='bbox 822 536 896 570; x_wconf 84' lang='lat' dir='ltr'>Tri-</span> 
     </span>
     <span class='ocr_line' id='line_1_6' title="bbox 257 580 731 627; baseline 0.002 -11"><span class='ocrx_word' id='word_1_28' title='bbox 257 580 354 616; x_wconf 72' lang='lat' dir='ltr'>bunal</span> <span class='ocrx_word' id='word_1_29' title='bbox 371 580 594 615; x_wconf 73' lang='lat' dir='ltr'>devolvantur</span> <span class='ocrx_word' id='word_1_30' title='bbox 609 605 618 615; x_wconf 87' lang='lat'><strong>.</strong></span> <span class='ocrx_word' id='word_1_31' title='bbox 652 594 731 627; x_wconf 52' lang='lat'><strong>27³7.</strong></span> 
     </span>
     <span class='ocr_line' id='line_1_7' title="bbox 196 628 896 674; baseline 0.001 -8"><span class='ocrx_word' id='word_1_32' title='bbox 196 630 315 666; x_wconf 73' lang='lat' dir='ltr'>rchivii</span> <span class='ocrx_word' id='word_1_33' title='bbox 332 628 480 674; x_wconf 80' lang='lat' dir='ltr'>Collegii</span> <span class='ocrx_word' id='word_1_34' title='bbox 517 630 721 673; x_wconf 75' lang='lat' dir='ltr'>Scriptorum</span> <span class='ocrx_word' id='word_1_35' title='bbox 744 633 896 668; x_wconf 78' lang='lat' dir='ltr'>Admini—</span> 
     </span>
     <span class='ocr_line' id='line_1_8' title="bbox 259 677 893 726; baseline 0.005 -12"><span class='ocrx_word' id='word_1_36' title='bbox 259 688 385 714; x_wconf 79' lang='lat' dir='ltr'>strator</span> <span class='ocrx_word' id='word_1_37' title='bbox 411 677 543 722; x_wconf 84' lang='lat' dir='ltr'>quinam</span> <span class='ocrx_word' id='word_1_38' title='bbox 574 679 641 718; x_wconf 79' lang='lat' dir='ltr'>sit,</span> <span class='ocrx_word' id='word_1_39' title='bbox 675 689 709 713; x_wconf 92' lang='lat' dir='ltr'>et</span> <span class='ocrx_word' id='word_1_40' title='bbox 729 693 832 726; x_wconf 81' lang='lat' dir='ltr'>quare</span> <span class='ocrx_word' id='word_1_41' title='bbox 849 682 893 718; x_wconf 77' lang='lat' dir='ltr'>ita</span> 
     </span>
     <span class='ocr_line' id='line_1_9' title="bbox 260 734 574 770; baseline -0.006 -8"><span class='ocrx_word' id='word_1_42' title='bbox 260 734 470 770; x_wconf 83' lang='lat' dir='ltr'>nuncupatus</span> <span class='ocrx_word' id='word_1_43' title='bbox 486 751 494 759; x_wconf 96' lang='lat'>.</span> <span class='ocrx_word' id='word_1_44' title='bbox 514 738 574 770; x_wconf 84' lang='lat'>49.</span> 
     </span>
     <span class='ocr_line' id='line_1_10' title="bbox 207 774 890 821; baseline 0.006 -11"><span class='ocrx_word' id='word_1_45' title='bbox 207 774 407 821; x_wconf 77' lang='lat' dir='ltr'>Collegium</span> <span class='ocrx_word' id='word_1_46' title='bbox 429 786 498 819; x_wconf 83' lang='lat' dir='ltr'>quo</span> <span class='ocrx_word' id='word_1_47' title='bbox 514 785 669 821; x_wconf 88' lang='lat' dir='ltr'>ternpore</span> <span class='ocrx_word' id='word_1_48' title='bbox 700 776 890 814; x_wconf 81' lang='lat' dir='ltr'>institutum</span> 
     </span>
     <span class='ocr_line' id='line_1_11' title="bbox 258 836 313 868; baseline 0 -9"><span class='ocrx_word' id='word_1_49' title='bbox 258 836 313 868; x_wconf 90' lang='lat'>50.</span> 
     </span>
     <span class='ocr_line' id='line_1_12' title="bbox 206 874 889 922; baseline 0.004 -13"><span class='ocrx_word' id='word_1_50' title='bbox 206 877 362 922; x_wconf 84' lang='lat' dir='ltr'>quidnam</span> <span class='ocrx_word' id='word_1_51' title='bbox 392 875 506 919; x_wconf 47' lang='lat' dir='ltr'>quoad*</span> <span class='ocrx_word' id='word_1_52' title='bbox 528 874 654 910; x_wconf 89' lang='lat' dir='ltr'>dictum</span> <span class='ocrx_word' id='word_1_53' title='bbox 673 875 889 912; x_wconf 64' lang='lat' dir='ltr'>Administra-</span> 
     </span>
     <span class='ocr_line' id='line_1_13' title="bbox 255 923 887 964; baseline 0.002 -5"><span class='ocrx_word' id='word_1_54' title='bbox 255 935 363 959; x_wconf 87' lang='lat' dir='ltr'>torern</span> <span class='ocrx_word' id='word_1_55' title='bbox 379 946 389 962; x_wconf 81' lang='lat'>‚</span> <span class='ocrx_word' id='word_1_56' title='bbox 407 935 485 957; x_wconf 86' lang='lat' dir='ltr'>suos</span> <span class='ocrx_word' id='word_1_57' title='bbox 500 923 691 964; x_wconf 79' lang='lat' dir='ltr'>Adiutores,</span> <span class='ocrx_word' id='word_1_58' title='bbox 712 934 744 959; x_wconf 86' lang='lat' dir='ltr'>et</span> <span class='ocrx_word' id='word_1_59' title='bbox 759 926 887 960; x_wconf 83' lang='lat' dir='ltr'>Substi-</span> 
     </span>
     <span class='ocr_line' id='line_1_14' title="bbox 256 972 890 1016; baseline 0.002 -9"><span class='ocrx_word' id='word_1_60' title='bbox 256 982 346 1007; x_wconf 77' lang='lat' dir='ltr'>tutos</span> <span class='ocrx_word' id='word_1_61' title='bbox 374 972 614 1016; x_wconf 87' lang='lat' dir='ltr'>praescriptum</span> <span class='ocrx_word' id='word_1_62' title='bbox 629 974 690 1007; x_wconf 89' lang='lat' dir='ltr'>sit.</span> <span class='ocrx_word' id='word_1_63' title='bbox 710 983 762 1011; x_wconf 84' lang='lat'>50.</span> <span class='ocrx_word' id='word_1_64' title='bbox 777 975 816 1008; x_wconf 89' lang='lat' dir='ltr'>ad</span> <span class='ocrx_word' id='word_1_65' title='bbox 835 986 890 1015; x_wconf 83' lang='lat'>52.</span> 
     </span>
     <span class='ocr_line' id='line_1_15' title="bbox 205 1019 890 1058; baseline 0.001 -2"><span class='ocrx_word' id='word_1_66' title='bbox 205 1022 237 1056; x_wconf 88' lang='lat' dir='ltr'>in</span> <span class='ocrx_word' id='word_1_67' title='bbox 253 1034 328 1057; x_wconf 85' lang='lat' dir='ltr'>casu</span> <span class='ocrx_word' id='word_1_68' title='bbox 346 1019 458 1055; x_wconf 83' lang='lat' dir='ltr'>obitus</span> <span class='ocrx_word' id='word_1_69' title='bbox 489 1021 541 1054; x_wconf 89' lang='lat' dir='ltr'>vel</span> <span class='ocrx_word' id='word_1_70' title='bbox 566 1021 767 1056; x_wconf 87' lang='lat' dir='ltr'>dimissionis</span> <span class='ocrx_word' id='word_1_71' title='bbox 784 1023 890 1058; x_wconf 82' lang='lat' dir='ltr'>Nota-</span> 
     </span>
     <span class='ocr_line' id='line_1_16' title="bbox 252 1069 888 1116; baseline 0.003 -12"><span class='ocrx_word' id='word_1_72' title='bbox 252 1070 292 1104; x_wconf 91' lang='lat' dir='ltr'>rii</span> <span class='ocrx_word' id='word_1_73' title='bbox 310 1069 515 1115; x_wconf 82' lang='lat' dir='ltr'>Signaturae—</span> <span class='ocrx_word' id='word_1_74' title='bbox 529 1074 703 1114; x_wconf 88' lang='lat' dir='ltr'>quomodo</span> <span class='ocrx_word' id='word_1_75' title='bbox 720 1082 754 1104; x_wconf 83' lang='lat' dir='ltr'>se</span> <span class='ocrx_word' id='word_1_76' title='bbox 771 1083 888 1116; x_wconf 81' lang='lat' dir='ltr'>gerere</span> 
     </span>
     <span class='ocr_line' id='line_1_17' title="bbox 251 1120 480 1158; baseline -0.013 -5"><span class='ocrx_word' id='word_1_77' title='bbox 251 1120 393 1153; x_wconf 80' lang='lat' dir='ltr'>debeat.</span> <span class='ocrx_word' id='word_1_78' title='bbox 425 1127 480 1158; x_wconf 85' lang='lat'>52.</span> 
     </span>
     <span class='ocr_line' id='line_1_18' title="bbox 154 1166 887 1207; baseline -0.001 -4"><span class='ocrx_word' id='word_1_79' title='bbox 154 1166 547 1206; x_wconf 76' lang='lat' dir='ltr'>Arcimboidusjoannes</span> <span class='ocrx_word' id='word_1_80' title='bbox 577 1167 767 1202; x_wconf 87' lang='lat' dir='ltr'>Cardinalis</span> <span class='ocrx_word' id='word_1_81' title='bbox 785 1192 793 1207; x_wconf 95' lang='lat'>,</span> <span class='ocrx_word' id='word_1_82' title='bbox 825 1171 887 1203; x_wconf 58' lang='lat' dir='ltr'>Ar*-</span> 
     </span>
     <span class='ocr_line' id='line_1_19' title="bbox 250 1215 889 1260; baseline 0 -9"><span class='ocrx_word' id='word_1_83' title='bbox 250 1215 486 1260; x_wconf 86' lang='lat' dir='ltr'>chiepiscopus</span> <span class='ocrx_word' id='word_1_84' title='bbox 505 1215 776 1257; x_wconf 86' lang='lat' dir='ltr'>Mediolanensis‚</span> <span class='ocrx_word' id='word_1_85' title='bbox 793 1217 889 1251; x_wconf 84' lang='lat' dir='ltr'>Prae-</span> 
     </span>
     <span class='ocr_line' id='line_1_20' title="bbox 249 1263 667 1308; baseline -0.002 -9"><span class='ocrx_word' id='word_1_86' title='bbox 249 1265 354 1299; x_wconf 80' lang='lat' dir='ltr'>fectus</span> <span class='ocrx_word' id='word_1_87' title='bbox 370 1263 568 1308; x_wconf 81' lang='lat' dir='ltr'>Signaturae</span> <span class='ocrx_word' id='word_1_88' title='bbox 581 1288 590 1298; x_wconf 92' lang='lat'>.</span> <span class='ocrx_word' id='word_1_89' title='bbox 614 1275 667 1298; x_wconf 87' lang='lat'>12.</span> 
     </span>
     <span class='ocr_line' id='line_1_21' title="bbox 149 1312 887 1362; baseline -0.001 -13"><span class='ocrx_word' id='word_1_90' title='bbox 149 1313 314 1362; x_wconf 69' lang='lat' dir='ltr'>Asqulana</span> <span class='ocrx_word' id='word_1_91' title='bbox 331 1312 464 1347; x_wconf 85' lang='lat' dir='ltr'>Civitas</span> <span class='ocrx_word' id='word_1_92' title='bbox 494 1313 614 1357; x_wconf 85' lang='lat' dir='ltr'>gaudet</span> <span class='ocrx_word' id='word_1_93' title='bbox 644 1312 818 1359; x_wconf 75' lang='lat' dir='ltr'>privilegio</span> <span class='ocrx_word' id='word_1_94' title='bbox 836 1326 887 1348; x_wconf 90' lang='lat' dir='ltr'>se-</span> 
     </span>
     <span class='ocr_line' id='line_1_22' title="bbox 251 1361 690 1405; baseline -0.002 -9"><span class='ocrx_word' id='word_1_95' title='bbox 251 1365 381 1396; x_wconf 83' lang='lat' dir='ltr'>cundae</span> <span class='ocrx_word' id='word_1_96' title='bbox 397 1361 566 1394; x_wconf 82' lang='lat' dir='ltr'>instantiae</span> <span class='ocrx_word' id='word_1_97' title='bbox 581 1385 589 1394; x_wconf 94' lang='lat'><strong>.</strong></span> <span class='ocrx_word' id='word_1_98' title='bbox 613 1371 690 1405; x_wconf 88' lang='lat'><em>133.</em></span> 
     </span>
     <span class='ocr_line' id='line_1_23' title="bbox 149 1408 888 1448; baseline -0.001 -1"><span class='ocrx_word' id='word_1_99' title='bbox 149 1410 413 1447; x_wconf 85' lang='lat' dir='ltr'>Assicurationis</span> <span class='ocrx_word' id='word_1_100' title='bbox 432 1408 463 1442; x_wconf 92' lang='lat' dir='ltr'>in</span> <span class='ocrx_word' id='word_1_101' title='bbox 479 1408 623 1448; x_wconf 75' lang='lat' dir='ltr'>judiciis</span> <span class='ocrx_word' id='word_1_102' title='bbox 637 1423 676 1444; x_wconf 88' lang='lat' dir='ltr'>an</span> <span class='ocrx_word' id='word_1_103' title='bbox 698 1413 888 1446; x_wconf 88' lang='lat' dir='ltr'>conceden-</span> 
     </span>
     <span class='ocr_line' id='line_1_24' title="bbox 237 1457 881 1494; baseline 0.005 -3"><span class='ocrx_word' id='word_1_104' title='bbox 237 1459 277 1492; x_wconf 77' lang='lat' dir='ltr'>da</span> <span class='ocrx_word' id='word_1_105' title='bbox 307 1460 382 1493; x_wconf 63' lang='lat' dir='ltr'>sint&gt;</span> <span class='ocrx_word' id='word_1_106' title='bbox 403 1457 555 1491; x_wconf 76' lang='lat' dir='ltr'>mandata</span> <span class='ocrx_word' id='word_1_107' title='bbox 583 1460 623 1492; x_wconf 93' lang='lat' dir='ltr'>de</span> <span class='ocrx_word' id='word_1_108' title='bbox 654 1460 881 1494; x_wconf 77' lang='lat' dir='ltr'>describendis</span> 
     </span>
     <span class='ocr_line' id='line_1_25' title="bbox 245 1507 475 1548; baseline 0 -9"><span class='ocrx_word' id='word_1_109' title='bbox 245 1507 341 1540; x_wconf 87' lang='lat' dir='ltr'>bonis</span> <span class='ocrx_word' id='word_1_110' title='bbox 360 1531 368 1539; x_wconf 97' lang='lat'>.</span> <span class='ocrx_word' id='word_1_111' title='bbox 391 1518 403 1539; x_wconf 93' lang='lat'>1</span> <span class='ocrx_word' id='word_1_112' title='bbox 414 1516 454 1548; x_wconf 88' lang='lat'>33</span> <span class='ocrx_word' id='word_1_113' title='bbox 465 1532 475 1540; x_wconf 91' lang='lat'><strong>.</strong></span> 
     </span>
     <span class='ocr_line' id='line_1_26' title="bbox 153 1553 881 1600; baseline 0.005 -13"><span class='ocrx_word' id='word_1_114' title='bbox 153 1553 398 1588; x_wconf 82' lang='lat' dir='ltr'>Associationis</span> <span class='ocrx_word' id='word_1_115' title='bbox 438 1554 611 1592; x_wconf 77' lang='lat' dir='ltr'>judicium</span> <span class='ocrx_word' id='word_1_116' title='bbox 647 1556 727 1600; x_wconf 78' lang='lat' dir='ltr'>quid</span> <span class='ocrx_word' id='word_1_117' title='bbox 754 1556 821 1596; x_wconf 73' lang='lat' dir='ltr'>sir,</span> <span class='ocrx_word' id='word_1_118' title='bbox 848 1566 881 1591; x_wconf 88' lang='lat' dir='ltr'>et</span> 
     </span>
     <span class='ocr_line' id='line_1_27' title="bbox 254 1601 878 1647; baseline 0.014 -16"><span class='ocrx_word' id='word_1_119' title='bbox 254 1603 427 1646; x_wconf 83' lang='lat' dir='ltr'>quomodo</span> <span class='ocrx_word' id='word_1_120' title='bbox 444 1601 522 1634; x_wconf 84' lang='lat' dir='ltr'>alibi</span> <span class='ocrx_word' id='word_1_121' title='bbox 538 1605 650 1636; x_wconf 88' lang='lat' dir='ltr'>vocari</span> <span class='ocrx_word' id='word_1_122' title='bbox 679 1604 781 1639; x_wconf 82' lang='lat' dir='ltr'>soleat</span> <span class='ocrx_word' id='word_1_123' title='bbox 797 1608 878 1647; x_wconf 82' lang='lat'>265.</span> 
     </span>
     <span class='ocr_line' id='line_1_28' title="bbox 147 1645 828 1694; baseline -0.001 -9"><span class='ocrx_word' id='word_1_124' title='bbox 147 1645 326 1685; x_wconf 71' lang='lat' dir='ltr'>Attentata</span> <span class='ocrx_word' id='word_1_125' title='bbox 353 1660 515 1694; x_wconf 63' lang='lat' dir='ltr'>quaenam</span> <span class='ocrx_word' id='word_1_126' title='bbox 539 1650 690 1683; x_wconf 73' lang='lat' dir='ltr'>dicantur</span> <span class='ocrx_word' id='word_1_127' title='bbox 707 1675 716 1684; x_wconf 90' lang='lat'><em>.</em></span> <span class='ocrx_word' id='word_1_128' title='bbox 749 1663 828 1693; x_wconf 85' lang='lat'><em>135.</em></span> 
     </span>
     <span class='ocr_line' id='line_1_29' title="bbox 194 1696 879 1741; baseline -0.001 -7"><span class='ocrx_word' id='word_1_129' title='bbox 194 1712 232 1734; x_wconf 82' lang='lat' dir='ltr'>an</span> <span class='ocrx_word' id='word_1_130' title='bbox 260 1707 374 1734; x_wconf 85' lang='lat' dir='ltr'>causet</span> <span class='ocrx_word' id='word_1_131' title='bbox 400 1696 541 1741; x_wconf 81' lang='lat' dir='ltr'>simplex</span> <span class='ocrx_word' id='word_1_132' title='bbox 579 1708 733 1733; x_wconf 84' lang='lat' dir='ltr'>recursus</span> <span class='ocrx_word' id='word_1_133' title='bbox 760 1700 810 1733; x_wconf 70' lang='lat' dir='ltr'>adr</span> <span class='ocrx_word' id='word_1_134' title='bbox 831 1700 879 1733; x_wconf 76' lang='lat' dir='ltr'>Si⁴</span> 
     </span>
     <span class='ocr_line' id='line_1_30' title="bbox 235 1747 525 1792; baseline -0.003 -11"><span class='ocrx_word' id='word_1_135' title='bbox 235 1755 431 1792; x_wconf 80' lang='lat' dir='ltr'>gnaturam.</span> <span class='ocrx_word' id='word_1_136' title='bbox 468 1747 525 1787; x_wconf 72' lang='grc' dir='ltr'>ὃς.</span> 
     </span>
     <span class='ocr_line' id='line_1_31' title="bbox 192 1795 876 1841; baseline -0.001 -10"><span class='ocrx_word' id='word_1_137' title='bbox 192 1796 274 1841; x_wconf 86' lang='lat' dir='ltr'>quid</span> <span class='ocrx_word' id='word_1_138' title='bbox 302 1804 480 1834; x_wconf 68' lang='lat' dir='ltr'>servetur,</span> <span class='ocrx_word' id='word_1_139' title='bbox 520 1796 546 1829; x_wconf 90' lang='lat' dir='ltr'>si</span> <span class='ocrx_word' id='word_1_140' title='bbox 563 1795 738 1830; x_wconf 82' lang='lat' dir='ltr'>intimatio·</span> <span class='ocrx_word' id='word_1_141' title='bbox 755 1796 876 1830; x_wconf 78' lang='lat' dir='ltr'>facien-</span> 
     </span>
     <span class='ocr_line' id='line_1_32' title="bbox 240 1845 785 1889; baseline -0.006 -9"><span class='ocrx_word' id='word_1_142' title='bbox 240 1846 280 1880; x_wconf 89' lang='lat' dir='ltr'>da</span> <span class='ocrx_word' id='word_1_143' title='bbox 296 1846 341 1880; x_wconf 88' lang='lat' dir='ltr'>sit</span> <span class='ocrx_word' id='word_1_144' title='bbox 357 1845 387 1878; x_wconf 78' lang='lat' dir='ltr'>ir:</span> <span class='ocrx_word' id='word_1_145' title='bbox 406 1845 556 1889; x_wconf 85' lang='lat' dir='ltr'>partibus</span> <span class='ocrx_word' id='word_1_146' title='bbox 576 1868 584 1878; x_wconf 88' lang='lat'><strong>.</strong></span> <span class='ocrx_word' id='word_1_147' title='bbox 615 1846 672 1878; x_wconf 79' lang='lat'>86.</span> <span class='ocrx_word' id='word_1_148' title='bbox 779 1848 785 1854; x_wconf 88' lang='lat'>&#39;</span> 
     </span>
     <span class='ocr_line' id='line_1_33' title="bbox 193 1894 876 1938; baseline -0.003 -9"><span class='ocrx_word' id='word_1_149' title='bbox 193 1905 237 1929; x_wconf 76' lang='lat' dir='ltr'>an</span> <span class='ocrx_word' id='word_1_150' title='bbox 255 1894 299 1929; x_wconf 93' lang='lat' dir='ltr'>ita</span> <span class='ocrx_word' id='word_1_151' title='bbox 327 1902 524 1929; x_wconf 85' lang='lat' dir='ltr'>censeantur</span> <span class='ocrx_word' id='word_1_152' title='bbox 552 1902 622 1927; x_wconf 84' lang='lat' dir='ltr'>acta</span> <span class='ocrx_word' id='word_1_153' title='bbox 638 1902 728 1937; x_wconf 82' lang='lat' dir='ltr'>gesta</span> <span class='ocrx_word' id='word_1_154' title='bbox 747 1918 756 1934; x_wconf 91' lang='lat'>‚</span> <span class='ocrx_word' id='word_1_155' title='bbox 773 1905 876 1938; x_wconf 82' lang='lat' dir='ltr'>quum</span> 
     </span>
     <span class='ocr_line' id='line_1_34' title="bbox 241 1941 879 1986; baseline -0.002 -9"><span class='ocrx_word' id='word_1_156' title='bbox 241 1942 503 1986; x_wconf 81' lang='lat' dir='ltr'>supersessoriae</span> <span class='ocrx_word' id='word_1_157' title='bbox 527 1941 726 1986; x_wconf 82' lang='lat' dir='ltr'>prorogatio</span> <span class='ocrx_word' id='word_1_158' title='bbox 760 1953 879 1976; x_wconf 91' lang='lat' dir='ltr'>conce-</span> 
     </span>
     <span class='ocr_line' id='line_1_35' title="bbox 238 1992 449 2035; baseline -0.005 -10"><span class='ocrx_word' id='word_1_159' title='bbox 238 1993 339 2026; x_wconf 86' lang='lat' dir='ltr'>datur</span> <span class='ocrx_word' id='word_1_160' title='bbox 354 2015 363 2025; x_wconf 91' lang='lat'>.</span> <span class='ocrx_word' id='word_1_161' title='bbox 391 1992 449 2035; x_wconf 79' lang='lat'>87.</span> 
     </span>
     <span class='ocr_line' id='line_1_36' title="bbox 189 2039 874 2086; baseline -0.003 -11"><span class='ocrx_word' id='word_1_162' title='bbox 189 2051 251 2085; x_wconf 74' lang='lat' dir='ltr'>pro</span> <span class='ocrx_word' id='word_1_163' title='bbox 265 2039 445 2075; x_wconf 78' lang='lat' dir='ltr'>obtinenda</span> <span class='ocrx_word' id='word_1_164' title='bbox 474 2041 678 2074; x_wconf 82' lang='lat' dir='ltr'>eorumdem</span> <span class='ocrx_word' id='word_1_165' title='bbox 701 2039 874 2086; x_wconf 80' lang='lat' dir='ltr'>purgatio-</span> 
     </span>
     <span class='ocr_line' id='line_1_37' title="bbox 230 2089 876 2135; baseline 0 -13"><span class='ocrx_word' id='word_1_166' title='bbox 230 2100 295 2129; x_wconf 89' lang='lat' dir='ltr'>ne,</span> <span class='ocrx_word' id='word_1_167' title='bbox 322 2090 454 2135; x_wconf 73' lang='lat' dir='ltr'>quando</span> <span class='ocrx_word' id='word_1_168' title='bbox 486 2089 675 2123; x_wconf 59' lang='lat' dir='ltr'>commissa&gt;</span> <span class='ocrx_word' id='word_1_169' title='bbox 697 2089 761 2123; x_wconf 84' lang='lat' dir='ltr'>sint</span> <span class='ocrx_word' id='word_1_170' title='bbox 792 2089 876 2122; x_wconf 81' lang='lat' dir='ltr'>infra</span> 
     </span>
     <span class='ocr_line' id='line_1_38' title="bbox 239 2136 876 2182; baseline 0 -11"><span class='ocrx_word' id='word_1_171' title='bbox 239 2137 438 2172; x_wconf 82' lang='lat' dir='ltr'>decendium</span> <span class='ocrx_word' id='word_1_172' title='bbox 455 2136 540 2171; x_wconf 82' lang='lat' dir='ltr'>adie</span> <span class='ocrx_word' id='word_1_173' title='bbox 555 2136 785 2181; x_wconf 81' lang='lat' dir='ltr'>appellationis</span> <span class='ocrx_word' id='word_1_174' title='bbox 801 2148 876 2182; x_wconf 87' lang='lat' dir='ltr'>pro-</span> 
     </span>
     <span class='ocr_line' id='line_1_39' title="bbox 238 2185 874 2229; baseline 0.002 -11"><span class='ocrx_word' id='word_1_175' title='bbox 238 2185 387 2229; x_wconf 89' lang='lat' dir='ltr'>positae,</span> <span class='ocrx_word' id='word_1_176' title='bbox 405 2197 445 2219; x_wconf 86' lang='lat' dir='ltr'>an</span> <span class='ocrx_word' id='word_1_177' title='bbox 460 2186 711 2229; x_wconf 79' lang='lat' dir='ltr'>transportanda</span> <span class='ocrx_word' id='word_1_178' title='bbox 728 2186 874 2220; x_wconf 83' lang='lat' dir='ltr'>sintacta</span> 
     </span>
     <span class='ocr_line' id='line_1_40' title="bbox 239 2233 774 2276; baseline 0.002 -10"><span class='ocrx_word' id='word_1_179' title='bbox 239 2233 360 2276; x_wconf 75' lang='lat' dir='ltr'>prioris</span> <span class='ocrx_word' id='word_1_180' title='bbox 385 2233 525 2272; x_wconf 84' lang='lat' dir='ltr'>iudicati</span> <span class='ocrx_word' id='word_1_181' title='bbox 543 2257 552 2266; x_wconf 93' lang='lat'><em>.</em></span> <span class='ocrx_word' id='word_1_182' title='bbox 584 2235 643 2276; x_wconf 69' lang='grc' dir='ltr'>ὃς.</span> <span class='ocrx_word' id='word_1_183' title='bbox 662 2237 700 2267; x_wconf 83' lang='lat' dir='ltr'>ad</span> <span class='ocrx_word' id='word_1_184' title='bbox 719 2236 774 2275; x_wconf 70' lang='lat'>39.</span> 
     </span>
     <span class='ocr_line' id='line_1_41' title="bbox 142 2280 873 2325; baseline -0.001 -8"><span class='ocrx_word' id='word_1_185' title='bbox 142 2282 398 2317; x_wconf 84' lang='lat' dir='ltr'>A&#39;ttentatorum</span> <span class='ocrx_word' id='word_1_186' title='bbox 445 2280 601 2325; x_wconf 76' lang='lat' dir='ltr'>purgatio</span> <span class='ocrx_word' id='word_1_187' title='bbox 645 2282 873 2325; x_wconf 82' lang='lat' dir='ltr'>dupliciter-a</span> 
     </span>
     <span class='ocr_line' id='line_1_42' title="bbox 149 2328 875 2376; baseline 0 -12"><span class='ocrx_word' id='word_1_188' title='bbox 149 2335 155 2349; x_wconf 67' lang='lat'>³</span> <span class='ocrx_word' id='word_1_189' title='bbox 241 2330 415 2375; x_wconf 85' lang='lat' dir='ltr'>Signatura</span> <span class='ocrx_word' id='word_1_190' title='bbox 432 2328 674 2374; x_wconf 78' lang='lat' dir='ltr'>praescribitur</span> <span class='ocrx_word' id='word_1_191' title='bbox 693 2341 703 2370; x_wconf 72' lang='grc' dir='ltr'><strong><em>ς</em></strong></span> <span class='ocrx_word' id='word_1_192' title='bbox 732 2339 763 2363; x_wconf 87' lang='lat' dir='ltr'>et</span> <span class='ocrx_word' id='word_1_193' title='bbox 797 2330 875 2376; x_wconf 79' lang='lat' dir='ltr'>qui-</span> 
     </span>
     <span class='ocr_line' id='line_1_43' title="bbox 241 2378 781 2423; baseline 0.002 -10"><span class='ocrx_word' id='word_1_194' title='bbox 241 2390 314 2413; x_wconf 85' lang='lat' dir='ltr'>nam</span> <span class='ocrx_word' id='word_1_195' title='bbox 345 2378 388 2413; x_wconf 90' lang='lat' dir='ltr'>sit</span> <span class='ocrx_word' id='word_1_196' title='bbox 406 2379 475 2418; x_wconf 83' lang='lat' dir='ltr'>ejus</span> <span class='ocrx_word' id='word_1_197' title='bbox 501 2378 661 2411; x_wconf 87' lang='lat' dir='ltr'>effectus.</span> <span class='ocrx_word' id='word_1_198' title='bbox 702 2389 781 2423; x_wconf 77' lang='lat'>134.</span> 
     </span>
     <span class='ocr_line' id='line_1_44' title="bbox 191 2426 875 2470; baseline 0.001 -10"><span class='ocrx_word' id='word_1_199' title='bbox 191 2437 230 2460; x_wconf 79' lang='lat' dir='ltr'>an</span> <span class='ocrx_word' id='word_1_200' title='bbox 261 2428 330 2461; x_wconf 77' lang='lat' dir='ltr'>fieri</span> <span class='ocrx_word' id='word_1_201' title='bbox 361 2426 465 2470; x_wconf 84' lang='lat' dir='ltr'>possit</span> <span class='ocrx_word' id='word_1_202' title='bbox 479 2427 678 2470; x_wconf 87' lang='lat' dir='ltr'>deponendo</span> <span class='ocrx_word' id='word_1_203' title='bbox 697 2439 799 2461; x_wconf 86' lang='lat' dir='ltr'>unum</span> <span class='ocrx_word' id='word_1_204' title='bbox 817 2427 875 2467; x_wconf 47' lang='lat' dir='ltr'>un-</span> 
     </span>
     <span class='ocr_line' id='line_1_45' title="bbox 237 2473 875 2520; baseline 0.002 -12"><span class='ocrx_word' id='word_1_205' title='bbox 237 2473 321 2509; x_wconf 89' lang='lat' dir='ltr'>lium</span> <span class='ocrx_word' id='word_1_206' title='bbox 339 2488 413 2510; x_wconf 87' lang='lat' dir='ltr'>cum</span> <span class='ocrx_word' id='word_1_207' title='bbox 424 2474 630 2520; x_wconf 83' lang='lat' dir='ltr'>obligatione</span> <span class='ocrx_word' id='word_1_208' title='bbox 644 2474 794 2509; x_wconf 80' lang='lat' dir='ltr'>solvendi</span> <span class='ocrx_word' id='word_1_209' title='bbox 825 2487 875 2510; x_wconf 90' lang='lat' dir='ltr'>re-</span> 
     </span>
     <span class='ocr_line' id='line_1_46' title="bbox 237 2522 877 2568; baseline 0.002 -11"><span class='ocrx_word' id='word_1_210' title='bbox 237 2522 370 2558; x_wconf 85' lang='lat' dir='ltr'>siduum</span> <span class='ocrx_word' id='word_1_211' title='bbox 404 2535 622 2568; x_wconf 81' lang='lat' dir='ltr'>expensarum</span> <span class='ocrx_word' id='word_1_212' title='bbox 640 2547 649 2562; x_wconf 85' lang='lat'>,</span> <span class='ocrx_word' id='word_1_213' title='bbox 683 2533 714 2558; x_wconf 91' lang='lat' dir='ltr'>et</span> <span class='ocrx_word' id='word_1_214' title='bbox 743 2524 877 2558; x_wconf 76' lang='lat' dir='ltr'>damnv-</span> 
     </span>
     <span class='ocr_line' id='line_1_47' title="bbox 236 2572 802 2618; baseline 0.002 -13"><span class='ocrx_word' id='word_1_215' title='bbox 236 2581 312 2608; x_wconf 87' lang='lat' dir='ltr'>rum</span> <span class='ocrx_word' id='word_1_216' title='bbox 330 2596 341 2613; x_wconf 88' lang='lat'>,</span> <span class='ocrx_word' id='word_1_217' title='bbox 357 2573 440 2607; x_wconf 85' lang='lat' dir='ltr'>facta</span> <span class='ocrx_word' id='word_1_218' title='bbox 456 2572 677 2618; x_wconf 85' lang='lat' dir='ltr'>liquidatione</span> <span class='ocrx_word' id='word_1_219' title='bbox 696 2596 706 2606; x_wconf 88' lang='lat'><strong>.</strong></span> <span class='ocrx_word' id='word_1_220' title='bbox 722 2576 802 2617; x_wconf 85' lang='lat'>265.</span> 
     </span>
    </p>
   </div>
   <div class='ocr_carea' id='block_1_3' title="bbox 975 444 1682 2672">
    <p class='ocr_par' dir='ltr' id='par_1_3' title="bbox 1046 444 1680 493">
     <span class='ocr_line' id='line_1_48' title="bbox 1046 444 1680 493; baseline 0.006 -16"><span class='ocrx_word' id='word_1_221' title='bbox 1046 456 1143 488; x_wconf 84' lang='lat' dir='ltr'>quam</span> <span class='ocrx_word' id='word_1_222' title='bbox 1174 444 1373 478; x_wconf 87' lang='lat' dir='ltr'>Secretarius</span> <span class='ocrx_word' id='word_1_223' title='bbox 1415 445 1563 482; x_wconf 86' lang='lat' dir='ltr'>eiusdem</span> <span class='ocrx_word' id='word_1_224' title='bbox 1581 470 1590 480; x_wconf 89' lang='lat'>.</span> <span class='ocrx_word' id='word_1_225' title='bbox 1618 460 1680 493; x_wconf 78' lang='lat'>44.</span> 
     </span>
    </p>

    <p class='ocr_par' dir='ltr' id='par_1_4' title="bbox 1001 493 1679 587">
     <span class='ocr_line' id='line_1_49' title="bbox 1001 493 1679 537; baseline 0.009 -13"><span class='ocrx_word' id='word_1_226' title='bbox 1001 494 1136 536; x_wconf 78' lang='lat' dir='ltr'>quando</span> <span class='ocrx_word' id='word_1_227' title='bbox 1179 501 1374 535; x_wconf 72' lang='lat' dir='ltr'>aegrotatur</span> <span class='ocrx_word' id='word_1_228' title='bbox 1391 517 1400 532; x_wconf 89' lang='lat'><em>,</em></span> <span class='ocrx_word' id='word_1_229' title='bbox 1433 493 1513 537; x_wconf 83' lang='lat' dir='ltr'>quid</span> <span class='ocrx_word' id='word_1_230' title='bbox 1554 495 1679 530; x_wconf 81' lang='lat' dir='ltr'>servari</span> 
     </span>
     <span class='ocr_line' id='line_1_50' title="bbox 1048 539 1441 587; baseline 0 -13"><span class='ocrx_word' id='word_1_231' title='bbox 1048 539 1151 574; x_wconf 66' lang='lat' dir='ltr'>soleat</span> <span class='ocrx_word' id='word_1_232' title='bbox 1180 562 1189 572; x_wconf 81' lang='lat'><strong>.</strong></span> <span class='ocrx_word' id='word_1_233' title='bbox 1215 553 1299 586; x_wconf 64' lang='lat'>44,</span> <span class='ocrx_word' id='word_1_234' title='bbox 1329 550 1361 575; x_wconf 88' lang='lat' dir='ltr'>et</span> <span class='ocrx_word' id='word_1_235' title='bbox 1376 551 1441 587; x_wconf 86' lang='lat'>45..</span> 
     </span>
    </p>

    <p class='ocr_par' dir='ltr' id='par_1_5' title="bbox 999 588 1679 833">
     <span class='ocr_line' id='line_1_51' title="bbox 999 588 1677 629; baseline 0.009 -7"><span class='ocrx_word' id='word_1_236' title='bbox 999 588 1098 622; x_wconf 80' lang='lat' dir='ltr'>debet</span> <span class='ocrx_word' id='word_1_237' title='bbox 1125 589 1241 621; x_wconf 81' lang='lat' dir='ltr'>afferre</span> <span class='ocrx_word' id='word_1_238' title='bbox 1261 600 1373 623; x_wconf 85' lang='lat' dir='ltr'>urnam</span> <span class='ocrx_word' id='word_1_239' title='bbox 1392 601 1469 624; x_wconf 85' lang='lat' dir='ltr'>cum</span> <span class='ocrx_word' id='word_1_240' title='bbox 1487 592 1622 627; x_wconf 83' lang='lat' dir='ltr'>calculis</span> <span class='ocrx_word' id='word_1_241' title='bbox 1636 595 1677 629; x_wconf 83' lang='lat' dir='ltr'>ad</span> 
     </span>
     <span class='ocr_line' id='line_1_52' title="bbox 1047 635 1678 684; baseline 0.014 -15"><span class='ocrx_word' id='word_1_242' title='bbox 1047 635 1208 680; x_wconf 80' lang='lat' dir='ltr'>Suffragia</span> <span class='ocrx_word' id='word_1_243' title='bbox 1247 637 1380 671; x_wconf 79' lang='lat' dir='ltr'>ferenda</span> <span class='ocrx_word' id='word_1_244' title='bbox 1404 651 1464 684; x_wconf 86' lang='lat' dir='ltr'>pro</span> <span class='ocrx_word' id='word_1_245' title='bbox 1480 640 1678 678; x_wconf 82' lang='lat' dir='ltr'>admissione</span> 
     </span>
     <span class='ocr_line' id='line_1_53' title="bbox 1046 684 1678 726; baseline 0.011 -8"><span class='ocrx_word' id='word_1_246' title='bbox 1046 684 1363 721; x_wconf 83' lang='lat' dir='ltr'>Referendariorum</span> <span class='ocrx_word' id='word_1_247' title='bbox 1377 711 1388 726; x_wconf 83' lang='lat'>‚</span> <span class='ocrx_word' id='word_1_248' title='bbox 1412 689 1484 722; x_wconf 88' lang='lat' dir='ltr'>ideo</span> <span class='ocrx_word' id='word_1_249' title='bbox 1499 690 1538 723; x_wconf 86' lang='lat' dir='ltr'>ab</span> <span class='ocrx_word' id='word_1_250' title='bbox 1554 690 1678 725; x_wconf 88' lang='lat' dir='ltr'>admit-</span> 
     </span>
     <span class='ocr_line' id='line_1_54' title="bbox 1043 732 1679 775; baseline 0.013 -8"><span class='ocrx_word' id='word_1_251' title='bbox 1043 732 1148 768; x_wconf 77' lang='lat' dir='ltr'>tendis</span> <span class='ocrx_word' id='word_1_252' title='bbox 1180 734 1305 768; x_wconf 75' lang='lat' dir='ltr'>certior</span> <span class='ocrx_word' id='word_1_253' title='bbox 1333 736 1404 770; x_wconf 86' lang='lat' dir='ltr'>fieri</span> <span class='ocrx_word' id='word_1_254' title='bbox 1418 738 1517 772; x_wconf 77' lang='lat' dir='ltr'>debet</span> <span class='ocrx_word' id='word_1_255' title='bbox 1552 740 1593 774; x_wconf 89' lang='lat' dir='ltr'>de</span> <span class='ocrx_word' id='word_1_256' title='bbox 1623 742 1679 775; x_wconf 80' lang='lat' dir='ltr'>ad·</span> 
     </span>
     <span class='ocr_line' id='line_1_55' title="bbox 1045 782 1475 833; baseline 0.014 -18"><span class='ocrx_word' id='word_1_257' title='bbox 1045 782 1202 816; x_wconf 82' lang='lat' dir='ltr'>missione</span> <span class='ocrx_word' id='word_1_258' title='bbox 1219 782 1365 819; x_wconf 82' lang='lat' dir='ltr'>facienda</span> <span class='ocrx_word' id='word_1_259' title='bbox 1378 809 1388 819; x_wconf 90' lang='lat'>.</span> <span class='ocrx_word' id='word_1_260' title='bbox 1415 796 1475 833; x_wconf 83' lang='lat'>45.</span> 
     </span>
    </p>

    <p class='ocr_par' dir='ltr' id='par_1_6' title="bbox 993 830 1678 1207">
     <span class='ocr_line' id='line_1_56' title="bbox 993 830 1676 881; baseline 0.013 -17"><span class='ocrx_word' id='word_1_261' title='bbox 993 831 1094 864; x_wconf 89' lang='lat' dir='ltr'>debet</span> <span class='ocrx_word' id='word_1_262' title='bbox 1107 830 1270 869; x_wconf 84' lang='lat' dir='ltr'>judicium</span> <span class='ocrx_word' id='word_1_263' title='bbox 1286 844 1383 868; x_wconf 86' lang='lat' dir='ltr'>suum</span> <span class='ocrx_word' id='word_1_264' title='bbox 1418 835 1627 881; x_wconf 86' lang='lat' dir='ltr'>interponere</span> <span class='ocrx_word' id='word_1_265' title='bbox 1644 838 1676 873; x_wconf 88' lang='lat' dir='ltr'>in</span> 
     </span>
     <span class='ocr_line' id='line_1_57' title="bbox 1037 879 1677 927; baseline 0.017 -16"><span class='ocrx_word' id='word_1_266' title='bbox 1037 879 1192 913; x_wconf 84' lang='lat' dir='ltr'>omnibus</span> <span class='ocrx_word' id='word_1_267' title='bbox 1209 879 1371 915; x_wconf 85' lang='lat' dir='ltr'>instantiis</span> <span class='ocrx_word' id='word_1_268' title='bbox 1389 907 1398 921; x_wconf 91' lang='lat'>‚</span> <span class='ocrx_word' id='word_1_269' title='bbox 1415 896 1498 927; x_wconf 86' lang='lat' dir='ltr'>quae</span> <span class='ocrx_word' id='word_1_270' title='bbox 1516 897 1577 920; x_wconf 86' lang='lat' dir='ltr'>non</span> <span class='ocrx_word' id='word_1_271' title='bbox 1607 898 1677 921; x_wconf 89' lang='lat' dir='ltr'>res-</span> 
     </span>
     <span class='ocr_line' id='line_1_58' title="bbox 1034 926 1677 977; baseline 0.016 -17"><span class='ocrx_word' id='word_1_272' title='bbox 1034 926 1164 973; x_wconf 81' lang='lat' dir='ltr'>piciunt</span> <span class='ocrx_word' id='word_1_273' title='bbox 1196 929 1452 965; x_wconf 84' lang='lat' dir='ltr'>commissiones</span> <span class='ocrx_word' id='word_1_274' title='bbox 1484 933 1677 977; x_wconf 81' lang='lat' dir='ltr'>appellatio-</span> 
     </span>
     <span class='ocr_line' id='line_1_59' title="bbox 1040 979 1676 1032; baseline 0.011 -22"><span class='ocrx_word' id='word_1_275' title='bbox 1040 988 1118 1011; x_wconf 87' lang='lat' dir='ltr'>num</span> <span class='ocrx_word' id='word_1_276' title='bbox 1149 979 1412 1032; x_wconf 43' lang='lat' dir='ltr'>super-negocia</span> <span class='ocrx_word' id='word_1_277' title='bbox 1452 981 1650 1025; x_wconf 83' lang='lat' dir='ltr'>principalia</span> <span class='ocrx_word' id='word_1_278' title='bbox 1665 1007 1676 1021; x_wconf 86' lang='lat'>,</span> 
     </span>
     <span class='ocr_line' id='line_1_60' title="bbox 1037 1027 1676 1073; baseline 0.014 -15"><span class='ocrx_word' id='word_1_279' title='bbox 1037 1034 1136 1070; x_wconf 80' lang='lat' dir='ltr'>prout</span> <span class='ocrx_word' id='word_1_280' title='bbox 1149 1034 1225 1059; x_wconf 83' lang='lat' dir='ltr'>sunt</span> <span class='ocrx_word' id='word_1_281' title='bbox 1243 1027 1572 1073; x_wconf 83' lang='lat' dir='ltr'>circumscriptiones</span> <span class='ocrx_word' id='word_1_282' title='bbox 1605 1043 1676 1066; x_wconf 86' lang='lat' dir='ltr'>sen·</span> 
     </span>
     <span class='ocr_line' id='line_1_61' title="bbox 1040 1074 1676 1119; baseline 0.009 -11"><span class='ocrx_word' id='word_1_283' title='bbox 1040 1074 1162 1108; x_wconf 79' lang='lat' dir='ltr'>tentiae</span> <span class='ocrx_word' id='word_1_284' title='bbox 1189 1085 1229 1108; x_wconf 84' lang='lat' dir='ltr'>ex</span> <span class='ocrx_word' id='word_1_285' title='bbox 1257 1074 1388 1110; x_wconf 86' lang='lat' dir='ltr'>defectu</span> <span class='ocrx_word' id='word_1_286' title='bbox 1405 1077 1676 1119; x_wconf 81' lang='lat' dir='ltr'>jurisdictionis,</span> 
     </span>
     <span class='ocr_line' id='line_1_62' title="bbox 1040 1122 1678 1163; baseline 0.011 -7"><span class='ocrx_word' id='word_1_287' title='bbox 1040 1133 1071 1157; x_wconf 79' lang='lat' dir='ltr'>et</span> <span class='ocrx_word' id='word_1_288' title='bbox 1089 1122 1235 1156; x_wconf 78' lang='lat' dir='ltr'>Mandati</span> <span class='ocrx_word' id='word_1_289' title='bbox 1252 1147 1262 1162; x_wconf 94' lang='lat'>‚</span> <span class='ocrx_word' id='word_1_290' title='bbox 1287 1123 1364 1158; x_wconf 81' lang='lat' dir='ltr'>etin</span> <span class='ocrx_word' id='word_1_291' title='bbox 1393 1125 1472 1161; x_wconf 77' lang='lat' dir='ltr'>aliis·</span> <span class='ocrx_word' id='word_1_292' title='bbox 1501 1127 1678 1163; x_wconf 86' lang='lat' dir='ltr'>incidenti-</span> 
     </span>
     <span class='ocr_line' id='line_1_63' title="bbox 1040 1174 1380 1207; baseline 0.003 -2"><span class='ocrx_word' id='word_1_293' title='bbox 1040 1174 1100 1205; x_wconf 84' lang='lat' dir='ltr'>bus</span> <span class='ocrx_word' id='word_1_294' title='bbox 1120 1195 1128 1204; x_wconf 95' lang='lat'><strong><em>.</em></strong></span> <span class='ocrx_word' id='word_1_295' title='bbox 1152 1183 1229 1205; x_wconf 87' lang='lat'>120.</span> <span class='ocrx_word' id='word_1_296' title='bbox 1253 1181 1286 1206; x_wconf 86' lang='lat' dir='ltr'>et</span> <span class='ocrx_word' id='word_1_297' title='bbox 1307 1184 1380 1207; x_wconf 79' lang='lat'>121·-</span> 
     </span>
    </p>

    <p class='ocr_par' dir='ltr' id='par_1_7' title="bbox 987 1219 1676 1362">
     <span class='ocr_line' id='line_1_64' title="bbox 987 1219 1676 1269; baseline 0.01 -15"><span class='ocrx_word' id='word_1_298' title='bbox 987 1224 1039 1261; x_wconf 81' lang='lat' dir='ltr'>jus</span> <span class='ocrx_word' id='word_1_299' title='bbox 1055 1220 1136 1255; x_wconf 86' lang='lat' dir='ltr'>dicit</span> <span class='ocrx_word' id='word_1_300' title='bbox 1154 1219 1185 1254; x_wconf 87' lang='lat' dir='ltr'>in</span> <span class='ocrx_word' id='word_1_301' title='bbox 1202 1221 1359 1255; x_wconf 80' lang='lat' dir='ltr'>omnibus</span> <span class='ocrx_word' id='word_1_302' title='bbox 1381 1223 1522 1265; x_wconf 87' lang='lat' dir='ltr'>actibus,</span> <span class='ocrx_word' id='word_1_303' title='bbox 1543 1236 1676 1269; x_wconf 85' lang='lat' dir='ltr'>praece-</span> 
     </span>
     <span class='ocr_line' id='line_1_65' title="bbox 1039 1269 1675 1318; baseline 0.011 -15"><span class='ocrx_word' id='word_1_304' title='bbox 1039 1269 1194 1303; x_wconf 79' lang='lat' dir='ltr'>dentibus</span> <span class='ocrx_word' id='word_1_305' title='bbox 1222 1270 1489 1313; x_wconf 82' lang='lat' dir='ltr'>propositionem</span> <span class='ocrx_word' id='word_1_306' title='bbox 1524 1274 1554 1307; x_wconf 90' lang='lat' dir='ltr'>in</span> <span class='ocrx_word' id='word_1_307' title='bbox 1578 1273 1675 1318; x_wconf 78' lang='lat' dir='ltr'>plena</span> 
     </span>
     <span class='ocr_line' id='line_1_66' title="bbox 1038 1317 1348 1362; baseline 0.003 -10"><span class='ocrx_word' id='word_1_308' title='bbox 1038 1317 1237 1362; x_wconf 75' lang='lat' dir='ltr'>Signatum.</span> <span class='ocrx_word' id='word_1_309' title='bbox 1269 1329 1348 1358; x_wconf 68' lang='lat'>12²·</span> 
     </span>
    </p>

    <p class='ocr_par' dir='ltr' id='par_1_8' title="bbox 987 1367 1676 1562">
     <span class='ocr_line' id='line_1_67' title="bbox 987 1367 1676 1417; baseline 0.013 -19"><span class='ocrx_word' id='word_1_310' title='bbox 987 1381 1024 1403; x_wconf 68' lang='lat' dir='ltr'>an</span> <span class='ocrx_word' id='word_1_311' title='bbox 1052 1367 1229 1400; x_wconf 85' lang='lat' dir='ltr'>immutare</span> <span class='ocrx_word' id='word_1_312' title='bbox 1262 1367 1367 1410; x_wconf 83' lang='lat' dir='ltr'>possit</span> <span class='ocrx_word' id='word_1_313' title='bbox 1389 1381 1531 1405; x_wconf 82' lang='lat' dir='ltr'>mentem</span> <span class='ocrx_word' id='word_1_314' title='bbox 1562 1372 1676 1417; x_wconf 84' lang='lat' dir='ltr'>Signa-</span> 
     </span>
     <span class='ocr_line' id='line_1_68' title="bbox 1035 1414 1674 1465; baseline 0.013 -17"><span class='ocrx_word' id='word_1_315' title='bbox 1035 1425 1129 1449; x_wconf 73' lang='lat' dir='ltr'>tnrae</span> <span class='ocrx_word' id='word_1_316' title='bbox 1146 1414 1261 1457; x_wconf 85' lang='lat' dir='ltr'>plenae</span> <span class='ocrx_word' id='word_1_317' title='bbox 1276 1426 1296 1454; x_wconf 75' lang='grc' dir='ltr'>ς·</span> <span class='ocrx_word' id='word_1_318' title='bbox 1314 1426 1346 1450; x_wconf 90' lang='lat' dir='ltr'>et</span> <span class='ocrx_word' id='word_1_319' title='bbox 1366 1416 1397 1451; x_wconf 90' lang='lat' dir='ltr'>in</span> <span class='ocrx_word' id='word_1_320' title='bbox 1414 1420 1518 1453; x_wconf 87' lang='lat' dir='ltr'>dubio</span> <span class='ocrx_word' id='word_1_321' title='bbox 1535 1444 1545 1459; x_wconf 82' lang='lat'><strong>‚</strong></span> <span class='ocrx_word' id='word_1_322' title='bbox 1573 1432 1674 1465; x_wconf 69' lang='lat' dir='ltr'>aquo</span> 
     </span>
     <span class='ocr_line' id='line_1_69' title="bbox 1032 1463 1675 1513; baseline 0.011 -17"><span class='ocrx_word' id='word_1_323' title='bbox 1032 1463 1182 1498; x_wconf 69' lang='lat' dir='ltr'>facienda</span> <span class='ocrx_word' id='word_1_324' title='bbox 1226 1463 1268 1497; x_wconf 88' lang='lat' dir='ltr'>sit</span> <span class='ocrx_word' id='word_1_325' title='bbox 1288 1464 1469 1501; x_wconf 86' lang='lat' dir='ltr'>declaratio</span> <span class='ocrx_word' id='word_1_326' title='bbox 1504 1467 1675 1513; x_wconf 83' lang='lat' dir='ltr'>Rescripti</span> 
     </span>
     <span class='ocr_line' id='line_1_70' title="bbox 1033 1512 1551 1562; baseline 0.012 -18"><span class='ocrx_word' id='word_1_327' title='bbox 1033 1512 1180 1549; x_wconf 83' lang='lat' dir='ltr'>ciusdem</span> <span class='ocrx_word' id='word_1_328' title='bbox 1219 1512 1443 1555; x_wconf 82' lang='lat' dir='ltr'>Signaturae.</span> <span class='ocrx_word' id='word_1_329' title='bbox 1475 1528 1551 1562; x_wconf 81' lang='lat'>124.</span> 
     </span>
    </p>

    <p class='ocr_par' dir='ltr' id='par_1_9' title="bbox 981 1557 1682 1700">
     <span class='ocr_line' id='line_1_71' title="bbox 981 1557 1673 1604; baseline 0.01 -11"><span class='ocrx_word' id='word_1_330' title='bbox 981 1572 1019 1594; x_wconf 79' lang='lat' dir='ltr'>an</span> <span class='ocrx_word' id='word_1_331' title='bbox 1050 1559 1155 1604; x_wconf 82' lang='lat' dir='ltr'>possit</span> <span class='ocrx_word' id='word_1_332' title='bbox 1186 1557 1310 1603; x_wconf 75' lang='lat' dir='ltr'>aliquid</span> <span class='ocrx_word' id='word_1_333' title='bbox 1343 1563 1522 1596; x_wconf 87' lang='lat' dir='ltr'>decernere</span> <span class='ocrx_word' id='word_1_334' title='bbox 1555 1566 1673 1600; x_wconf 67' lang='lat' dir='ltr'>adver·</span> 
     </span>
     <span class='ocr_line' id='line_1_72' title="bbox 1029 1608 1682 1649; baseline 0.012 -8"><span class='ocrx_word' id='word_1_335' title='bbox 1029 1620 1083 1641; x_wconf 78' lang='lat' dir='ltr'>sus</span> <span class='ocrx_word' id='word_1_336' title='bbox 1110 1608 1378 1641; x_wconf 85' lang='lat' dir='ltr'>commissionem</span> <span class='ocrx_word' id='word_1_337' title='bbox 1397 1610 1514 1645; x_wconf 86' lang='lat' dir='ltr'>Sacrae</span> <span class='ocrx_word' id='word_1_338' title='bbox 1537 1612 1646 1648; x_wconf 83' lang='lat' dir='ltr'>Rotae</span> <span class='ocrx_word' id='word_1_339' title='bbox 1662 1638 1682 1649; x_wconf 65' lang='lat'>2.</span> 
     </span>
     <span class='ocr_line' id='line_1_73' title="bbox 1032 1657 1264 1700; baseline -0.009 -11"><span class='ocrx_word' id='word_1_340' title='bbox 1032 1667 1043 1689; x_wconf 86' lang='lat'>1</span> <span class='ocrx_word' id='word_1_341' title='bbox 1056 1667 1111 1700; x_wconf 87' lang='lat'>24.</span> <span class='ocrx_word' id='word_1_342' title='bbox 1125 1658 1173 1688; x_wconf 84' lang='lat' dir='ltr'>ad·</span> <span class='ocrx_word' id='word_1_343' title='bbox 1185 1665 1197 1687; x_wconf 86' lang='lat'>1</span> <span class='ocrx_word' id='word_1_344' title='bbox 1208 1657 1264 1688; x_wconf 83' lang='lat'>26.</span> 
     </span>
    </p>

    <p class='ocr_par' dir='ltr' id='par_1_10' title="bbox 977 1702 1672 1838">
     <span class='ocr_line' id='line_1_74' title="bbox 977 1702 1671 1756; baseline 0.013 -19"><span class='ocrx_word' id='word_1_345' title='bbox 977 1706 1112 1749; x_wconf 80' lang='lat' dir='ltr'>quando</span> <span class='ocrx_word' id='word_1_346' title='bbox 1133 1702 1307 1738; x_wconf 84' lang='lat' dir='ltr'>remittere</span> <span class='ocrx_word' id='word_1_347' title='bbox 1346 1715 1458 1748; x_wconf 89' lang='lat' dir='ltr'>potest</span> <span class='ocrx_word' id='word_1_348' title='bbox 1472 1720 1598 1744; x_wconf 61' lang='lat' dir='ltr'>causas⁴</span> <span class='ocrx_word' id='word_1_349' title='bbox 1613 1723 1671 1756; x_wconf 79' lang='lat' dir='ltr'>ap-</span> 
     </span>
     <span class='ocr_line' id='line_1_75' title="bbox 1033 1751 1672 1801; baseline 0.019 -18"><span class='ocrx_word' id='word_1_350' title='bbox 1033 1751 1202 1795; x_wconf 85' lang='lat' dir='ltr'>pella-biles</span> <span class='ocrx_word' id='word_1_351' title='bbox 1236 1755 1274 1786; x_wconf 88' lang='lat' dir='ltr'>ad</span> <span class='ocrx_word' id='word_1_352' title='bbox 1302 1756 1456 1790; x_wconf 87' lang='lat' dir='ltr'>eumdem</span> <span class='ocrx_word' id='word_1_353' title='bbox 1474 1758 1631 1799; x_wconf 70' lang='lat' dir='ltr'>judicem</span> <span class='ocrx_word' id='word_1_354' title='bbox 1658 1783 1672 1801; x_wconf 85' lang='lat'><em>,</em></span> 
     </span>
     <span class='ocr_line' id='line_1_76' title="bbox 1031 1799 1447 1838; baseline 0.007 -3"><span class='ocrx_word' id='word_1_355' title='bbox 1031 1809 1067 1835; x_wconf 90' lang='lat' dir='ltr'>ut</span> <span class='ocrx_word' id='word_1_356' title='bbox 1084 1800 1205 1834; x_wconf 82' lang='lat' dir='ltr'>iterum</span> <span class='ocrx_word' id='word_1_357' title='bbox 1222 1799 1336 1835; x_wconf 84' lang='lat' dir='ltr'>audiat</span> <span class='ocrx_word' id='word_1_358' title='bbox 1369 1807 1447 1838; x_wconf 83' lang='lat'>126.</span> 
     </span>
    </p>

    <p class='ocr_par' dir='ltr' id='par_1_11' title="bbox 979 1851 1671 1941">
     <span class='ocr_line' id='line_1_77' title="bbox 979 1851 1671 1898; baseline 0.017 -17"><span class='ocrx_word' id='word_1_359' title='bbox 979 1861 1138 1897; x_wconf 78' lang='lat' dir='ltr'>quaenam</span> <span class='ocrx_word' id='word_1_360' title='bbox 1169 1851 1269 1883; x_wconf 85' lang='lat' dir='ltr'>debet</span> <span class='ocrx_word' id='word_1_361' title='bbox 1295 1863 1364 1885; x_wconf 87' lang='lat' dir='ltr'>esse</span> <span class='ocrx_word' id='word_1_362' title='bbox 1392 1853 1542 1892; x_wconf 82' lang='lat' dir='ltr'>eiusdem</span> <span class='ocrx_word' id='word_1_363' title='bbox 1565 1857 1671 1898; x_wconf 74' lang='lat' dir='ltr'>Audi-</span> 
     </span>
     <span class='ocr_line' id='line_1_78' title="bbox 1029 1897 1389 1941; baseline 0.006 -10"><span class='ocrx_word' id='word_1_364' title='bbox 1029 1897 1110 1931; x_wconf 88' lang='lat' dir='ltr'>toris</span> <span class='ocrx_word' id='word_1_365' title='bbox 1144 1899 1265 1941; x_wconf 81' lang='lat' dir='ltr'>peritia</span> <span class='ocrx_word' id='word_1_366' title='bbox 1281 1921 1290 1931; x_wconf 86' lang='lat'>.</span> <span class='ocrx_word' id='word_1_367' title='bbox 1323 1899 1389 1933; x_wconf 85' lang='lat' dir='ltr'>ibi-</span> 
     </span>
    </p>

    <p class='ocr_par' dir='ltr' id='par_1_12' title="bbox 980 1947 1675 2087">
     <span class='ocr_line' id='line_1_79' title="bbox 980 1947 1667 1993; baseline 0.013 -13"><span class='ocrx_word' id='word_1_368' title='bbox 980 1949 1079 1983; x_wconf 84' lang='lat' dir='ltr'>debet</span> <span class='ocrx_word' id='word_1_369' title='bbox 1110 1949 1149 1980; x_wconf 85' lang='lat' dir='ltr'>ad</span> <span class='ocrx_word' id='word_1_370' title='bbox 1168 1947 1295 1990; x_wconf 84' lang='lat' dir='ltr'>plenam</span> <span class='ocrx_word' id='word_1_371' title='bbox 1314 1947 1524 1993; x_wconf 86' lang='lat' dir='ltr'>Signaturam</span> <span class='ocrx_word' id='word_1_372' title='bbox 1547 1953 1667 1989; x_wconf 89' lang='lat' dir='ltr'>instan-</span> 
     </span>
     <span class='ocr_line' id='line_1_80' title="bbox 1029 1995 1675 2045; baseline 0.017 -17"><span class='ocrx_word' id='word_1_373' title='bbox 1029 1996 1089 2030; x_wconf 68' lang='lat' dir='ltr'>tias</span> <span class='ocrx_word' id='word_1_374' title='bbox 1120 1995 1352 2031; x_wconf 84' lang='lat' dir='ltr'>nonnullarum</span> <span class='ocrx_word' id='word_1_375' title='bbox 1401 2001 1675 2045; x_wconf 67' lang='lat' dir='ltr'>appellationum</span> 
     </span>
     <span class='ocr_line' id='line_1_81' title="bbox 1029 2047 1637 2087; baseline 0.01 -6"><span class='ocrx_word' id='word_1_376' title='bbox 1029 2047 1087 2081; x_wconf 82' lang='lat'>80.</span> <span class='ocrx_word' id='word_1_377' title='bbox 1636 2084 1637 2087; x_wconf 75' lang='grc'>,</span> 
     </span>
    </p>

    <p class='ocr_par' dir='ltr' id='par_1_13' title="bbox 977 2094 1664 2140">
     <span class='ocr_line' id='line_1_82' title="bbox 977 2094 1664 2140; baseline 0.012 -13"><span class='ocrx_word' id='word_1_378' title='bbox 977 2094 1114 2138; x_wconf 83' lang='lat' dir='ltr'>antiquo</span> <span class='ocrx_word' id='word_1_379' title='bbox 1147 2103 1299 2139; x_wconf 84' lang='lat' dir='ltr'>ternpore</span> <span class='ocrx_word' id='word_1_380' title='bbox 1316 2095 1448 2140; x_wconf 87' lang='lat' dir='ltr'>quinam</span> <span class='ocrx_word' id='word_1_381' title='bbox 1469 2108 1561 2136; x_wconf 78' lang='lat' dir='ltr'>erat.</span> <span class='ocrx_word' id='word_1_382' title='bbox 1585 2102 1664 2135; x_wconf 80' lang='lat'><strong>106⁶.</strong></span> 
     </span>
    </p>

    <p class='ocr_par' dir='ltr' id='par_1_14' title="bbox 977 2143 1664 2272">
     <span class='ocr_line' id='line_1_83' title="bbox 977 2143 1664 2189; baseline 0.013 -14"><span class='ocrx_word' id='word_1_383' title='bbox 977 2154 1078 2189; x_wconf 86' lang='lat' dir='ltr'>quare</span> <span class='ocrx_word' id='word_1_384' title='bbox 1107 2143 1255 2181; x_wconf 79' lang='lat' dir='ltr'>eiusdem</span> <span class='ocrx_word' id='word_1_385' title='bbox 1284 2146 1417 2180; x_wconf 88' lang='lat' dir='ltr'>decreta</span> <span class='ocrx_word' id='word_1_386' title='bbox 1433 2148 1664 2184; x_wconf 86' lang='lat' dir='ltr'>diversimode</span> 
     </span>
     <span class='ocr_line' id='line_1_84' title="bbox 1027 2192 1660 2242; baseline 0.014 -17"><span class='ocrx_word' id='word_1_387' title='bbox 1027 2192 1270 2226; x_wconf 85' lang='lat' dir='ltr'>confirmantur</span> <span class='ocrx_word' id='word_1_388' title='bbox 1293 2205 1310 2227; x_wconf 92' lang='lat' dir='ltr'>a</span> <span class='ocrx_word' id='word_1_389' title='bbox 1331 2194 1503 2240; x_wconf 83' lang='lat' dir='ltr'>Signatura</span> <span class='ocrx_word' id='word_1_390' title='bbox 1536 2197 1634 2242; x_wconf 86' lang='lat' dir='ltr'>plena</span> <span class='ocrx_word' id='word_1_391' title='bbox 1650 2221 1660 2234; x_wconf 83' lang='lat'>.</span> 
     </span>
     <span class='ocr_line' id='line_1_85' title="bbox 1028 2239 1101 2272; baseline 0 0"><span class='ocrx_word' id='word_1_392' title='bbox 1028 2239 1075 2272; x_wconf 87' lang='lat' dir='ltr'>ibi</span> <span class='ocrx_word' id='word_1_393' title='bbox 1091 2264 1101 2272; x_wconf 92' lang='lat'>.</span> 
     </span>
    </p>

    <p class='ocr_par' dir='ltr' id='par_1_15' title="bbox 975 2287 1665 2432">
     <span class='ocr_line' id='line_1_86' title="bbox 975 2287 1665 2332; baseline 0.012 -11"><span class='ocrx_word' id='word_1_394' title='bbox 975 2298 1036 2332; x_wconf 86' lang='lat' dir='ltr'>per</span> <span class='ocrx_word' id='word_1_395' title='bbox 1051 2287 1182 2322; x_wconf 90' lang='lat' dir='ltr'>obitum</span> <span class='ocrx_word' id='word_1_396' title='bbox 1207 2289 1397 2326; x_wconf 85' lang='lat' dir='ltr'>Cardinalis</span> <span class='ocrx_word' id='word_1_397' title='bbox 1414 2292 1576 2327; x_wconf 85' lang='lat' dir='ltr'>Praefecti</span> <span class='ocrx_word' id='word_1_398' title='bbox 1595 2305 1665 2329; x_wconf 87' lang='lat' dir='ltr'>ces·</span> 
     </span>
     <span class='ocr_line' id='line_1_87' title="bbox 1025 2335 1662 2388; baseline 0.014 -20"><span class='ocrx_word' id='word_1_399' title='bbox 1025 2344 1072 2370; x_wconf 86' lang='lat' dir='ltr'>sat</span> <span class='ocrx_word' id='word_1_400' title='bbox 1087 2335 1157 2373; x_wconf 85' lang='lat' dir='ltr'>ejus</span> <span class='ocrx_word' id='word_1_401' title='bbox 1193 2338 1398 2380; x_wconf 81' lang='lat' dir='ltr'>auctoritas,</span> <span class='ocrx_word' id='word_1_402' title='bbox 1430 2348 1462 2372; x_wconf 83' lang='lat' dir='ltr'>et</span> <span class='ocrx_word' id='word_1_403' title='bbox 1477 2349 1556 2375; x_wconf 85' lang='lat' dir='ltr'>tunc</span> <span class='ocrx_word' id='word_1_404' title='bbox 1581 2344 1662 2388; x_wconf 87' lang='lat' dir='ltr'>quid</span> 
     </span>
     <span class='ocr_line' id='line_1_88' title="bbox 1024 2384 1464 2432; baseline 0.014 -16"><span class='ocrx_word' id='word_1_405' title='bbox 1024 2390 1179 2417; x_wconf 83' lang='lat' dir='ltr'>servetur</span> <span class='ocrx_word' id='word_1_406' title='bbox 1196 2407 1206 2416; x_wconf 85' lang='lat'><strong>.</strong></span> <span class='ocrx_word' id='word_1_407' title='bbox 1237 2384 1312 2424; x_wconf 49' lang='lat' dir='ltr'>ibis*</span> <span class='ocrx_word' id='word_1_408' title='bbox 1334 2395 1366 2420; x_wconf 82' lang='lat' dir='ltr'>et</span> <span class='ocrx_word' id='word_1_409' title='bbox 1386 2398 1464 2432; x_wconf 80' lang='lat'>107.</span> 
     </span>
    </p>

    <p class='ocr_par' dir='ltr' id='par_1_16' title="bbox 975 2432 1668 2521">
     <span class='ocr_line' id='line_1_89' title="bbox 975 2432 1668 2482; baseline 0.013 -18"><span class='ocrx_word' id='word_1_410' title='bbox 975 2433 1046 2470; x_wconf 80' lang='lat' dir='ltr'>eius</span> <span class='ocrx_word' id='word_1_411' title='bbox 1065 2432 1259 2467; x_wconf 75' lang='lat' dir='ltr'>Auctoritas</span> <span class='ocrx_word' id='word_1_412' title='bbox 1276 2434 1364 2470; x_wconf 74' lang='lat' dir='ltr'>cisca</span> <span class='ocrx_word' id='word_1_413' title='bbox 1378 2448 1463 2482; x_wconf 85' lang='lat' dir='ltr'>quae</span> <span class='ocrx_word' id='word_1_414' title='bbox 1483 2447 1636 2476; x_wconf 80' lang='lat' dir='ltr'>versetur</span> <span class='ocrx_word' id='word_1_415' title='bbox 1650 2465 1668 2476; x_wconf 53' lang='lat' dir='ltr'>a,</span> 
     </span>
     <span class='ocr_line' id='line_1_90' title="bbox 1031 2480 1267 2521; baseline 0.008 -6"><span class='ocrx_word' id='word_1_416' title='bbox 1031 2492 1108 2521; x_wconf 85' lang='lat'>109.</span> <span class='ocrx_word' id='word_1_417' title='bbox 1128 2480 1166 2513; x_wconf 90' lang='lat' dir='ltr'>ad</span> <span class='ocrx_word' id='word_1_418' title='bbox 1188 2492 1267 2517; x_wconf 86' lang='lat'>112.</span> 
     </span>
    </p>

    <p class='ocr_par' dir='ltr' id='par_1_17' title="bbox 977 2531 1660 2672">
     <span class='ocr_line' id='line_1_91' title="bbox 977 2531 1660 2573; baseline 0.016 -10"><span class='ocrx_word' id='word_1_419' title='bbox 977 2531 1056 2563; x_wconf 82' lang='lat' dir='ltr'>sede</span> <span class='ocrx_word' id='word_1_420' title='bbox 1074 2538 1212 2564; x_wconf 84' lang='lat' dir='ltr'>vacante</span> <span class='ocrx_word' id='word_1_421' title='bbox 1229 2534 1378 2568; x_wconf 84' lang='lat' dir='ltr'>succedit</span> <span class='ocrx_word' id='word_1_422' title='bbox 1407 2535 1436 2569; x_wconf 91' lang='lat' dir='ltr'>in</span> <span class='ocrx_word' id='word_1_423' title='bbox 1457 2536 1567 2573; x_wconf 89' lang='lat' dir='ltr'>locum</span> <span class='ocrx_word' id='word_1_424' title='bbox 1586 2539 1660 2573; x_wconf 91' lang='lat' dir='ltr'>Au-</span> 
     </span>
     <span class='ocr_line' id='line_1_92' title="bbox 1026 2578 1659 2662; baseline 0.021 -52"><span class='ocrx_word' id='word_1_425' title='bbox 1026 2578 1334 2662; x_wconf 59' lang='lat' dir='ltr'>ditgris&#39;Pontificis</span> <span class='ocrx_word' id='word_1_426' title='bbox 1351 2585 1499 2620; x_wconf 81' lang='lat' dir='ltr'>defuncti</span> <span class='ocrx_word' id='word_1_427' title='bbox 1530 2598 1543 2623; x_wconf 78' lang='lat'><strong>1</strong></span> <span class='ocrx_word' id='word_1_428' title='bbox 1556 2598 1610 2633; x_wconf 89' lang='lat'>17.</span> <span class='ocrx_word' id='word_1_429' title='bbox 1626 2595 1659 2623; x_wconf 90' lang='lat' dir='ltr'>et</span> 
     </span>
     <span class='ocr_line' id='line_1_93' title="bbox 1030 2636 1658 2672; baseline 0.01 -10"><span class='ocrx_word' id='word_1_430' title='bbox 1030 2636 1068 2662; x_wconf 59' lang='lat' dir='ltr'>ll</span> <span class='ocrx_word' id='word_1_431' title='bbox 1101 2650 1111 2661; x_wconf 85' lang='lat'><strong>.</strong></span> <span class='ocrx_word' id='word_1_432' title='bbox 1614 2638 1658 2672; x_wconf 69' lang='lat' dir='ltr'>de</span> 
     </span>
    </p>
   </div>
  </div>
 </body>
</html>
