1952 3167
374 315 442 351 162
740 314 802 350 DE
829 313 940 356 JURE
968 313 1248 350 SIGNATURAE
1277 314 1491 356 JUSTITIAE

374 372 409 400 ta
422 389 432 405 ,
450 362 643 410 nulliusque
660 363 789 399 roboris
805 388 815 404 ,
842 373 876 399 et
892 364 1052 400 momenti
1071 364 1172 400 fuisse
1189 389 1200 404 ,
1216 375 1248 399 et
1264 376 1352 405 esse,
1369 364 1519 409 nullique
1536 372 1669 408 prorsus
1684 364 1855 412 suffragari

375 425 475 460 posse
493 437 503 453 ,
518 425 575 448 seu
592 415 713 449 debere
728 439 738 455 ,
759 415 912 460 quamvis
935 415 1153 459 imposterum
1171 425 1257 448 nova
1277 415 1456 448 ederentur
1470 415 1673 448 documenta
1685 436 1695 450 ‚
1711 414 1860 449 decerni-

371 475 449 500 mus
465 487 476 504 ,
512 472 546 497 et
561 464 780 505 mandamus;
806 475 880 509 qux
895 462 1036 508 proinde
1066 463 1175 496 haberi
1194 462 1351 495 volumus
1366 485 1376 500 ,
1406 473 1443 495 ac
1477 461 1502 494 si
1523 460 1615 494 nullo
1635 461 1735 495 modo
1751 463 1860 504 facta,

373 511 493 548 aelata
509 511 675 553 fuissent,
704 523 737 548 et
755 521 981 548 emanassent.
1012 511 1217 553 Easdemque
1236 508 1400 542 Ecclesias
1421 508 1614 543 Ostiensem
1629 532 1641 548 ‚
1670 518 1703 543 et
1719 510 1861 547 Veliter-

372 573 476 601 nam,
507 571 689 607 earumque
719 563 948 606 Episcopum,
980 558 1019 591 ad
1047 557 1235 601 Regimen,
1272 567 1304 592 et
1330 558 1558 592 omnimodam
1589 557 1858 596 iurisdictionem

374 609 601 653 temporalem
619 636 628 650 ,
644 621 676 644 et
693 608 935 644 oeconomicam
954 606 1119 641 dictarum
1138 605 1344 646 Civitatum,
1362 606 1600 645 Districtuum,
1615 616 1647 641 et
1661 607 1863 643 Territorio-

368 670 445 694 rum
465 660 695 705 cognoscendi
711 668 839 696 omnes,
855 666 887 691 et
903 667 1134 701 quascumque
1152 655 1277 691 Causas
1292 655 1476 695 Civiles,et
1493 656 1695 692 Criminales
1710 667 1787 692 cum
1805 668 1862 698 po·

373 716 495 743 testate
509 707 623 743 Gladii
644 731 654 747 ,
674 717 706 743 et
720 719 827 752 usque
844 706 884 740 ad
901 704 1058 740 ultimum
1077 703 1278 750 supplicium
1300 703 1476 744 inclusive,
1492 718 1528 741 ac
1544 706 1663 741 mixtas
1679 711 1692 750 (
1708 705 1864 741 nolumus

372 769 457 793 vero
474 757 653 802 quicquam
672 767 859 801 poenarum,
874 765 946 800 quae
961 764 1144 798 corporum
1161 754 1330 790 afflictivae
1345 757 1467 794 sunt,in
1487 757 1545 790 hac
1562 755 1632 798 ipsa
1645 756 1726 790 urbe
1741 766 1863 790 execu-

368 807 455 842 tioni
477 807 659 849 mandari).
675 806 853 840 Coetemm
869 814 998 839 semota
1014 815 1228 849 quacumque
1246 803 1407 839 facultate
1416 805 1697 851 Congregationis
1713 808 1752 840 ad
1771 805 1864 840 Con·

369 857 525 890 sultanda
557 853 741 889 Pontificiae
775 852 926 888 Ditionis
953 852 1087 898 negotia
1115 853 1295 899 designatae
1327 862 1359 888 et
1386 854 1417 888 in
1445 854 1578 896 prima,
1603 862 1636 888 et
1658 857 1803 889 secunda
1832 855 1862 888 in

370 904 526 939 Civitate
550 904 747 941 Veliterna‚
779 903 811 936 in
826 902 924 936 tertia
952 912 1032 936 vero
1050 901 1203 937 instantia
1233 902 1264 937 in
1281 903 1395 943 Urbe,
1423 915 1500 938 cum
1532 902 1688 937 omnibus
1707 926 1717 942 ,
1747 911 1782 937 et
1797 903 1862 937 sin-

371 952 462 1000 gulis
491 951 664 991 Arcibus,
693 950 902 989 Fortalitiis‚
933 950 1090 991 l’alatiis,
1123 951 1270 992 Hortis,
1307 953 1532 998 omnibusque
1564 951 1637 986 aliis
1666 951 1829 986 Turribus
1853 974 1864 992 ‚

369 999 586 1049 pertinentiis
608 1024 618 1040 ,
646 1000 840 1040 adjacentiis
855 1025 865 1041 ‚
896 1008 931 1034 et
946 999 1081 1035 annexis
1110 1000 1381 1047 quibuscumque
1397 1025 1406 1042 ,
1442 1011 1541 1046 prout
1567 1000 1751 1047 Episcopus
1773 999 1868 1035 Osti-

370 1050 486 1089 ensis,
512 1058 546 1084 et
575 1049 768 1084 Veliternus
796 1058 873 1084 ante
899 1049 1021 1084 dictam
1054 1049 1347 1085 Constitutionem
1383 1062 1486 1096 super
1517 1050 1616 1086 Bono
1652 1050 1869 1097 Regiminea

368 1113 438 1136 san.
456 1110 558 1134 mem.
578 1099 760 1134 Clemente
795 1098 891 1133 VIII.
912 1122 922 1137 ,
947 1107 1046 1143 atque
1068 1106 1143 1133 ante
1177 1099 1510 1135 dismembrationem
1530 1124 1540 1140 ,
1568 1111 1602 1135 et
1629 1099 1789 1135 unionem
1818 1097 1869 1133 vi-

372 1160 456 1195 gore
485 1147 654 1183 dictarum
675 1147 907 1183 Resolutionis
924 1171 934 1186 ‚
958 1156 990 1181 et
1008 1147 1187 1183 Sententiae
1212 1148 1332 1184 factam
1350 1174 1360 1189 ,
1392 1150 1565 1196 gaudere,
1589 1148 1684 1189 frui,
1718 1149 1869 1194 posside-

373 1209 412 1234 re
443 1206 604 1243 poterat,
635 1206 668 1232 et
695 1198 761 1237 iam
790 1206 865 1232 ante
892 1195 1224 1232 dismembrationem
1242 1222 1252 1238 ,
1278 1198 1464 1239 unionem,
1494 1208 1527 1233 et
1556 1198 1866 1241 incorporationem

374 1259 449 1283 san.
469 1258 572 1281 mem.
589 1246 673 1282 Sixti
696 1247 737 1281 V.
759 1255 951 1282 revocatam
972 1257 1046 1280 asa.
1063 1258 1164 1282 mem.
1186 1247 1357 1293 Gregorio
1374 1248 1470 1284 XIV.
1486 1260 1523 1284 ac
1542 1248 1573 1282 in
1601 1247 1781 1292 pristinum
1796 1271 1808 1287 ‚
1835 1252 1868 1280 et

372 1308 477 1335 eum,
513 1295 545 1330 in
563 1307 632 1340 quo
647 1305 721 1331 ante
739 1295 910 1340 praemissa
942 1295 1202 1341 quomodolibet
1231 1305 1348 1336 erant,
1382 1305 1502 1332 statum
1529 1297 1748 1341 reponimus,
1776 1293 1870 1331 resti·

372 1346 526 1386 mimus,
559 1353 592 1380 et
616 1346 788 1391 privative
805 1344 946 1380 omnino
975 1345 1014 1379 ad
1039 1343 1353 1391 congregationem
1387 1346 1472 1381 Boni
1493 1345 1681 1392 Regiminis
1697 1370 1723 1386 ‚.
1739 1353 1775 1380 et
1790 1344 1870 1379 alte-

370 1407 444 1432 ram
475 1395 515 1429 ad
532 1394 769 1430 Consultanda
795 1393 932 1441 negotia
957 1393 1149 1429 Pontificiae
1177 1395 1330 1430 Ditionis
1357 1395 1563 1441 designatam
1598 1393 1789 1440 plenissime
1813 1402 1870 1426 re-

371 1445 627 1489 dintegramus.
656 1446 708 1479 Ita
733 1445 872 1490 quidem
906 1468 916 1484 ,
945 1451 982 1478 ut
1016 1455 1133 1483 nunc,
1164 1452 1197 1478 et
1232 1456 1294 1490 pro
1325 1454 1478 1490 tempore
1508 1444 1653 1479 existens
1682 1442 1869 1486 Episcopus

369 1492 545 1528 Ostiensis
559 1514 570 1530 ,
598 1500 631 1525 et
651 1493 844 1526 Veliternus
860 1492 1024 1536 Regimen
1040 1513 1051 1529 ,
1083 1493 1315 1527 omnimodam
1331 1493 1599 1533 jurisdictionem
1624 1489 1842 1533 temporalem
1857 1511 1869 1528 .

373 1549 409 1577 et
433 1539 675 1574 aeconomicam
697 1540 865 1575 dictarum
883 1539 1075 1574 Civitatum
1090 1561 1101 1577 ‚
1130 1538 1356 1575 Districtuum
1376 1563 1386 1578 ,
1402 1549 1435 1573 et
1465 1538 1734 1572 Territoriorum
1749 1561 1760 1576 ,
1786 1548 1866 1573 cum

371 1587 532 1625 omnibus
558 1586 626 1622 suis
669 1587 818 1632 pristinis
845 1585 1057 1625 honorious‚
1089 1587 1248 1622 omnibus
1275 1586 1498 1630 Privilegiis‚
1527 1593 1561 1620 et
1589 1583 1807 1620 facultatibus
1835 1586 1868 1620 in

372 1636 559 1675 omnibus,
586 1644 620 1671 et
636 1647 698 1681 per
717 1635 833 1671 omnia
849 1645 988 1679 gerere,
1018 1642 1053 1668 et
1080 1644 1238 1668 exercere
1265 1634 1395 1678 possit,
1423 1643 1457 1668 et
1476 1635 1595 1669 debeat
1624 1633 1762 1678 perinde
1790 1633 1869 1670 acsi

370 1685 431 1723 illa
449 1687 489 1721 ab
504 1685 628 1720 eisdem
648 1684 806 1720 Ecclesiis
823 1683 1062 1719 dismembrata
1077 1706 1088 1722 ‚
1105 1691 1138 1717 et
1151 1691 1300 1727 separata
1317 1707 1327 1722 ,
1364 1695 1402 1718 ac
1417 1683 1508 1718 dicta
1524 1684 1677 1719 Camerae
1695 1693 1729 1718 et
1753 1684 1871 1730 Cong-

368 1735 459 1773 Boni
488 1734 677 1781 Regiminis
707 1734 921 1779 incorporata
938 1756 949 1772 ‚
978 1730 1165 1777 applicata,
1191 1741 1224 1766 et
1241 1732 1359 1772 unita,
1389 1732 1529 1779 eiusque
1557 1732 1775 1768 Constitutio
1801 1732 1873 1768 edi-

373 1795 408 1821 ta
437 1796 604 1830 nunquam
624 1784 789 1819 fuissent.
822 1782 916 1828 Qnin
943 1781 1050 1816 immo
1076 1791 1138 1826 pro
1167 1782 1285 1821 majori
1314 1783 1445 1817 cautela
1481 1782 1639 1827 praedicta
1669 1781 1785 1817 omnia
1811 1792 1871 1827 per

370 1842 551 1881 praesentes
596 1833 821 1874 innovamus,
854 1843 892 1867 ac
910 1832 1023 1866 denuo
1050 1830 1218 1876 Episcopo
1242 1830 1422 1871 Ostiensi,
1452 1839 1486 1866 et
1510 1831 1686 1878 Veliterno
1713 1829 1872 1866 concedi-

371 1895 474 1923 muS,
501 1892 534 1918 et
557 1882 771 1930 indulgemus
789 1905 800 1923 ,
830 1890 864 1916 et
883 1879 1090 1926 elargimur,
1117 1889 1217 1925 atque
1243 1882 1283 1915 ad
1311 1891 1494 1926 utramque
1520 1880 1703 1917 Ecclesiam
1734 1880 1874 1915 Ostien-

371 1945 440 1969 sem
457 1957 467 1971 ‚
495 1941 529 1967 et
556 1932 764 1967 Veliternam
780 1957 792 1972 ,
818 1940 1002 1975 earumque
1028 1928 1197 1964 Civitates
1213 1954 1225 1969 ‚
1255 1929 1386 1965 Incolas
1403 1953 1414 1969 ,
1446 1930 1621 1975 Populos,
1646 1938 1681 1965 et
1712 1930 1871 1964 Subditos

369 1980 529 2017 similiter
546 1990 711 2027 perpetuo
725 1980 940 2017 extendimus
961 2003 972 2019 ‚
999 1988 1032 2013 et
1060 1978 1232 2023 privative
1245 1979 1374 2015 servari
1390 1980 1583 2015 mandamus
1598 2005 1608 2015 .
1637 1980 1812 2015 Caeterum
1829 1977 1870 2012 ad

373 2032 585 2075 praefocanda
606 2054 618 2071 ,
655 2042 693 2066 ac
706 2030 841 2076 penitus
872 2027 1028 2064 elidenda
1043 2026 1169 2063 semina
1184 2029 1297 2063 omnia
1327 2029 1576 2075 cuiuscumque
1602 2026 1841 2065 controversiae
1859 2046 1872 2064 s

371 2090 447 2125 quae
474 2079 619 2115 suboriri
650 2088 765 2125 posset
791 2080 880 2115 circa
903 2077 1245 2121 Adminjsmtionem
1277 2078 1527 2114 oeconomicam
1559 2078 1766 2113 Velitrarum
1783 2097 1795 2114 2
1821 2073 1870 2107 in·

372 2128 573 2164 terdicimus
608 2130 760 2169 ejusdem
793 2126 1064 2165 Communitatis
1107 2127 1322 2164 Hominibus
1359 2127 1563 2171 quibusvis.
1595 2135 1633 2160 ut
1659 2135 1700 2158 ne
1726 2124 1870 2157 audeant

369 2175 445 2210 ullo
473 2186 600 2220 pacto,
629 2178 769 2222 ulloque
798 2185 963 2222 praetextu
990 2177 1177 2218 confugere
1195 2178 1237 2208 ad
1268 2174 1580 2217 congregationem
1607 2171 1697 2206 Boni
1725 2169 1872 2216 Regimi-

369 2223 447 2262 nis,
480 2223 621 2268 ejusque
647 2224 904 2260 Administr0s‚
935 2223 998 2255 sub
1029 2221 1138 2265 poenis
1167 2220 1308 2255 arbitrio
1342 2220 1468 2264 praefati
1496 2219 1687 2255 Cardinalis
1713 2217 1871 2265 Episcopi

371 2271 594 2317 infligendis3
629 2280 662 2305 et
691 2271 840 2305 vicissim
873 2269 1090 2304 Administris
1106 2291 1118 2306 ‚
1140 2275 1174 2301 et
1195 2267 1412 2302 officialibus
1430 2270 1630 2315 supradictis
1662 2270 1870 2309 mandamus,

370 2330 410 2356 ut
437 2320 607 2365 supplices
628 2330 748 2354 eorum
776 2316 909 2353 libellos
925 2341 937 2357 ‚
962 2325 997 2352 et
1019 2316 1192 2352 instantias
1219 2328 1457 2363 quascumque
1484 2318 1666 2358 reiiciant,
1696 2316 1871 2363 proposita

369 2369 410 2404 iis
426 2394 436 2409 ,
468 2369 526 2415 qui
547 2377 664 2404 contra
688 2368 830 2403 fecerint
844 2378 942 2412 poena
958 2365 1157 2411 privationis
1173 2365 1290 2403 Officii
1307 2391 1318 2407 ,
1352 2375 1386 2402 et
1401 2367 1474 2402 aliis
1491 2377 1606 2402 nostro
1622 2389 1633 2406 ‚
1661 2375 1870 2401 nostrorum-

367 2431 435 2465 que
464 2419 705 2454 Successorum
739 2416 878 2452 arbitrio
908 2415 1126 2462 infligendis.
1159 2415 1242 2464 Qo
1279 2417 1374 2453 circa
1397 2416 1566 2451 Ministris
1607 2416 1759 2455 ejusdem
1775 2417 1871 2450 Con·

371 2467 577 2514 gregationis
605 2467 691 2502 Boni
722 2465 910 2512 Regiminis
942 2466 1163 2506 mandamus,
1194 2477 1236 2501 ne
1259 2466 1488 2510 imposterum
1519 2478 1599 2505 eas,
1633 2477 1732 2511 quas„
1749 2465 1869 2500 dicunt

372 2528 511 2552 onerum
527 2542 536 2557 ,
568 2527 602 2552 et
628 2515 843 2553 collectarum
872 2515 947 2551 sive
961 2515 1194 2551 Cameralium
1210 2540 1220 2556 ,
1250 2516 1324 2551 sive
1344 2515 1719 2551 Communitarivarum
1747 2511 1868 2548 Tabel-

372 2564 418 2602 las
433 2590 444 2608 ‚
469 2575 502 2603 et
524 2567 714 2612 respective
739 2577 916 2614 processus
948 2565 1094 2614 amplius
1113 2565 1319 2614 exquirant.
1350 2577 1412 2603 nec
1428 2565 1469 2603 ad
1487 2565 1610 2603 Urbem
1625 2589 1638 2609 ‚
1667 2562 1867 2606 etCongre-

1759 2608 1869 2658 gatto*
