1952 3167
346 322 425 365 124
641 308 719 350 DE
743 309 874 357 JURE
907 309 1253 353 SIGNATURAE
1280 307 1540 358 AUSTITIAE

346 381 517 412 mentem
547 367 784 426 Signatnrae
806 370 941 426 plenae
961 402 974 419 ‚
1003 385 1046 412 ac
1066 370 1250 428 rescripta
1268 370 1308 410 in
1329 369 1387 410 illa
1407 381 1566 410 exarata
1588 365 1800 416 destruere,

345 429 609 472 etimmutare
635 443 718 470 non
739 443 850 485 posse
868 461 881 478 ,
913 443 1036 486 prout
1061 442 1263 470 *testantur
1290 429 1551 485 quamplures
1582 425 1802 467 decisiones

345 489 485 530 Sacrae
507 489 630 528 Rotae
651 488 721 543 (1)
743 501 754 535 ;
781 500 952 529 attamen
987 491 1030 528 ea
1052 488 1249 529 declarare
1276 488 1417 542 utique
1450 487 1552 529 valet
1571 513 1583 531 ‚
1614 483 1726 537 juxta
1749 498 1803 526 ta-

346 561 437 588 men
458 545 557 599 juris
588 547 886 603 dispositionem
905 577 917 595 ,
951 561 997 588 ex
1017 561 1064 586 eo
1082 546 1177 600 quia
1201 546 1355 588 illorum
1384 558 1571 587 naturam
1597 556 1695 585 tunc
1718 556 1801 582 non

345 605 559 654 immutat,
591 607 659 647 sed
690 606 741 646 ad
758 618 927 646 mentem
945 604 1044 657 juris
1069 604 1222 646 reducit
1243 605 1341 661 (·3);
1376 620 1468 646 nam
1495 617 1625 658 quum
1659 602 1803 658 Signa-

343 677 434 707 tura
457 663 635 712 ¹Iustitiae
656 679 738 705 non
769 664 892 718 possit
927 663 1135 706 rescribere
1154 695 1167 713 ‚
1202 664 1276 706 nisi
1304 678 1424 721 prout
1444 663 1491 703 de
1512 661 1596 715 jure
1615 692 1627 710 ,
1661 657 1801 702 metito

346 723 579 764 Cardinalis
599 723 850 771 Praefectus,
883 723 1137 779 utiejusdem
1170 722 1408 778 Signaturae
1447 735 1590 779 caput,
1617 719 1801 773 illiusque

344 781 525 823 Auditor
545 811 558 829 ‚
590 783 648 824 uti
666 782 903 838 Signaturae
926 796 1124 839 organum
1140 812 1152 830 ‚
1186 782 1280 823 tales
1296 781 1582 823 declarationes
1613 776 1803 820 faciendo

343 841 395 882 ad
418 840 583 882 formam
604 839 702 891 juris
723 870 735 889 ,
772 855 854 882 non
875 840 1089 882 immutant
1109 840 1295 896 rescripta
1333 841 1569 895 Signaturae
1590 870 1601 888 ,
1636 852 1708 878 nec
1743 834 1803 875 illa

345 899 557 941 destruunt
578 928 589 946 ,
623 900 690 941 sed
711 900 812 940 illius
833 913 1004 941 mentem
1021 911 1173 940 servata
1201 898 1330 940 forma
1365 898 1465 950 juris
1496 899 1728 944 declarant,
1761 906 1807 935 ut

341 957 470 998 firmat
489 957 588 998 Rota
610 988 622 1005 ,
655 970 691 997 et
711 971 798 1012 post
817 972 905 998 cam
932 956 1206 998 Constantinus
1225 957 1297 1012 (3)
1320 985 1328 994 .
1366 956 1473 998 Hinc
1489 970 1544 998 est
1561 987 1574 1005 ,
1604 954 1717 1011 quod
1753 952 1806 993 ad

340 1015 552 1069 petendam
582 1013 798 1070 simplicem
840 1013 1153 1055 declarationem
1186 1014 1360 1069 rescripti
1395 1014 1534 1069 plenae
1569 1014 1807 1070 Signaturae

342 1071 463 1113 hodie
482 1086 666 1113 recursus
698 1072 832 1114 habe-ri
855 1087 937 1112 non
960 1083 1086 1127 potest
1106 1071 1158 1111 ad
1176 1072 1356 1113 eamdem
1373 1073 1630 1128 Signaturam
1645 1103 1657 1120 ‚
1691 1069 1808 1126 juxta

340 1130 516 1172 Decreta
553 1130 720 1188 Collegii
748 1131 1021 1178 Votantium,
1044 1130 1292 1186 promulgata
1321 1146 1433 1172 anno
1471 1144 1626 1185 ¹742,
1655 1129 1726 1170 sed
1761 1141 1806 1168 ea

344 1190 578 1245 quaerenda
598 1202 654 1232 est
674 1205 693 1230 a
715 1190 822 1232 dicto
838 1189 1041 1230 Auditore
1061 1215 1073 1233 ,
1108 1188 1181 1240 qui
1200 1187 1242 1227 in
1260 1189 1441 1243 qualibet
1456 1188 1670 1244 Signatura
1689 1186 1812 1227 inter-

341 1249 451 1292 venit
472 1264 483 1296 ;
515 1249 573 1290 ille
593 1264 767 1303 namque
787 1248 902 1290 dubii
923 1245 1099 1302 rescripti
1117 1261 1280 1287 sensum
1296 1278 1309 1295 ,
1337 1247 1368 1288 si
1388 1246 1422 1287 ei
1439 1247 1531 1287 satis
1555 1244 1809 1293 innotuerit,

345 1306 534 1348 Partibus
566 1307 714 1364 aperiet
742 1322 754 1356 ς
789 1322 918 1361 quum
954 1305 1050 1345 vero
1066 1303 1139 1359 ipsi
1175 1319 1261 1345 non
1284 1305 1460 1358 liqueat,
1492 1304 1708 1345 terminum
1733 1317 1808 1358 pro

341 1376 489 1408 servato
509 1365 704 1414 habebit,
739 1377 785 1406 ut
803 1365 846 1405 in
866 1364 1052 1421 proxima
1083 1362 1299 1418 signatura
1328 1363 1526 1404 Votantes
1564 1362 1806 1417 interroget.

343 1424 466 1477 idque
495 1425 739 1467 servandum
767 1424 887 1464 etiarn
901 1437 980 1463 esse
999 1452 1012 1469 ‚
1041 1435 1129 1460 non
1157 1422 1338 1462 obstante
1359 1421 1476 1475 quod
1502 1420 1680 1461 Auditor
1697 1419 1807 1460 Emi-

342 1482 566 1524 nentissimi
594 1482 866 1524 Praefectimet
899 1479 1150 1524 decreverit,
1183 1478 1368 1520 instantes
1400 1480 1462 1520 uti
1468 1478 1561 1534 jure
1591 1494 1659 1521 suo
1693 1494 1807 1536 super

340 1540 599 1583 declaratione
629 1540 824 1596 Rescriptl
838 1538 878 1579 in
889 1538 1008 1593 plena
1031 1535 1239 1593 Signatum
1258 1567 1266 1576 .
1302 1537 1521 1594 Eapropter
1545 1538 1587 1578 in
1618 1537 1807 1594 Congre-

339 1600 500 1657 gatione
521 1599 601 1641 diei
619 1598 827 1655 8.augusti
853 1610 896 1652 17
910 1607 981 1650 54.
1000 1595 1160 1637 monitu
1173 1595 1387 1638 Auditoris
1403 1597 1640 1653 Signaturae
1661 1596 1806 1639 inhibi-

334 1670 373 1700 ta
394 1657 470 1698 fuit
509 1656 852 1713 relatio,duplicis
877 1653 1122 1698 Memorialis
1156 1669 1274 1711 super
1306 1655 1580 1697 declaratione
1612 1654 1804 1712 Rescripti

333 1715 377 1758 in
418 1717 663 1758 Urbevetana
687 1748 699 1766 ‚
738 1729 901 1771 nempe,
932 1726 969 1755 et
1003 1714 1209 1764 Roranam,
1240 1729 1334 1756 nam
1366 1715 1473 1756 idem
1503 1714 1682 1757 Auditor
1725 1729 1803 1755 an-

340 1787 401 1817 tea
444 1775 627 1820 certiores
655 1773 746 1821 fecit
778 1788 917 1819 omnes
954 1774 1151 1818 ponentes
1182 1805 1195 1825 ,
1228 1789 1277 1815 ne
1303 1773 1512 1832 praedicta
1548 1773 1803 1819 Memorialia

339 1835 530 1879 referrent
555 1868 565 1878 .

460 1895 643 1939 Censent
667 1896 790 1953 aliqui
809 1929 821 1947 ,
849 1896 890 1937 in
910 1896 1103 1939 facultate
1136 1894 1318 1953 ejusdem
1346 1893 1562 1938 Auditoris
1595 1895 1711 1936 haud
1741 1910 1804 1936 es-

335 1968 406 2002 se,
442 1954 506 2010 jus
539 1954 701 1997 dicendi
738 1957 780 1997 in
815 1956 966 1998 Causis
997 1956 1067 1999 illis
1091 1986 1105 2004 ,
1138 1956 1180 1996 in
1211 1954 1362 2007 quibus
1398 1953 1622 1994 commissio
1656 1953 1800 1993 Sacrae

337 2014 463 2054 Rotae
492 2013 638 2055 directa
670 2029 692 2055 a
727 2015 843 2071 plena
874 2015 1089 2072 Signatura
1110 2012 1361 2070 reperiatur,
1390 2010 1563 2065 ideoque
1598 2024 1692 2050 eum
1727 2024 1801 2052 nec

336 2086 448 2127 posse
474 2071 517 2112 in
543 2072 772 2129 oppositum
806 2074 1018 2115 decernere
1038 2105 1051 2122 ,
1082 2073 1197 2127 juxta
1227 2069 1483 2115 assertionem
1513 2069 1635 2110 Rotae
1668 2083 1800 2111 coram

338 2129 445 2170 celso
460 2131 575 2172 decis.
598 2132 686 2173 218.
707 2147 800 2172 num
824 2147 861 2184 7.
881 2146 893 2178 3
925 2131 1000 2169 hac
1025 2129 1069 2169 in
1088 2142 1132 2168 re
1150 2127 1484 2181 distinguendum
1512 2127 1682 2169 omnino
1715 2142 1771 2171 est
1787 2156 1801 2175 ‚

337 2200 409 2229 aut
435 2203 579 2244 nempe
601 2189 734 2244 agitur
753 2188 800 2227 de
824 2185 1079 2228 rescribendo
1097 2214 1110 2233 ,
1143 2185 1224 2227 sive
1258 2185 1512 2229 decernendo
1540 2188 1729 2230 adversus
1745 2202 1801 2228 re-

334 2245 526 2301 scriptum
573 2245 712 2303 plenae
739 2243 981 2301 Signaturae
1007 2273 1020 2293 ,
1053 2257 1092 2287 et
1122 2243 1263 2299 utique
1297 2245 1338 2286 id
1366 2246 1477 2288 nullo
1512 2257 1630 2302 pacto
1664 2245 1797 2288 facere

332 2303 460 2353 valet3
480 2319 595 2346 secus
621 2318 717 2348 vero
745 2303 963 2346 dicendum
980 2334 993 2354 ,
1019 2304 1050 2346 si
1073 2303 1411 2346 Commissioner'n
1441 2306 1579 2362 plenae
1606 2303 1799 2361 Signatu-

381 2463 435 2499 (1)
455 2464 564 2494 Coram
600 2463 683 2496 Celso
717 2463 811 2495 decis.
836 2463 906 2495 218.
919 2473 1004 2495 num.
1024 2474 1055 2504 7.
1137 2464 1189 2504 (3)
1214 2465 1321 2495 Coram
1339 2464 1501 2496 Pauluccio
1515 2464 1669 2494 Bononien
1679 2461 1802 2504 praedit‘

331 2515 433 2538 coram
450 2507 550 2539 Ninos
568 2507 668 2541 decis.
689 2516 741 2549 23.
760 2518 846 2540 num.
866 2517 902 2546 4.
1106 2517 1158 2540 12.
1171 2510 1303 2545 Ianuari
1324 2510 1421 2541 1680.
1442 2507 1473 2550 §.
1488 2518 1544 2541 nec
1557 2506 1747 2542 audiendum
1761 2527 1771 2539 ⁴

379 2551 431 2591 (2)
445 2552 531 2583 Dict.
548 2552 645 2586 decis.
663 2561 716 2593 23·
734 2562 823 2587 num.
845 2562 878 2590 5-
