1993 3195
663 315 694 348 A
731 314 759 347 Ρ
794 316 820 348 Ρ
861 317 883 349 E
920 317 954 349 N
999 318 1032 351 D
1069 319 1084 352 1
1124 317 1153 351 Χ
1567 331 1578 353 1
1594 330 1630 353 z*

166 361 391 407 supplicatum
413 360 517 394 fuerit
535 384 545 400 ,
577 369 613 394 ut
629 362 760 404 plenam
777 362 1008 397 executionem
1024 373 1056 398 et
1071 364 1315 399 observantiam
1339 364 1504 409 praedictae
1533 367 1633 402 Sene<

166 410 248 445 dulae
263 433 272 447 ‚
301 409 395 447 iuxta
412 419 544 443 omnem
574 408 661 443 illius
691 408 809 443 seriem
828 432 837 448 ‚
869 419 901 443 et
915 411 1152 446 continentiam
1173 437 1183 450 ‚
1220 413 1400 456 praecipere
1414 413 1632 458 dignaretur3

165 458 250 493 idem
282 458 470 492 Alexander
502 458 728 493 Praedecessor
760 457 947 494 instantiam
978 459 1173 498 hujusmodi
1205 462 1343 500 rejecit,
1372 461 1465 494 edito
1492 463 1635 507 desuper

163 507 326 550 rescripto
356 506 462 550 Nihil
489 507 673 541 innovari.

263 556 386 590 Verum
413 567 453 589 ex
486 557 549 590 hoc
578 555 649 598 ipso
667 579 676 594 ‚
710 556 800 601 quod
815 555 1007 596 hujusmodi
1026 556 1212 592 Causarum
1229 557 1399 592 distinctio
1418 558 1538 593 nullius
1565 572 1636 595 cera

161 612 199 638 tae
221 604 302 650 legis
332 604 440 639 stabili
471 603 680 638 ordinatione
711 605 839 639 firmata
859 629 868 644 ‚
884 604 973 650 stylo
991 606 1164 641 dumtaxat
1184 615 1215 640 et
1235 607 1469 641 consuetudini
1499 608 1528 642 in
1550 621 1635 654 prx-

158 652 248 687 dicta
264 652 370 687 Curia
397 663 459 698 pro
486 662 637 697 tempore
664 652 856 698 vigentibus
884 653 977 688 inniti
994 656 1172 689 consuevit
1191 667 1201 694 ;
1230 655 1327 689 facile
1346 657 1547 691 adducimur
1566 683 1575 697 ,
1593 668 1632 693 ut

160 705 335 736 credamus
353 726 362 741 ,
388 702 514 746 aliquas
544 701 744 741 variationes
762 711 795 736 et
817 702 1046 738 innovationes
1068 727 1077 743 ,
1104 705 1212 749 quoad
1247 703 1350 748 ipsius
1380 705 1554 740 divisionis
1571 708 1636 741 oba

161 751 360 785 servantiam
376 773 385 789 ‚
413 762 569 785 successu
600 751 763 795 temporis
795 751 905 786 induci
930 752 1104 796 potuisse3
1131 764 1234 798 quum
1254 776 1264 791 ‚
1282 763 1413 798 etsaepe
1428 753 1506 789 alias
1535 755 1566 790 in
1584 756 1636 789 Si·

161 809 300 845 gnatum
319 799 589 840 nostraJustitiae
608 823 618 838 ,
647 810 746 844 super
771 803 883 834 eadem
912 801 1153 840 observantia,
1187 809 1219 834 et
1252 812 1500 847 consequenter
1528 815 1629 848 super

159 849 384 893 competentia
410 847 644 882 Tribunalium
667 857 698 882 et
724 848 883 889 judicum
914 850 942 883 in
969 848 1087 883 Causis
1118 848 1371 894 particularibus
1389 874 1398 889 ‚
1420 854 1542 886 audita:
1562 853 1633 886 fue*

159 897 224 931 rint
252 896 641 940 controversiae3etipsi
663 896 896 932 Tribunalium
925 906 958 932 et
985 897 1144 938 judicum
1176 897 1362 942 respective
1377 897 1510 933 Notarii
1528 925 1537 940 ‚
1568 912 1631 945 pro

157 957 219 981 suo
250 947 392 992 quisque
423 947 499 986 iure
526 957 558 981 et
589 945 772 986 interesse,
802 946 1013 981 pontificiam
1041 947 1334 981 Praedecessorum
1350 948 1557 982 Nostrorum
1574 958 1632 987 ,et

157 1005 304 1030 nostram
333 995 573 1039 providentiam
610 994 888 1039 imploraverint.
917 995 1110 1030 Novissime
1135 997 1220 1029 vero
1250 1008 1352 1040 quum
1383 996 1469 1030 inter
1488 996 1632 1031 dilectos

156 1043 243 1079 filios
265 1044 462 1091 Collegium
480 1044 700 1079 Notariorum
720 1043 906 1079 Causarum
933 1043 1048 1079 Palatii
1066 1043 1257 1088 Apostolici
1286 1057 1326 1080 ex
1356 1057 1420 1079 una
1436 1068 1445 1084 ‚
1464 1055 1495 1080 et
1512 1044 1635 1080 Colle-

157 1093 250 1138 gium
281 1095 494 1139 Scriptorum
525 1092 680 1128 Archivii
712 1093 863 1137 praedicti
892 1105 932 1128 ex
967 1093 1068 1128 altera
1094 1094 1249 1128 Partibus
1267 1117 1276 1132 ,
1311 1104 1383 1128 orta
1411 1094 1512 1128 fuerit
1540 1095 1577 1128 lis
1602 1103 1638 1129 et

155 1143 387 1178 controversia
412 1147 451 1177 de
464 1168 473 1182 ,
490 1153 522 1178 et
538 1154 641 1186 super
660 1143 845 1177 Causarum
874 1143 995 1177 diversi
1013 1142 1134 1176 valoris
1159 1151 1194 1176 et
1222 1143 1353 1188 generis
1369 1166 1378 1181 ,
1408 1155 1534 1177 necnon
1551 1143 1635 1182 iuris

154 1191 321 1225 scribendi
353 1192 385 1226 in
415 1191 478 1226 illis
495 1215 505 1230 ‚
534 1190 722 1236 respective
743 1191 942 1234 pertinentia
958 1214 967 1229 ‚
983 1191 1054 1225 Nos
1072 1191 1262 1230 hujusmodi
1291 1192 1554 1226 controversiam
1570 1216 1580 1231 ,
1595 1192 1638 1226 ad

153 1239 227 1274 Nos
263 1249 296 1275 et
316 1240 525 1287 Signaturam
558 1249 706 1274 nostram
720 1239 845 1275 Gratia:
866 1248 1038 1274 avocatam
1056 1264 1066 1280 ,
1097 1240 1126 1274 in
1149 1241 1216 1284 ipsa
1235 1240 1412 1285 Signatum
1432 1252 1542 1275 coram
1566 1242 1638 1276 No-

153 1288 205 1323 bis
232 1289 286 1323 die
308 1302 382 1326 x1x.
398 1289 502 1334 elapsi
518 1290 637 1324 mensis
662 1288 742 1329 Julii
770 1288 880 1324 habita
899 1289 1160 1324 examinavimus
1175 1313 1184 1328 ‚
1204 1297 1236 1323 et
1259 1289 1445 1324 rationibus
1466 1289 1541 1323 hinc
1562 1289 1638 1323 inde

152 1337 307 1372 deductis
338 1340 466 1374 mature
481 1363 491 1378 ‚
513 1338 702 1383 seduloque
730 1339 900 1384 perpensis
916 1362 926 1378 ‚
962 1348 1039 1373 tunc
1056 1339 1190 1383 quidem
1208 1338 1458 1373 rescribendum
1478 1337 1638 1373 duximus

119 1387 125 1395 '
151 1389 242 1431 quod
265 1388 342 1421 data
359 1387 447 1429 foret
470 1387 624 1422 resolutio
642 1388 675 1420 in
695 1390 855 1428 Camera3
886 1387 982 1422 simul
1010 1396 1121 1422 autem
1151 1386 1261 1421 animo
1286 1387 1524 1422 constituimus
1541 1412 1550 1427 ,
1582 1398 1639 1421 ve-

149 1442 255 1469 terem
274 1447 339 1468 non
357 1437 515 1479 scriptam
548 1436 713 1479 praedictae
740 1436 855 1470 Curiae
884 1436 1160 1470 consuetudinem
1177 1437 1216 1469 ad
1237 1437 1359 1480 Legem
1377 1436 1533 1478 scriptam
1554 1435 1639 1470 redi-

150 1494 255 1528 gere;
285 1493 466 1529 utquum‚
498 1484 535 1517 ad
563 1484 712 1517 tramites
742 1483 935 1521 huiusmodi
968 1485 1087 1529 Legis,
1124 1485 1330 1526 inposterum
1372 1483 1548 1519 evidenter
1579 1496 1641 1528 ap-

149 1531 328 1576 paruerit,
351 1543 508 1575 ,quaenam
538 1531 602 1566 sint
616 1532 738 1564 Causae
755 1555 764 1571 ,
795 1542 868 1576 quae
884 1532 1002 1574 utpote
1030 1530 1205 1576 graviores
1233 1555 1242 1570 ‚
1283 1532 1534 1567 committendae
1561 1540 1639 1567 sunt:

150 1579 335 1614 Auditorio
369 1580 489 1617 Rotae‚
526 1588 562 1612 ut
577 1580 621 1612 ibi
640 1578 805 1625 collegiali
833 1579 978 1624 plurium
1009 1580 1231 1613 Personarum
1249 1580 1401 1613 examine
1418 1603 1428 1618 ‚
1448 1590 1481 1613 et
1507 1580 1640 1617 iudicio

149 1629 374 1667 decidantur,
400 1637 433 1663 et
451 1638 524 1672 quae
541 1626 607 1660 sint
636 1626 706 1660 aliae
731 1650 741 1665 ‚
774 1639 847 1671 quae
865 1637 1034 1672 tamquam
1059 1626 1167 1661 minus
1189 1636 1306 1670 graves
1331 1651 1340 1666 ‚
1375 1626 1446 1660 aliis
1475 1628 1638 1663 Romanae

150 1678 266 1712 Curiae
282 1676 430 1713 Praelatis
461 1686 553 1710 extra
592 1674 737 1714 Rotam,
767 1675 819 1707 vel
839 1675 938 1708 etiam
971 1675 1049 1719 ipsis
1082 1676 1182 1709 Rotae
1209 1674 1460 1715 Auditoribns‚
1491 1688 1555 1710 non
1585 1675 1640 1711 uti

147 1726 372 1762 Auditoribus
386 1750 396 1766 ‚
422 1726 479 1760 sed
496 1724 542 1758 uti
560 1723 705 1757 Praelatis
720 1748 730 1764 ,
750 1723 917 1765 committi
938 1724 1060 1765 debent
1079 1737 1086 1756 :
1121 1725 1185 1762 jam
1208 1723 1351 1758 dubitari
1381 1735 1547 1769 nequeat,
1564 1725 1639 1771 qui-

147 1776 209 1810 bus
224 1775 254 1810 in
270 1776 392 1810 Causis
420 1773 584 1820 praedictae
614 1772 710 1809 Rotae
725 1771 873 1808 Notariis
889 1795 899 1812 ,
929 1771 981 1807 vel
996 1772 1108 1818 potius
1122 1772 1277 1809 Archivii
1293 1773 1436 1811 Notario
1450 1797 1460 1813 ‚
1486 1774 1636 1812 scriben-

146 1824 179 1859 di
194 1825 247 1864 ius
265 1823 454 1870 respective
470 1830 663 1867 competat.

238 1869 363 1920 'Itaque
382 1885 468 1909 nunc
486 1872 624 1911 stabili,
651 1881 685 1908 et
699 1884 852 1920 congruo
882 1885 994 1909 rerum
1009 1873 1121 1909 ordini
1139 1897 1150 1914 ‚
1185 1885 1312 1908 necnon
1337 1874 1487 1910 omnium
1504 1873 1535 1908 in
1553 1884 1637 1920 praa·-

146 1923 255 1958 missis
283 1923 440 1958 interesse
471 1921 662 1957 habentium
692 1922 898 1958 indemnitati
933 1923 1110 1958 consulere
1138 1923 1292 1957 volentes
1321 1948 1332 1964 ,
1369 1924 1636 1969 praedIctamque

146 1973 411 2008 controversiam
424 1972 554 2019 penitus
569 1995 579 2010 ‚
606 1979 638 2005 et
653 1972 792 2006 omnino
806 1971 1041 2018 extinguentes
1057 1997 1066 2011 ‚
1098 1985 1134 2007 ac
1148 1972 1285 2018 utrique
1309 1973 1400 2007 Parti
1429 1983 1636 2019 perpetuum

145 2018 318 2057 silentium
349 2025 495 2068 desuper
509 2021 718 2064 imponentes
735 2046 746 2062 ‚
779 2022 877 2056 Motu
891 2021 1030 2066 proprio
1049 2046 1058 2061 ‚
1093 2030 1126 2056 et
1142 2033 1182 2056 ex
1202 2030 1293 2056 certa
1320 2020 1456 2056 scientia
1471 2046 1482 2061 ,
1511 2035 1548 2057 ac
1567 2033 1636 2056 ma-

147 2076 222 2104 tura
254 2071 490 2106 deliberatione
515 2070 648 2105 Nostris
677 2096 688 2111 ‚
731 2071 840 2115 deque
875 2071 1079 2116 Apostolicae
1105 2070 1279 2116 potestatis
1307 2070 1518 2115 plenitudine
1536 2095 1546 2110 ‚
1576 2071 1637 2104 hac

145 2116 271 2154 Nostra
303 2129 469 2165 perpetuo
495 2118 638 2154 valitura
664 2119 918 2154 Constitutione
948 2120 1125 2154 statuimus
1142 2145 1152 2159 ‚
1185 2129 1217 2153 et
1234 2118 1443 2155 declaramus
1462 2144 1476 2159 ,.
1506 2121 1637 2154 Causas

146 2177 258 2203 omnes
287 2169 460 2212 graviores
475 2192 485 2207 ,
515 2177 587 2212 quae
605 2167 636 2201 in
653 2168 804 2201 Romana
831 2166 939 2200 Curia
955 2191 965 2205 ,
993 2169 1105 2202 tamin
1129 2168 1308 2202 Tribunali
1334 2168 1367 2202 S.
1387 2169 1430 2202 R.
1447 2170 1485 2202 E.
1507 2166 1635 2202 Cardi-

146 2215 224 2250 nalis
241 2216 385 2255 Nostri,
416 2225 449 2249 et
467 2215 611 2250 Romani
642 2227 703 2260 pro
719 2224 873 2259 tempore
891 2214 1062 2249 l’ontifitis
1082 2215 1112 2249 in
1134 2217 1225 2249 Urbe
1244 2239 1254 2254 ‚
1279 2218 1416 2261 ejusque
1432 2215 1607 2250 Districtu
1626 2239 1638 2255 ‚

146 2263 272 2299 Vicarii
302 2264 333 2299 in
353 2262 581 2309 spiritualibus
610 2264 787 2296 Generalis
805 2285 814 2299 ,
845 2275 943 2306 quam
962 2264 992 2297 in
1014 2263 1186 2299 Tribunali
1216 2265 1407 2300 Causarum
1435 2264 1552 2300 Curiae
1571 2265 1638 2298 Ca-

149 2323 247 2347 merae
273 2311 482 2357 Apostolicae
509 2309 683 2343 Generalis
710 2308 911 2347 Auditoris‚
951 2310 982 2342 in
999 2311 1107 2353 prima
1140 2313 1297 2344 instantia
1323 2314 1504 2351 judicatae,
1532 2320 1565 2345 et
1579 2313 1638 2345 de-

149 2361 252 2396 finitae
277 2361 400 2397 fuerint
415 2387 425 2402 ,
445 2360 476 2394 in
496 2359 662 2398 secunda,
677 2369 734 2392 seu
755 2357 818 2391 alia
835 2355 988 2391 ulteriori
1012 2357 1168 2392 instantia
1197 2358 1382 2394 nullatenus
1417 2360 1565 2396 Praelatis
1581 2372 1637 2395 ex-

154 2417 206 2444 tra
240 2410 386 2449 Rotam,
417 2421 476 2445 nec
505 2407 583 2453 ipsis
614 2407 710 2441 Rotae
738 2404 993 2444 Auditoribus‚
1027 2406 1074 2440 uti
1103 2404 1250 2441 Praelatis
1278 2431 1289 2446 ,
1316 2410 1372 2443 sed
1403 2409 1540 2453 quidem
1569 2417 1635 2445 tam

151 2459 185 2493 in
214 2458 401 2503 petitorio,
431 2469 529 2504 quam
562 2456 592 2490 in
607 2454 814 2501 possessorio
842 2453 1006 2495 judicio,
1037 2455 1184 2494 eiusdem
1206 2456 1302 2491 Rota:
1328 2457 1514 2492 Auditorio
1529 2458 1637 2493 omni-

146 2508 192 2542 no
208 2519 278 2542 esse
293 2532 302 2547 ‚
333 2516 364 2541 et
381 2507 454 2542 fore
469 2506 728 2541 committendas
749 2528 758 2538 .
789 2503 853 2538 Ubi
870 2504 954 2538 vero
968 2503 1089 2538 Causa:
1104 2504 1273 2549 graviores
1293 2506 1491 2545 hujusmodi
1512 2509 1550 2542 ad
1569 2508 1639 2541 Ro-

147 2568 279 2594 manam
305 2555 446 2594 Curiam
475 2554 667 2591 deferantur
702 2554 736 2589 in
751 2553 856 2600 gradu
877 2551 1123 2598 Appellationis
1151 2565 1169 2588 a
1187 2554 1364 2591 Sententiis
1380 2579 1392 2598 ‚
1425 2556 1634 2599 etJudicatis

1549 2615 1633 2652 quoa
