1993 3195
605 327 644 369 C
678 329 716 369 A
749 328 778 369 Ρ
809 327 851 368 U
881 326 919 368 T
980 328 1030 369 Il.
1464 348 1511 376 11

187 391 232 428 In
255 387 404 430 Causis
422 386 494 428 illis
509 413 522 434 ,
546 387 859 442 respicientibus
877 398 1069 428 attentata
1091 415 1103 434 ‚
1124 383 1418 430 moderationes
1443 348 1551 433 inni)-

70 447 268 492 bitionum
283 474 296 493 ,
314 445 580 504 praefixiones
597 446 865 489 terminorum
883 477 895 495 ‚
925 445 1187 487 admissiones
1202 474 1214 493 ‚
1239 445 1465 503 veldenegga
1481 451 1549 490 tio-

67 522 136 549 nes
168 520 351 548 recursus
367 537 380 555 ,
397 520 442 546 ac
459 505 740 562 deputationes
759 506 918 549 alterius
932 504 1084 552 =ludicis
1098 534 1111 553 ,
1129 504 1162 547 si
1181 504 1339 547 decreto
1365 499 1550 562 superio-

66 565 117 607 ris
134 593 148 612 ‚
179 564 263 605 sive
285 564 444 622 Capitis
461 564 630 623 alicujus
648 565 893 607 Tribunalis
910 564 1110 607 uniforme
1130 564 1331 607 accesserit
1347 564 1447 605 illud
1467 566 1552 607 Au-

68 624 230 673 ditoris‚
257 638 338 667 tam
358 624 388 666 si
409 623 603 673 admissa,
635 625 803 683 quamsi
822 622 966 677 rejecta
993 623 1184 667 instantia
1212 623 1330 665 fuerit
1349 653 1362 671 ,
1395 622 1551 666 citatio-

68 697 139 724 nes
168 690 252 724 non
272 684 424 726 afficere
443 714 456 732 ,
482 684 717 743 acimpune
749 684 881 743 sperni
900 699 1042 740 posse,
1076 697 1245 727 cautum
1273 683 1351 725 fuit
1383 682 1551 725 laudato

66 742 205 785 Edicto
220 743 317 785 anni
339 757 385 798 17
400 743 464 784 18.
485 744 571 786 Nec
590 745 738 787 mirum
762 744 941 802 profecto
958 756 1015 786 est
1030 773 1044 791 ‚
1075 744 1175 800 quia
1193 757 1302 785 tanta
1313 741 1465 799 gaudet
1481 757 1548 783 au-

67 802 248 846 ctoritate
277 801 457 845 Auditor
488 802 729 860 Signaturae
746 836 760 854 ,
792 816 839 847 ut
854 803 886 846 si
904 804 995 860 quis
1012 818 1150 847 contra
1168 804 1374 844 decretum
1396 803 1446 844 ab
1464 801 1549 858 ipso

31 887 34 891 «
54 874 301 903 remanatum
329 862 436 904 adire
454 861 547 906 velit
564 863 823 921 signaturam
852 863 1011 921 plenam
1029 895 1041 913 ,
1071 876 1109 906 et
1126 862 1275 905 deinde
1289 860 1552 903 succubuerit

65 920 216 965 solvere
239 921 382 964 debeat
407 924 664 965 Procuratori
694 924 822 966 Partis
844 923 1032 967 adversae
1051 954 1064 973 ,
1098 937 1184 964 non
1223 933 1356 963 autem
1400 919 1505 960 Parti
1538 949 1552 968 ‚

67 993 180 1022 scuta
200 992 384 1034 quatuor
397 995 470 1037 pro
495 982 711 1025 refectione
729 997 1023 1039 expensarumt,
1060 997 1166 1037 quae
1183 995 1338 1023 summa
1356 978 1552 1022 solvenda

69 1050 230 1080 estnon
251 1055 273 1081 a
294 1038 454 1081 Cliente
472 1070 485 1089 ‚
499 1040 566 1082 sed
584 1056 608 1082 a
630 1045 896 1084 Procuratore
913 1071 927 1090 ‚
954 1041 1035 1084 sive
1059 1041 1278 1082 Defensore
1297 1071 1309 1088 ‚
1323 1037 1394 1093 qui
1415 1036 1552 1091 pervi-

69 1096 217 1140 caciter
237 1113 362 1140 ausus
379 1098 455 1141 fuit
492 1098 652 1155 plenam
680 1102 940 1159 Signaturam
960 1099 1069 1141 adire
1086 1131 1098 1148 ,
1127 1112 1165 1141 et
1181 1099 1233 1139 ab
1254 1097 1316 1138 illa
1337 1097 1552 1138 adversan-

66 1166 146 1196 tem
179 1156 399 1210 reportavit
416 1157 702 1199 resolutionem
730 1174 743 1206 ;
784 1173 830 1199 ut
846 1173 894 1200 ex
910 1159 1040 1199 edicto
1071 1156 1385 1198 Eminentissimi
1417 1154 1551 1210 Spada

70 1212 338 1259 :alanum-ii
375 1226 497 1267 1701.
533 1215 829 1258 evident1ssime
861 1227 1000 1272 patet,
1035 1215 1151 1268 quod
1200 1226 1443 1254 renovatum
1474 1211 1554 1253 fuit

65 1273 119 1314 ab
134 1271 277 1312 eodem
302 1273 372 1313 sub
391 1272 452 1313 die
484 1272 671 1328 12.J‘uniz‘
692 1272 820 1331 1706.
843 1305 856 1323 ,
891 1285 929 1316 et
945 1273 1091 1315 deinde
1111 1271 1231 1314 etiam
1246 1272 1299 1313 ab
1315 1268 1552 1313 Eminentis-

67 1329 170 1373 simo
195 1330 324 1373 Scotti
338 1332 407 1373 sul]
425 1332 484 1373 die
506 1346 567 1387 19.
586 1333 770 1388 januarii
786 1346 896 1390 1719.

187 1391 244 1433 Ut
264 1405 398 1433 autem
419 1389 631 1434 citationes
649 1394 734 1435 illae
752 1424 764 1442 ,
795 1407 902 1446 quae
936 1391 1044 1433 fiunt
1074 1390 1127 1431 ad
1161 1388 1380 1431 dicendum
1407 1397 1550 1428 contra

67 1450 295 1492 memoriale
345 1466 439 1492 cum
490 1451 678 1508 rescripto
718 1449 1036 1492 Eminentissimi
1071 1448 1260 1489 Praefecti
1293 1478 1307 1496 a
1343 1444 1552 1492 afficiant,

67 1510 182 1567 prius
214 1510 529 1552 subscribendae
555 1525 653 1553 sunt
688 1527 710 1552 a
732 1510 843 1552 dicto
869 1509 1107 1556 Auditore;
1140 1519 1349 1563 eapropter
1380 1534 1393 1553 ‚
1424 1504 1454 1546 si
1485 1504 1551 1545 ab·

67 1584 167 1623 sque
199 1569 304 1610 dicta
322 1569 617 1626 subscriptione
652 1570 979 1614 transmittantur
1012 1597 1026 1616 ‚
1054 1566 1210 1608 nullam
1243 1564 1412 1623 pariunt
1440 1561 1552 1605 inhi-

69 1627 292 1677 bitionem,
330 1631 453 1671 immo
481 1643 655 1687 possunt
683 1630 850 1689 impune
883 1628 1045 1686 sperni-3
1083 1640 1131 1670 ut
1160 1639 1326 1669 cavetur
1358 1633 1548 1678 cap-xx}-

67 1687 306 1731 decretorum
325 1689 421 1732 anni
452 1704 497 1745 17
506 1702 579 1744 42.

192 1746 243 1786 Et
261 1760 308 1787 ex
341 1765 389 1789 eo
409 1750 504 1802 quia
535 1749 678 1806 copiae
710 1749 952 1793 citationum
968 1777 981 1795 ,
1001 1743 1084 1799 jam
1109 1759 1179 1803 per
1207 1741 1410 1783 Cursores
1436 1750 1551 1802 tran-

71 1804 304 1847 smissarum
324 1833 337 1851 ,
370 1804 443 1859 legi
462 1820 484 1844 a
504 1808 691 1848 Notariis
720 1823 805 1847 non
833 1818 1005 1862 possunt
1030 1820 1043 1853 ;
1070 1801 1241 1858 quando
1274 1798 1482 1842 necessitas
1508 1795 1550 1836 1d

75 1861 332 1918 expostulet,
366 1861 580 1901 Auditoris
598 1863 837 1917 Signaturae
870 1863 935 1917 jus
970 1873 1054 1909 est,
1087 1859 1289 1901 licentiam
1326 1855 1552 1898 conceden-

74 1921 115 1961 di
133 1952 145 1968 ‚
160 1933 206 1961 ut
224 1921 374 1974 absque
393 1932 619 1975 poenarum
643 1920 812 1961 incursu
830 1933 895 1960 eas
912 1919 1036 1974 legere
1054 1916 1239 1965 valeant;
1258 1928 1382 1972 prout
1396 1911 1549 1957 etiamsi

73 1978 119 2018 in
136 1979 295 2018 decreto
315 1977 548 2032 apposuerit
565 1977 624 2017 ille
644 1978 868 2019 clausulam
887 2008 899 2026 ,
918 1990 954 2019 et
972 1976 1159 2033 amplius,
1177 1987 1214 2016 et
1230 1976 1324 2015 Pars
1341 1973 1479 2014 denuo
1498 1970 1553 2013 ci·

70 2037 243 2081 tationes
268 2034 398 2076 facere
424 2033 538 2076 vellet
555 2061 568 2080 ,
585 2035 898 2078 subscribendae
926 2049 1024 2077 sunt
1059 2035 1111 2076 ab
1128 2033 1270 2075 eodem
1287 2029 1491 2072 Auditore
1506 2061 1518 2070 .

191 2095 309 2136 Cura
347 2092 564 2136 Auditoris
594 2094 714 2136 etiam
729 2108 814 2142 est,
852 2106 898 2135 ut
917 2093 1081 2136 Notarii
1113 2106 1180 2134 eas
1196 2101 1360 2134 tantum
1391 2088 1550 2131 citatio·

72 2171 142 2200 nes
166 2155 327 2211 legant,
363 2167 401 2195 et
436 2151 632 2207 recipiant
656 2183 669 2202 ‚
700 2167 806 2208 quae
835 2152 1057 2209 respiciunt
1085 2151 1244 2193 Causas
1281 2159 1477 2194 vertentes
1505 2148 1549 2189 in

73 2218 214 2258 eorum
246 2213 422 2261 Officiis3
443 2211 484 2252 in
502 2211 651 2254 Causis
667 2227 763 2257 vero
795 2211 867 2253 illis
888 2239 902 2258 ,
927 2225 1032 2266 quae
1055 2209 1098 2250 in
1124 2209 1307 2265 partibus
1328 2218 1548 2249 vertuntur

78 2273 437 2327 coramJudicibus
467 2271 680 2328 delegatis,
716 2284 754 2314 et
772 2271 857 2312 aliis
892 2269 1254 2324 quibuscumque,
1286 2279 1333 2309 ut
1363 2266 1550 2322 fiantper

79 2348 168 2378 acta
187 2330 580 2380 ArchiviiNorar113
600 2331 716 2384 quod
745 2330 776 2372 si
811 2345 925 2372 secus
948 2329 1100 2372 factum
1118 2327 1240 2370 fuerit
1274 2327 1323 2369 de
1354 2324 1551 2368 nullitatis

77 2393 177 2439 vitio
201 2391 524 2448 redarguuntur,
560 2405 644 2433 una
671 2405 765 2433 curn
777 2388 944 2431 decretis
972 2388 1015 2428 in
1042 2388 1114 2429 illis
1132 2386 1329 2428 emanatis
1352 2399 1367 2433 ;
1397 2394 1438 2422 et
1456 2382 1548 2422 No-

79 2452 187 2502 tarii,
206 2449 287 2490 illas
313 2453 504 2492 audentes
526 2482 539 2500 ,
573 2451 635 2490 vel
663 2449 785 2506 legere
801 2478 814 2497 2
846 2447 907 2491 vel
925 2447 1098 2502 recipere
1115 2476 1127 2494 ‚
1159 2443 1432 2486 subiiciuntnr
1449 2455 1550 2497 poe-

83 2513 175 2560 nis,
217 2508 537 2552 Eminentissimo
567 2512 768 2551 Praefecto
796 2538 809 2556 ,
835 2506 1050 2559 eidemque
1082 2502 1275 2545 Auditori
1318 2499 1548 2550 benevisis,

82 2570 200 2626 juxta
227 2569 403 2613 edictum
420 2568 608 2613 Praefecti
638 2566 803 2613 Salviau‘
838 2567 907 2610 sub
932 2578 1091 2611 nurnero
1109 2575 1243 2608 xxvn·
1464 2617 1506 2659 N

1508 2631 1548 2659 o-
