1993 3195
1047 269 1060 288 Q

616 326 927 370 CAPUT
986 331 1035 371 ll.
1483 349 1539 392 91

97 397 233 435 currat
257 402 275 438 »ς
307 401 401 429 nam
416 385 595 444 expirata
620 416 633 435 ,
663 398 711 428 ut
739 386 782 429 in
801 385 893 429 foro
911 387 1057 430 dicitur
1074 418 1088 439 ‚
1118 391 1408 446 supersessoria
1426 423 1440 442 ‚
1472 409 1545 437 seu

95 447 201 491 illius
218 445 498 503 prorogatione
511 473 523 492 ‚
542 445 816 489 Adversarius
835 459 960 504 potest
977 445 1066 500 jure
1084 447 1224 489 omnia
1243 448 1371 490 facere
1391 478 1405 496 ‚
1439 465 1545 506 quae

96 505 406 561 exequutionem
430 503 597 558 judicati
629 505 853 560 respiciunt
888 519 900 554 ;
945 519 1154 563 eapropter
1188 507 1550 552 Eminentissimus

92 563 286 606 Salviatus
300 564 377 606 sub
390 578 496 606 num.
521 578 580 605 x1.
599 565 822 615 mandavit,
841 578 886 607 ut
899 564 959 608 vel
975 564 1160 620 expirata
1175 568 1477 624 supersessoria‚
1489 568 1554 612 vel

91 638 137 666 ea
156 623 346 680 denegata
365 654 379 673 ‚
397 623 667 666 intimationes
682 639 755 681 pro
774 622 966 666 adeunda
982 624 1198 681 Signatura
1225 640 1309 666 non
1331 625 1548 669 inhibeant

92 697 224 738 neque
244 695 411 725 causent
429 695 619 725 attentata
633 714 646 732 ,
663 682 737 725 nisi
755 699 776 725 a
793 683 856 725 die
873 682 980 730 jovis
997 696 1088 726 ante
1107 681 1385 727 imminentem
1407 685 1547 743 Signa·

92 753 227 785 turam
241 771 254 791 ,
268 742 498 783 habendam
516 755 656 798 nempe
686 755 776 798 post
790 753 882 783 octo
912 740 995 784 dies
1011 743 1300 798 subsequentes
1326 772 1340 790 ‚
1390 744 1546 786 etiarnsi

91 799 319 857 praedictae
372 799 645 844 intimationes
691 812 918 858 exequutae
952 800 1106 843 fuerint
1124 800 1241 858 longe
1287 815 1380 844 ante
1402 803 1551 846 dictam

89 856 197 900 diem
213 857 325 911 Jovis
340 888 353 900 .
1119 875 1121 878 ’

209 918 269 960 At
285 917 382 973 quia
402 917 627 975 aliquando
656 919 908 973 subsequens
939 916 1159 975 Signatura
1195 934 1278 961 non
1307 919 1476 963 habetur
1507 919 1550 961 in

91 975 226 1031 aliqua
242 976 496 1019 hebdomada
517 1007 530 1025 ‚
565 992 613 1020 ex
630 991 680 1018 eo
699 977 815 1031 quod
840 977 924 1019 dies
938 977 1047 1025 ,lovis
1064 977 1115 1019 sit
1136 978 1325 1031 impedita
1339 1011 1350 1028 ‚
1384 992 1423 1021 et
1440 980 1554 1020 idcir-

91 1035 140 1078 cb
156 1033 294 1076 haberi
312 1034 453 1077 debeat
467 1049 555 1093 post
570 1036 804 1091 quindecim
824 1035 907 1076 dies
925 1066 938 1084 ‚
974 1049 1045 1077 aut
1058 1035 1171 1076 aliud
1190 1037 1350 1093 longius
1369 1050 1525 1094 ternpus
1540 1067 1554 1086 ,

91 1091 364 1135 intimationes
381 1124 394 1142 ‚
427 1109 471 1137 ut
485 1108 607 1150 supra
624 1093 747 1136 saetas
764 1092 876 1134 nullo
895 1093 1019 1134 modo
1035 1093 1217 1136 inhibere
1236 1126 1248 1143 ‚
1278 1096 1420 1137 statuit
1448 1096 1555 1137 idem

87 1149 435 1190 Eminentissimus
455 1152 679 1189 Praefectus
697 1180 710 1197 ‚
745 1165 783 1190 et
797 1152 930 1203 sperni
960 1165 1070 1203 posse
1107 1153 1260 1204 absque
1298 1152 1470 1193 incursu
1491 1166 1555 1195 at-

85 1219 335 1249 tentatorum
358 1234 370 1252 ,
402 1205 478 1246 nisi
505 1219 716 1246 recurrens
766 1206 1065 1248 intimationem
1103 1220 1184 1260 pro
1205 1208 1394 1250 adeunda
1414 1211 1552 1267 Signa-

87 1277 179 1307 tura
199 1264 342 1320 exequi
360 1264 483 1306 faciat
501 1264 544 1305 in
558 1263 621 1304 illa
636 1264 698 1306 die
717 1264 828 1318 Jovis
845 1276 1004 1308 tanturn
1019 1296 1032 1313 ‚
1050 1281 1159 1321 quae
1178 1268 1394 1323 praecedat
1414 1268 1555 1310 imme-

88 1323 196 1365 diat&
224 1323 470 1378 praedictam
492 1325 800 1378 subsequentem
835 1322 1129 1380 Signaturam3
1161 1340 1205 1366 ac
1223 1325 1390 1367 demum
1407 1326 1555 1380 hujus-

87 1381 198 1426 modi
231 1381 510 1423 intimationes
541 1384 664 1423 rnodo
700 1382 879 1440 praefixo
902 1397 1124 1439 exequutas
1151 1399 1225 1440 pro
1243 1385 1365 1427 unica
1394 1398 1555 1429 tantum

87 1440 176 1483 vice
187 1437 399 1497 suffragari
422 1469 435 1488 ,
473 1456 518 1482 ac
536 1441 718 1497 prodesse
736 1442 910 1484 sancivit
943 1472 953 1483 .

206 1496 386 1542 Effectus
408 1500 505 1542 vero
525 1501 841 1554 supersessoriae
875 1500 906 1542 is
936 1513 1099 1543 tantum
1118 1511 1205 1550 est,
1239 1515 1284 1544 ut
1303 1501 1477 1543 rebusin
1494 1516 1557 1544 eo-

89 1559 183 1602 dem
216 1572 322 1600 statu
347 1560 633 1607 manentibus,
664 1560 716 1600 ad
741 1560 935 1602 ulteriora
963 1559 1128 1617 procedi
1160 1575 1245 1601 non
1285 1560 1437 1618 possit,
1470 1575 1556 1604 non
1614 1557 1624 1570 ⁹

52 1646 55 1649 -
89 1633 224 1661 autem
243 1646 255 1663 ‚
285 1633 332 1659 ur
349 1634 452 1674 quae
469 1633 574 1676 gesta
594 1633 691 1661 sunt
715 1633 991 1669 revocentur·‚
1025 1619 1185 1661 decreta
1212 1620 1321 1661 enirn
1340 1619 1473 1662 stricte
1495 1621 1555 1662 in·

86 1677 298 1733 telligenda
331 1692 428 1721 sunt
447 1710 460 1727 ‚
487 1677 602 1731 juxta
626 1692 786 1722 textum
813 1681 854 1720 in
873 1679 951 1736 leg.
972 1693 1007 1719 1.
1025 1677 1159 1721 codic.
1194 1678 1231 1720 si
1241 1680 1345 1734 plur.
1367 1693 1447 1719 una
1463 1692 1556 1720 sen-

84 1737 225 1786 tentic13
248 1749 286 1778 et
307 1751 522 1794 eapropter
563 1752 759 1782 revocare
795 1737 934 1781 omnia
954 1753 998 1778 ea
1015 1768 1028 1786 ‚
1060 1751 1167 1792 quae
1189 1751 1281 1778 ante
1313 1750 1557 1794 supersesso-

86 1797 191 1839 riam
212 1808 318 1852 gesta
345 1811 467 1845 sunt,
485 1813 687 1852 quatenus
714 1810 924 1853 tamquam
943 1796 1051 1838 nulla
1069 1828 1082 1844 ‚
1113 1796 1175 1837 vel
1194 1796 1342 1852 injusta
1360 1802 1560 1837 revocan-

86 1854 141 1896 da
169 1865 326 1901 essent,
354 1853 515 1893 alterius
532 1856 689 1904 judicis
719 1856 901 1895 officium
915 1867 973 1895 est
994 1883 1003 1892 .
1042 1854 1235 1908 Denique
1252 1883 1265 1901 ,
1303 1865 1340 1893 et
1354 1853 1395 1892 id
1413 1866 1559 1894 notan-

92 1911 194 1954 dum
213 1923 270 1952 est
286 1940 299 1957 ,
327 1909 443 1964 quod
461 1911 633 1962 quando
649 1909 798 1967 petitur
835 1910 1127 1964 supersessoria
1161 1911 1355 1953 adversus
1388 1911 1560 1953 manda-

85 1981 174 2013 tum
193 1999 205 2017 ‚
243 1968 465 2007 relaxatum
500 1967 541 2007 in
557 1969 641 2010 vim
673 1968 932 2025 obligationis
964 1968 1187 2010 Cameralis
1211 1999 1225 2016 ,
1261 1981 1403 2009 curare
1422 1968 1465 2009 id
1489 1969 1562 2010 de-

84 2029 152 2072 bet
172 2027 334 2074 Actor,
366 2038 411 2067 ut
437 2025 616 2068 Auditor
644 2024 888 2082 Signaturae
924 2039 1106 2085 apponat
1140 2041 1230 2068 earn
1265 2025 1491 2068 clausulam
1519 2027 1563 2069 in

87 2087 382 2140 decreto‚qua
415 2084 639 2127 declaretur
664 2098 734 2142 per
756 2088 888 2127 Reum
920 2088 1067 2129 habere
1104 2085 1436 2143 supersessoriam
1468 2085 1560 2127 loco

85 2145 278 2194 termini;
309 2158 420 2198 quae
442 2143 662 2186 declaratio
681 2175 695 2193 ‚
730 2144 893 2199 quoties
926 2157 1116 2202 petatur,
1150 2143 1272 2187 'debet
1302 2143 1385 2187 fieri
1405 2145 1453 2186 de
1470 2143 1562 2186 stilo

84 2205 269 2253 Curiae,
305 2202 477 2260 eiusque
496 2200 661 2246 effectus
682 2218 738 2246 est
756 2233 769 2251 ‚
800 2204 917 2261 quod
934 2203 1040 2245 facta
1074 2201 1346 2246 declaratione
1370 2203 1567 2257 terminus

88 2264 140 2307 ad
159 2263 404 2308 solvendum
427 2263 576 2320 suscipi
608 2277 690 2304 non
713 2263 859 2305 debeat
880 2293 890 2305 .

211 2321 506 2371 inhibitiones,
532 2337 636 2378 quae
655 2322 737 2365 fieri
771 2322 904 2365 solent
934 2333 1010 2376 pro
1044 2320 1309 2379 impedienda
1329 2318 1565 2379 propositio·

93 2395 145 2424 ne
176 2395 321 2423 causae
345 2383 385 2424 in
405 2385 522 2441 plena
549 2382 764 2438 Signatura
783 2413 796 2431 ‚
830 2378 982 2422 nullius
1013 2395 1110 2422 sunt
1133 2380 1287 2421 roboris
1304 2407 1317 2424 ‚
1351 2391 1390 2419 et
1415 2375 1564 2419 servari

96 2454 180 2482 non
202 2439 374 2489 debent,
406 2444 480 2484 nisi
511 2443 696 2492 legantur
744 2441 826 2483 sive
859 2439 900 2479 in
935 2439 1161 2480 Audientia
1195 2467 1208 2485 ‚
1247 2437 1328 2480 sive
1360 2450 1433 2492 pro
1463 2435 1565 2476 hora

91 2513 195 2542 certa
233 2499 294 2538 die
313 2497 442 2549 jovis,
473 2503 534 2544 vel
561 2500 715 2544 veneris
735 2497 1007 2557 praecedentis
1044 2498 1221 2543 alteram,
1250 2493 1480 2546 diemjovis
1520 2493 1563 2533 in

93 2571 180 2613 qua
202 2558 388 2600 habenda
419 2559 468 2601 sit
496 2561 717 2615 Signatura
752 2558 897 2616 plena,
923 2569 972 2596 ne
999 2558 1092 2657 Pzffl
1123 2555 1241 2596 altera
1270 2568 1339 2610 per
1359 2556 1441 2596 has
1473 2552 1565 2616 cita·

1124 2628 1152 2657 2
1497 2622 1570 2654 no-
