1952 3167
279 319 323 355 ¹4
614 303 674 338 DE
704 301 816 344 JURE
846 299 1126 337 SlGNATURAE
1152 300 1368 343 JUSTITIAE

273 359 418 393 ferentes
440 377 452 394 ,
480 363 514 390 et
532 353 578 389 illi
597 378 608 393 ,
640 352 764 398 quibus
778 350 1025 391 conferentur,
1056 349 1119 386 etsi
1145 362 1187 387 ex
1202 351 1292 386 dicta
1317 361 1414 384 causa
1439 349 1671 396 resignationis
1697 354 1760 389 hu.

273 402 445 446 jusmodi,
488 405 642 441 fructus,
684 400 840 437 redditus
870 423 880 440 ,
925 409 960 435 et
999 408 1187 444 proventus
1229 400 1407 445 inaequalen
1458 401 1590 440 majoris
1634 401 1763 438 valoris

274 453 424 492 fuerint,
456 452 585 489 etiamsi
623 451 694 497 ipsa
710 448 881 495 aequslitas
897 448 1019 494 viginti
1056 459 1201 493 quatuor
1229 449 1440 481 florenorum
1464 448 1590 485 similes
1608 475 1617 491 ,
1647 463 1763 487 secun-

273 506 353 539 dum
372 501 622 537 :estimationem
653 499 850 545 praedictam
881 509 944 532 non
974 497 1207 535 transcendat,
1239 493 1397 528 similiter
1424 495 1631 534 conferentes
1648 501 1766 545 praedi-

275 552 321 588 cti
338 576 349 592 ‚
380 560 412 584 et
428 550 473 585 illi
489 575 498 589 ‚
529 551 651 596 quibus
681 547 844 582 beneficis
865 545 997 585 maioris
1027 545 1151 579 valoris
1174 542 1367 583 uniusmodi
1394 541 1517 577 collata
1548 545 1700 590 fuerint,
1721 551 1765 585 de

277 600 492 640 nominibus,
522 609 554 634 et
568 596 830 644 cognominibus
861 604 1104 640 personarum,
1133 601 1166 627 ct
1198 591 1441 626 beneficiorum
1473 598 1694 637 eorumdem,
1727 609 1765 634 ac

274 650 393 685 diebus
422 650 581 685 fattarum
611 646 835 681 collationum
866 641 1058 683 hujusmodi
1076 666 1086 682 ,
1114 650 1227 687 gentes
1255 641 1413 676 Camerae
1444 642 1674 687 Apostolicae,
1706 655 1766 681 aut

274 698 486 734 Collectores
504 724 512 737 ‚
543 696 594 732 vel
624 692 892 730 Subcollectores
921 693 1118 731 fructuum,
1150 701 1182 726 et
1209 698 1438 736 proventuum
1472 691 1584 726 eidem
1607 693 1767 729 Camerae

274 746 465 783 debitorum
485 749 515 782 in
532 745 682 793 partibus
719 743 783 778 illis
802 753 862 786 pro
881 752 1035 786 tempore
1053 743 1230 785 deputatos
1247 764 1257 778 ‚
1284 740 1370 774 infra
1402 741 1497 776 unius
1512 766 1521 782 ,
1556 742 1583 776 si
1599 743 1682 778 citra
1697 768 1707 782 ,
1735 750 1770 778 et

277 803 345 830 tres
361 808 489 832 merses
507 822 516 833 ,
533 798 558 831 si
575 796 662 831 ultra
681 801 808 829 montes
827 815 837 830 ,
865 790 1061 826 collationes
1080 802 1155 836 ipsae
1172 791 1262 825 factae
1281 789 1408 824 fuerint
1437 791 1530 830 juxta
1551 792 1636 826 Sixti
1657 792 1720 827 lV.
1736 800 1769 825 et

275 843 466 879 Innocenrii
483 846 579 881 VIII.
606 843 846 888 praedictorum
874 853 974 886 super
997 842 1061 875 hoc
1092 840 1195 874 editas
1213 837 1323 872 literas
1353 839 1539 874 certificare
1570 848 1766 886 procurent,

278 893 422 940 alioquin
449 894 613 929 benefi:ia
640 892 710 938 ipsa
739 891 786 927 sic
812 889 932 925 collata
948 900 1067 924 vacare
1090 896 1270 923 censentur
1294 898 1334 921 eo
1368 886 1440 931 ipso
1461 912 1470 922 .

374 943 480 977 XXX.
510 943 635 975 Verum
665 940 743 983 quia
761 937 896 973 difficile
914 937 1003 972 foret
1018 960 1028 974 ‚
1062 946 1238 980 praesentes
1259 937 1373 971 literas
1395 940 1433 971 ad
1453 936 1583 981 singula
1598 960 1609 974 ,
1644 937 1675 971 in
1695 937 1768 983 qui-

280 991 341 1024 bus
371 992 413 1023 de
433 990 479 1023 eis
498 990 577 1024 fides
608 988 720 1022 forsan
736 986 887 1021 facienda
912 984 1003 1018 foret
1019 1007 1031 1023 ,
1052 984 1127 1019 loca
1155 985 1309 1025 deferre,
1328 984 1487 1019 similiter
1520 986 1701 1024 volumus,
1740 994 1773 1020 et

279 1040 396 1074 eadem
431 1038 634 1073 anctoritate
664 1035 876 1071 decernimus
903 1057 914 1072 ‚
949 1036 1040 1079 quod
1085 1033 1230 1078 ipsarum
1258 1034 1476 1078 transumptis
1505 1046 1604 1068 manu
1622 1033 1768 1069 -Notarii

279 1086 409 1133 publici
437 1085 659 1130 subscriptis,
690 1095 721 1121 et
737 1084 857 1131 Sigillo
884 1081 1028 1121 alicuius
1045 1082 1161 1118 Curiae
1179 1082 1447 1122 Ecclesiasticae‚
1480 1094 1537 1117 seu
1563 1093 1712 1128 personae
1738 1082 1771 1118 in

279 1136 441 1182 dignitate
469 1136 703 1171 Ecclesiasticn
718 1134 936 1171 constitutae,
965 1131 1125 1172 munitis,
1156 1131 1270 1167 eadem
1291 1143 1429 1175 prorsus
1445 1133 1526 1166 fides
1556 1134 1585 1166 in
1614 1131 1770 1173 judicio,

282 1195 314 1218 et
341 1185 445 1224 alibi,
477 1184 535 1220 ubi
565 1196 649 1225 opus
665 1184 769 1218 fuerit
788 1208 799 1224 ,
829 1180 1055 1221 adhibeatur,
1086 1191 1159 1226 quae
1190 1180 1410 1216 adhiberetur
1438 1180 1564 1215 eisdem
1599 1180 1771 1226 pizaesenti-

230 1263 232 1265 .
282 1234 344 1268 bus
373 1233 398 1267 si
418 1234 526 1268 forent
556 1232 738 1271 exhibitae,
767 1232 822 1267 vel
852 1238 1016 1264 ostensae.

378 1282 505 1317 Datum
536 1281 643 1316 Rome
663 1280 752 1324 apud
768 1282 926 1314 Sanctum
945 1279 1097 1312 Marcum
1127 1278 1190 1311 sub
1217 1277 1339 1311 annulo
1357 1276 1537 1312 piscatoris
1556 1300 1566 1316 ‚
1591 1277 1648 1310 die
1672 1277 1772 1322 trige-

283 1330 367 1366 sima
390 1330 469 1371 Julii
502 1329 684 1366 millesimo
708 1327 980 1375 quingentesimo
995 1325 1252 1371 quadragesimo
1269 1349 1278 1365 ,
1305 1325 1528 1361 pontificatus
1545 1327 1652 1361 nostri
1669 1328 1769 1361 Anno

285 1389 381 1415 sexto
406 1405 418 1415 .

940 1450 1127 1500 N.11.

316 1544 602 1598 Reformatio
634 1542 1049 1596 Referendariorum
1079 1547 1310 1608 Signaturae
1330 1543 1514 1601 >Iustitiae
1535 1544 1733 1594 Romani
1764 1587 1767 1593 ,

429 1618 653 1669 Pontificis
671 1652 686 1674 ,
701 1632 751 1667 ἐἰ
779 1616 1095 1666 Ordinationes
1123 1633 1145 1661 a
1169 1614 1388 1675 Judicibns
1410 1618 1628 1666 Romanae

791 1691 937 1738 Curiae
977 1687 1255 1739 observandae
1271 1721 1284 1735 .

554 1814 666 1849 φῶς
691 1813 930 1846 ΕῬῙςεοῬῡς
958 1813 1115 1852 SERVvs
1144 1811 1377 1852 SERVonM
1403 1812 1481 1844 mit

596 1870 598 1873 “
737 1860 801 1896 -Ad
810 1866 1003 1907 perpetuam
1018 1859 1066 1895 rei
1085 1857 1277 1894 memoriam
1293 1882 1303 1894 .

283 1963 315 1998 Ι.
338 1963 419 2048 C
436 1961 501 1996 Um
519 1971 625 2003 nuper
661 1970 721 1994 nos
751 1956 897 2006 generali
936 1957 1165 1996 officiorum,
1192 1965 1226 1990 et
1252 1956 1483 1992 ‘tribunalium
1514 1957 1673 1994 Rornanae
1702 1957 1773 1991 Cu-

448 2009 504 2044 riae
518 2021 579 2053 pro
609 2008 768 2044 abusibus
796 2006 1006 2051 extirpandis
1024 2031 1034 2047 ‚
1066 2017 1103 2041 ac
1118 2005 1299 2042 universali
1334 2007 1364 2041 in
1396 2018 1433 2040 ea
1451 2005 1649 2050 litigantium
1678 2016 1771 2039 com-

286 2060 452 2095 moditate
499 2056 731 2094 reformationi
762 2055 1029 2095 intenderimus,
1057 2064 1090 2089 et
1106 2055 1358 2100 providerimus
1381 2079 1391 2094 ,
1432 2057 1604 2099 cupientes
1635 2063 1770 2087 corum-

286 2111 361 2142 dem
383 2107 586 2154 litigantium
615 2106 827 2142 indemnitati
857 2106 888 2139 in
904 2113 1012 2140 totum
1046 2103 1247 2141 consulere,
1274 2117 1312 2137 ac
1328 2114 1362 2136 ut
1385 2104 1526 2137 eelerius
1545 2101 1619 2136 lites
1655 2103 1772 2136 termi-

262 2165 409 2190 .nentur
426 2156 637 2199 providere,
665 2156 764 2189 valde
791 2163 1048 2196 opportunum,
1083 2150 1158 2182 imo
1188 2149 1412 2184 necessarium
1444 2161 1514 2183 esse
1539 2149 1730 2185 censuimus
1759 2173 1770 2189 ,

289 2205 392 2239 etiam
433 2205 643 2248 Signaturam
685 2201 828 2241 ,lustitiae
853 2222 863 2237 ,
902 2210 1002 2243 aqua
1024 2196 1224 2241 plerumque
1253 2198 1285 2232 hi
1317 2221 1326 2236 ‚
1373 2203 1428 2240 qui
1459 2199 1533 2233 lites
1565 2211 1595 2232 in
1629 2201 1770 2244 longum

289 2253 517 2298 protrahere,
560 2249 710 2293 aliosque
737 2248 865 2283 diutius
892 2271 918 2294 ‚K
939 2256 971 2281 et
1002 2245 1215 2292 gravioribus
1256 2247 1412 2291 impensis
1460 2249 1640 2293 defatigare
1686 2258 1773 2292 quae-

291 2308 398 2341 runt,
429 2297 701 2335 cavillationibus
720 2320 729 2337 ,
760 2304 793 2330 et
822 2295 978 2330 versutiis
1019 2295 1150 2328 diversa
1167 2295 1328 2337 rescripta
1349 2319 1359 2334 ‚
1393 2305 1451 2330 aut
1477 2298 1648 2339 superflua
1673 2320 1683 2336 ,
1714 2304 1772 2331 aut

290 2348 486 2385 dilationem
512 2338 703 2381 inducentia
734 2354 983 2389 extorqueant,
1016 2344 1227 2384 reformare3
1259 2345 1386 2380 idcirco
1404 2357 1463 2388 pro
1490 2345 1578 2381 illius
1608 2346 1771 2380 reforma·

291 2399 385 2432 tione
405 2397 510 2437 visis,
544 2406 579 2432 et
594 2405 691 2430 etiam
711 2404 840 2429 mature
868 2392 1026 2427 discussis
1058 2393 1226 2430 nonnullis
1256 2405 1318 2439 per
1336 2395 1478 2429 dilectos
1505 2394 1589 2430 filios
1612 2394 1770 2428 Referen-

292 2447 401 2482 darios
429 2454 560 2481 nostros
586 2444 775 2482 adnotatis,
805 2452 838 2476 et
854 2453 966 2477 coram
981 2441 1078 2477 nobis
1106 2442 1206 2477 etiam
1237 2444 1268 2477 in
1286 2447 1463 2488 praesentia
1492 2444 1726 2478 nonnullorum
1755 2466 1767 2482 ,

295 2506 337 2531 ex
366 2494 620 2531 Venerabilibus
648 2494 823 2531 fratribus
849 2492 980 2528 Sanctae
1007 2492 1168 2526 Romanae
1192 2491 1350 2530 Ecclesia:
1377 2491 1619 2530 Cardinalibus
1646 2501 1768 2545 propo-
1826 2494 1828 2497 '

586 2563 588 2565 -
1673 2548 1768 2579 sius,
