1993 3195
658 330 1061 374 CAPUTI.
1545 350 1602 394 49

123 398 228 440 rium
255 392 360 434 XIII.
385 390 848 435 excommunicationem
885 392 984 435 latae
1014 392 1233 435 sententiae
1253 423 1266 442 ‚
1293 392 1467 449 aliasque
1503 397 1603 439 arbi-

122 456 197 497 trio
234 468 328 494 suae
360 453 591 495 Sanctitatis
624 466 804 508 poenas,
824 450 1059 504 hujusmodi
1078 452 1347 496 revelantibus
1386 454 1607 505 indixisse;

122 513 371 555 Clementem
400 512 510 554 Vm.
544 511 688 553 deinde
721 526 874 566 poenas
897 509 981 565 jam
1001 511 1125 554 dictas
1144 527 1227 554 non
1244 513 1366 554 modo
1387 513 1438 552 ad
1468 512 1608 555 suffra-

120 572 280 630 giorum
312 572 607 627 evulgationem
629 599 641 618 ‚
668 585 809 614 verum
860 584 897 613 et
928 570 980 611 ad
1004 583 1156 613 caetera
1186 571 1260 613 alia
1282 602 1293 619 ,
1325 586 1430 628 quae
1462 586 1605 613 causa-

123 647 215 673 rum
248 631 454 673 occasione
482 631 524 672 in
540 631 757 687 Signatura
794 630 906 684 loqui
920 631 1135 688 contingat
1153 663 1165 680 ,
1194 631 1435 680 innovasse,
1460 646 1505 673 ac
1524 645 1609 672 am·-

110 688 291 749 'pliasse3
323 690 550 732 Alexander
569 691 660 731 VII.
679 691 721 731 in
737 689 922 746 superius
954 689 1113 732 laudata
1135 689 1444 734 Constitutione
1474 691 1608 731 decre-

121 752 180 795 vit
199 781 212 800 ,
238 749 429 793 omnibus
443 781 456 800 ,
487 763 524 792 et
542 749 710 805 singulis
727 762 808 791 tam
825 748 1076 791 Votantibus
1094 781 1106 799 ,
1140 766 1264 806 quam
1304 749 1471 792 caeteris
1490 749 1576 790 aliis
1593 779 1607 797 ‚

121 808 165 850 in
184 809 398 866 Signatura
416 810 532 866 plena
568 806 935 851 intervenientibus
952 840 964 858 ,
998 823 1042 850 ac
1079 823 1220 851 eorum
1238 809 1509 851 Auditoribus
1527 839 1538 856 ‚
1571 818 1610 849 et

119 869 354 911 studiorum
392 868 721 927 Coadjutoribus
743 867 985 909 haudlicere
1005 883 1098 910 vota
1132 868 1213 926 ipsa
1235 869 1413 926 cuipiam
1441 867 1608 913 referre,

123 941 194 970 aut
210 928 340 985 palam
356 927 485 971 facere
506 941 695 970 oretenus
711 961 724 977 ,
758 927 819 970 vel
836 928 876 968 in
893 926 1044 982 scriptis
1062 942 1132 984 per
1150 928 1297 984 seipsos
1309 960 1322 978 ,
1350 929 1409 972 vel
1425 941 1493 983 per
1511 927 1607 967 alios

120 989 196 1047 sub
216 1003 349 1044 poena
367 986 667 1046 indignationis
685 1002 808 1036 suae3
838 987 891 1029 ita
917 987 1024 1028 enim
1054 987 1340 1044 sapientissime
1374 985 1608 1029 consultum

121 1058 178 1088 est
192 1078 205 1095 ,
241 1061 290 1087 ne
306 1077 319 1095 ,
337 1047 532 1096 timorille
553 1047 738 1088 scientiae
767 1059 957 1089 votorum
975 1073 987 1093 ‚
1008 1046 1225 1089 sententias
1262 1046 1422 1088 (licendi
1442 1042 1612 1086 libertati

120 1104 270 1146 officiat
285 1135 294 1145 .
312 1106 386 1160 (ι)

241 1160 305 1200 Ne
323 1163 489 1202 demum
504 1163 677 1203 Decreta
699 1192 712 1211 ‚
744 1166 839 1209 Jura
867 1192 880 1211 ,
909 1165 1132 1217 caeterique
1166 1175 1277 1204 actus
1306 1164 1486 1215 ejusdem
1506 1162 1610 1204 Col·'

118 1219 239 1277 legii,
272 1233 394 1276 prout
416 1219 574 1263 facilius
590 1235 668 1270 est,
701 1221 744 1261 in
772 1235 930 1278 pessum
947 1220 1077 1270 irent,
1110 1233 1148 1262 et
1175 1221 1361 1278 temporis
1396 1220 1608 1263 diuturni-

118 1292 196 1322 tate
215 1279 410 1322 oblivioni
431 1280 684 1322 traderentur
705 1309 717 1328 ,
752 1294 798 1322 ac
832 1279 1022 1321 memoria
1056 1279 1315 1330 exciderent,
1345 1280 1477 1322 statim
1496 1294 1540 1321 ac
1562 1279 1604 1319 in

119 1338 349 1395 Collegium
372 1338 581 1382 Tribunal
599 1340 675 1395 hoc
706 1340 912 1381 redactum
929 1338 1033 1388 fuit,
1067 1340 1307 1396 Signaturae
1336 1339 1538 1381 Votantes
1557 1338 1604 1379 de

117 1398 311 1440 mandato
331 1398 643 1442 Eminentissimi
663 1398 850 1441 Praefecti
870 1412 1083 1455 congressu
1102 1399 1254 1440 indicto
1272 1399 1523 1456 deputarunt
1538 1398 1608 1438 Se-

119 1457 334 1501 cretarium
363 1457 541 1514 ejusdem
572 1457 744 1515 Collegii
779 1473 912 1499 unum
941 1472 989 1499 ex
1009 1457 1147 1499 iisdem
1178 1458 1426 1500 Votantibus
1444 1489 1458 1507 ‚
1488 1455 1604 1513 cujus

117 1512 382 1575 praecipuum
399 1533 551 1560 munus
568 1531 691 1568 esset,
722 1517 901 1559 codicem
933 1518 1147 1573 quemdam
1183 1516 1378 1559 conficere
1400 1549 1413 1567 ,
1445 1520 1487 1556 in
1520 1531 1605 1571 quo

120 1577 308 1627 decreta,
351 1593 569 1635 omnesque
611 1589 724 1619 actus
755 1576 933 1634 ejusdem
970 1576 1139 1633 Collegii
1171 1576 1526 1622 describerentur,
1565 1587 1603 1617 et

118 1635 263 1678 deinde
281 1638 358 1679 sub
376 1637 438 1678 die
464 1651 526 1693 15.
557 1637 642 1692 iulii
677 1635 805 1692 1659.
840 1636 913 1694 (2)
945 1637 995 1678 ab
1027 1635 1174 1678 eisdem
1210 1637 1425 1693 deputatus
1460 1635 1537 1675 fuit
1559 1634 1603 1674 in

116 1693 339 1738 Notarium
356 1697 451 1738 dicti
472 1697 641 1754 Collegii
673 1696 871 1738 Notarius
888 1695 1074 1737 Archivii
1095 1711 1168 1752 pro
1184 1709 1357 1753 tempore
1375 1726 1387 1743 ,
1421 1706 1457 1735 et
1475 1693 1516 1733 in
1538 1691 1606 1733 Bi-

117 1754 265 1797 dellurn
309 1771 418 1798 unus
455 1771 502 1799 ex
526 1755 613 1810 ejus
626 1755 860 1801 Substitutis
879 1788 891 1805 ‚
927 1755 993 1798 cui
1014 1755 1264 1797 incumberet
1285 1769 1391 1795 onus
1418 1752 1603 1795 certiores

117 1811 294 1865 faciendi
322 1815 420 1856 DD.
454 1816 656 1858 Votantes
707 1815 1041 1871 quotiescumque
1078 1815 1316 1856 habendum
1346 1813 1419 1853 erit
1451 1811 1604 1851 dictum

117 1871 345 1927 Collegium
361 1903 374 1919 ‚
407 1875 634 1924 eodemque
653 1887 880 1913 convocato
900 1872 1105 1912 assistendi
1127 1875 1176 1912 ab
1195 1885 1304 1912 extra
1325 1885 1398 1926 pro
1415 1869 1604 1925 indigen-

115 1929 180 1970 tiis
196 1929 506 1970 obvenientibus
527 1961 537 1970 .
571 1928 747 1971 Notario
767 1938 901 1971 autem
919 1943 1071 1970 munus
1103 1928 1202 1969 illud
1216 1928 1506 1968 demandatum
1525 1928 1603 1970 fuit

115 1984 363 2028 Archivium
381 1988 645 2027 construendi
681 1987 910 2041 peculiare,
948 1987 989 2025 in
1017 2000 1101 2040 quo
1137 1986 1365 2028 habeantur
1394 1987 1602 2027 processus

117 2060 256 2089 omnes
289 2045 560 2087 admissorum
590 2045 643 2086 ad
668 2044 1041 2086 Referendariatum
1061 2073 1073 2091 ,
1117 2059 1337 2100 omnesque
1368 2045 1603 2101 scripturae,

119 2117 325 2162 tangentes
355 2105 538 2148 interesse
564 2103 657 2148 dicti
678 2102 875 2160 Collegii;
914 2116 950 2145 et
968 2104 1074 2144 dicto
1108 2103 1306 2146 Archivio
1340 2104 1457 2145 binas
1475 2104 1602 2147 claves

120 2164 269 2223 apponi
305 2165 503 2208 sancitum
519 2164 624 2211 fuit,
655 2177 832 2219 quarum
864 2178 946 2204 una
969 2161 1179 2204 retinenda
1217 2176 1313 2207 esset
1332 2179 1353 2205 a
1379 2163 1601 2205 Secretario

119 2239 191 2282 pro
209 2237 382 2282 tempore
401 2223 568 2281 collegii
585 2256 597 2273 ‚
629 2222 748 2265 altera
784 2224 834 2264 ab
854 2222 993 2264 eodem
1010 2220 1182 2264 Notario
1202 2223 1386 2266 Archivii
1410 2254 1420 2264 .

181 2285 329 2340 Quum
346 2289 442 2328 vero
461 2283 679 2341 praedictus
695 2280 893 2323 Notarius
911 2281 951 2322 in
973 2281 1166 2324 omnibus
1180 2283 1278 2325 actis
1294 2299 1332 2324 se
1357 2280 1603 2325 subscribere

125 2342 246 2385 soleat
265 2357 276 2384 ε
309 2345 382 2386 Pro
398 2343 526 2385 inclito
545 2342 576 2384 C
577 2342 711 2401 ollegio
730 2341 830 2382 DD.
847 2341 1085 2398 Scriptorum
1104 2342 1275 2384 Archivii
1307 2343 1505 2383 Romanae
1524 2339 1554 2379 C
1555 2355 1602 2380 u·-

126 2399 206 2443 riae
231 2401 359 2444 N.N.
378 2402 684 2445 Administrator
703 2431 715 2449 ‚
765 2400 829 2442 hic
861 2415 1059 2443 recensere
1091 2399 1282 2443 duximus
1316 2412 1402 2441 tum
1438 2413 1604 2441 causam

990 2460 1028 2500 G
1502 2473 1607 2513 qua-

172 2589 227 2630 (1)
250 2595 285 2623 In
302 2593 593 2637 Append.pag.26.
642 2593 695 2634 (2)
717 2594 766 2625 Ex
781 2595 908 2634 Regesto
927 2594 1046 2635 Signat.
1065 2598 1095 2623 et
1124 2592 1156 2622 in
1173 2589 1424 2633 Append.p.37.
