1952 3167
357 319 439 364 128
654 316 730 358 DE
760 316 896 364 JURE
924 313 1270 371 SIGNATURAE
1320 311 1577 362 JUSTITIAE

353 385 398 422 in
419 378 529 422 Actis
563 375 725 419 Notarii
743 376 961 418 Archivii.
980 377 1267 442 Excipiuntur.
1270 389 1366 415 vero
1390 373 1553 417 Causae
1575 373 1736 425 civiles,
1754 388 1816 418 ex

357 440 540 482 cedentes
572 452 684 479 scuta
722 450 819 491 50..
855 435 948 477 item
982 451 1012 476 si
1034 435 1211 477 Curialis
1239 435 1286 477 sit
1318 435 1442 474 Actor
1467 466 1478 483 ‚
1512 447 1582 476 aut
1614 435 1729 476 Reus
1748 448 1815 477 vo-

357 497 584 540 lunt-arius
578 512 616 537 1n
637 511 674 538 re
695 527 706 544 ‚
739 493 855 547 cujus
872 496 1113 552 possessione
1133 507 1293 542 careat·
1331 493 1679 560 quemadmodum
1696 494 1814 534 etiam

359 558 521 600 Causae
554 555 782 597 libet-arionis
812 570 834 594 a
862 553 1039 595 molestiis
1064 585 1075 602 ,
1104 553 1331 595 redditionis
1363 551 1524 593 rationis
1552 581 1568 617 ’.
1597 562 1635 592 et
1662 552 1814 607 quando

359 619 490 659 Partes
523 616 562 657 in
593 616 712 656 alium
740 613 916 660 Iudicem
951 613 1238 654 consenserint.
1273 612 1411 653 Itidem
1444 611 1702 668 excipiuntur
1736 611 1813 650 Ba·

360 691 478 719 rones
508 674 679 716 Romani
710 705 722 722 ‚
763 687 866 728 quos
903 670 1015 712 dicta
1053 671 1284 729 Eugeninnn
1320 686 1404 712 non
1444 671 1648 728 gaudere,
1678 667 1817 710 rescri-

361 735 438 793 psit
456 737 668 800 Signatum
689 733 729 772 in
750 732 1005 773 Praenestina
1031 746 1170 773 contra
1189 730 1408 787 Principem
1426 730 1603 786 ejusdem
1630 725 1819 770 Civitatis

364 796 407 836 8.
425 794 516 835 maii
538 794 655 848 1783.
676 808 689 841 ·‚
719 805 790 832 nec
810 805 892 832 non
913 806 1043 845 quum
1077 802 1291 833 concurrat
1321 789 1570 846 privilegium
1586 789 1701 846 Legis
1727 785 1821 827 uni-

363 868 431 896 cae
452 853 540 894 Coc!
559 853 708 909 quando
725 850 1168 907 lmpoiat01‚eligendi‚
1187 863 1353 904 nempe,
1372 849 1506 889 forum
1524 863 1648 905 quob
1627 847 1820 894 oaudent,

368 913 518 953 nedum
538 911 724 974 Virgines
743 941 755 957 ,
773 910 959 958 Viduae,
981 909 1185 965 Pupillae,
1202 908 1269 949 sed
1288 907 1405 947 etiam
1423 909 1616 963 Nuptae,
1638 908 1818 949 viventes

364 971 528 1011 seorsim
550 985 569 1008 a
590 983 676 1010 viro
691 982 739 1007 ex
761 967 824 1006 cul
827 982 876 1022 pa
894 968 1000 1012 viri,
1018 981 1055 1007 et
1075 981 1236 1009 auctore
1252 968 1463 1013 Praetore3
1494 979 1616 1022 prout
1634 964 1823 1006 animad-

361 1027 485 1068 xertit
520 1025 781 1082 Calcagnznus
802 1052 814 1070 ‚
845 1038 883 1066 et
900 1026 1161 1067 decreverunt
1186 1024 1389 1072 Auditor,
1408 1035 1448 1063 et
1470 1025 1695 1066 Praefectus
1713 1037 1825 1065 men-

365 1101 405 1128 se
422 1085 659 1143 septembris
675 1086 793 1140 1781.
786 1082 980 1140 .per'Acta
998 1083 1159 1134 Paliani·⁷
1172 1099 1256 1140 quo
1271 1082 1388 1123 etiam
1407 1082 1633 1139 privilegio,
1637 1083 1826 1140 Signatu-

367 1160 410 1187 ra
428 1146 602 1202 gaudere
619 1143 804 1189 censuim
813 1159 836 1183 n
850 1143 988 1184 Causa
1003 1144 1240 1184 Fermriensz
1236 1143 1295 1181 ‘.(›
1309 1140 1393 1195 julii
1417 1153 1538 1196 1775.
1547 1143 1682 1190 ,Senes
1698 1141 1823 1183 conti·

368 1219 455 1245 nuo
468 1208 608 1246 morbo
636 1203 884 1245 laborantes.
908 1201 1049 1243 Hisce
1042 1216 1083 1240 in
1107 1201 1266 1244 casibus
1293 1200 1426 1241 locum
1449 1216 1531 1241 non
1556 1202 1679 1243 habet
1696 1201 1826 1257 priva-

366 1264 448 1305 tiva
469 1262 690 1314 iurisdietio
721 1264 771 1303 A.
788 1262 840 1302 C.
871 1263 913 1301 in
935 1262 1050 1302 dictis
1079 1262 1209 1302 causis
1233 1259 1469 1300 Curiatium·
1463 1275 1502 1298 ιη
1521 1260 1602 1301 vim
1621 1259 1824 1315 Eugenia-

367 1323 670 1363 nne.'t³raeterea
689 1333 809 1362 cessat
830 1319 1062 1375 hujusmodi
1082 1318 1305 1371 jurisdictio
1325 1318 1496 1372 quando
1516 1317 1644 1374 agitur
1663 1320 1710 1359 de
1728 1316 1826 1360 obli-

371 1381 534 1436 gatione
552 1380 752 1422 Camerali
777 1411 785 1419 .
824 1381 929 1420 Nam
958 1394 1030 1421 nec
1051 1392 1162 1420 extra
1189 1378 1322 1419 locum
1347 1377 1567 1425 domicilii,
1589 1393 1661 1419 nec
1687 1391 1826 1420 coram

370 1440 540 1494 judice
534 1452 823 1495 incompetente
836 1468 849 1486 ,
883 1453 1022 1493 nempe
1037 1437 1182 1477 Laicus
1200 1449 1336 1478 coram
1354 1436 1624 1478 Ecclesiastico
1639 1437 1740 1478 trahi
1753 1451 1827 1493 po-

369 1512 443 1542 test
476 1497 699 1554 obligatus
691 1512 732 1536 m
750 1497 877 1538 forma
895 1495 1122 1543 Gamerae,
1148 1496 1218 1536 sed
1242 1508 1311 1536 aut
1330 1500 1463 1535 coram
1491 1495 1635 1548 Judice
1658 1497 1706 1538 de
1735 1495 1825 1551 jure

367 1569 658 1615 competente,
679 1570 749 1597 aut
768 1559 819 1596 A.
829 1555 910 1596 C.
901 1555 1137 1609 quicquid
1153 1554 1327 1596 sentiant
1347 1554 1566 1602 Doctores»,
1585 1570 1688 1610 quos
1720 1554 1826 1596 inter

371 1617 554 1660 Zacclzias
573 1646 586 1664 ‚
620 1618 667 1657 de
684 1617 785 1657 Luca
803 1648 815 1664 ,
852 1589 1011 1656 Scitccia
1030 1646 1041 1664 ,
1078 1612 1339 1680 Calcngninns
1359 1645 1372 1662 ‚
1406 1612 1538 1655 innixi
1559 1613 1794 1655 clausulae
1783 1626 1827 1653 m

375 1689 588 1718 contractu
625 1675 824 1733 appositae
848 1704 859 1721 ‚
891 1688 1030 1730 nempe
1050 1703 1063 1721 ‚
1100 1673 1268 1715 omnium
1305 1704 1317 1721 ‚
1347 1683 1385 1713 et
1416 1673 1653 1731 singularum
1687 1671 1829 1715 Curia-

371 1750 459 1777 rum
475 1746 546 1776 etc.
578 1734 732 1776 ubilibet
752 1749 789 1774 se
817 1733 1024 1775 submisit
1061 1732 1229 1788 Quibus
1258 1732 1449 1773 omnibus
1478 1733 1712 1774 adversatur
1732 1744 1829 1787 pra-

370 1794 436 1835 xis
449 1808 599 1837 servata
625 1809 645 1834 a
668 1793 882 1849 Signatura
903 1806 983 1833 tam
1003 1794 1053 1832 ab
1070 1791 1269 1831 Auditore
1289 1819 1301 1837 ,
1318 1804 1440 1844 quam
1469 1804 1489 1829 a
1517 1792 1830 1839 Praefectomet,

372 1852 604 1911 praesertim
635 1866 737 1892 anno
761 1851 888 1905 1778.
911 1862 980 1889 22
1002 1859 1198 1905 (iurasti,
1225 1861 1263 1888 et
1304 1862 1367 1887 12.
1385 1848 1611 1903 septembris
1640 1864 1710 1904 per
1735 1858 1830 1891 acta

377 1912 548 1954 Arclzivii
563 1944 575 1962 ,
617 1924 683 1952 10.
702 1908 785 1954 iulii
803 1922 842 1964 17
835 1923 922 1965 79.
950 1919 1016 1962 1.4
1038 1906 1132 1948 maii
1156 1907 1284 1964 1781.
1319 1921 1451 1948 mense
1480 1906 1578 1962 julii
1601 1908 1725 1962 1785.
1758 1919 1830 1963 per

383 1971 520 2012 eadem
538 1971 670 2012 Acta.

496 2029 605 2071 Idem
636 2029 691 2069 A.
712 2030 766 2071 C.
788 2028 937 2073 litteras
965 2028 1164 2072 Mon1tor1
1170 2028 1245 2070 nles
1271 2026 1323 2068 ad
1341 2025 1638 2074 relaxandum,
1666 2037 1705 2067 et
1735 2039 1828 2068 exe-

379 2089 592 2144 quendum
610 2089 873 2131 mandatum
865 2105 905 2129 m
928 2091 1016 2130 loco
1048 2088 1216 2129 immuni
1237 2087 1445 2127 decernere
1464 2084 1638 2140 nequit

499 2148 566 2189 Est
609 2160 797 2189 executor
835 2146 1056 2185 littera-rum
1082 2143 1410 2199 Apostolicarum
1441 2158 1521 2186 tam
1557 2145 1833 2200 generalium,

378 2219 505 2260 quam
526 2203 827 2261 particularium
842 2230 854 2249 ,
871 2202 1091 2268 privativus
1121 2217 1162 2241 ιη
1183 2201 1343 2251 litteris,
1363 2205 1591 2246 carentibus
1618 2218 1831 2247 executore

382 2263 622 2319 designat0‚
647 2274 684 2304 et
718 2261 986 2304 cumulativus
1018 2261 1059 2301 in
1081 2261 1321 2303 habentibus
1339 2277 1570 2305 executores
1583 2264 1832 2330 deputatos.

384 2322 608 2377 Eapropter
639 2322 679 2362 in
699 2321 876 2386 quadam
889 2321 1031 2362 Causa
1048 2321 1280 2369 Retractus,
1297 2323 1555 2376 competentis
1582 2323 1623 2362 in
1641 2323 1726 2365 vim
1743 2323 1833 2365 Bul·

383 2380 441 2420 lae
468 2379 745 2435 particularis,
778 2379 945 2421 excitata
981 2378 1251 2435 disputatione
1296 2395 1414 2436 super
1452 2382 1691 2440 pertinentia
1726 2382 1835 2435 ejus-

386 2439 475 2479 dem
494 2437 656 2479 Causae
677 2438 728 2478 ad
748 2437 798 2477 A·
809 2437 860 2477 C.
881 2438 1138 2493 potiusquam
1159 2438 1209 2477 ad
1228 2452 1370 2493 parteS,
1389 2441 1592 2483 Resolutio
1609 2442 1746 2498 plenae
1764 2441 1831 2482 Si·-

387 2510 578 2553 gnaturae
598 2496 641 2538 in
657 2497 953 2555 Balneoregien.
974 2499 1177 2541 Retractus
1202 2508 1246 2551 4.
1278 2498 1494 2543 decembris
1515 2500 1636 2556 1760.
1665 2501 1743 2544 fuit
1758 2516 1832 2558 pro

1750 2575 1835 2617 per-
