2075 3167
429 347 486 438 siit
516 391 613 450 Dig.
642 393 688 433 de
705 392 760 433 Re
782 392 995 446 judicat03
1037 404 1074 434 et
1101 405 1308 448 eapropter
1343 405 1511 438 omnes,
1544 387 1622 430 sive
1653 381 1887 431 Ordinarii‚

429 454 509 497 sive
534 452 893 509 Delegatiludices
929 454 1135 492 Romanae
1165 450 1317 491 Curiae
1355 448 1534 505 quotidie
1564 460 1705 487 eorum
1734 444 1889 484 decreta

433 524 651 560 revocant,
682 524 718 552 et
738 524 887 566 partem
915 524 1119 567 reponunt
1153 510 1193 550 in
1223 523 1325 551 statu
1348 538 1360 556 ‚
1395 509 1435 548 in
1470 520 1553 563 quo
1588 518 1671 547 erat
1691 516 1780 545 ante
1819 502 1889 543 de-

431 584 582 613 cretum
603 571 756 619 latum:,
794 584 886 610 nam
902 585 973 626 pro
994 570 1125 625 regula
1160 582 1360 626 receptum
1382 569 1422 608 in
1443 567 1531 607 foro
1549 576 1607 606 est
1625 593 1637 610 ‚
1663 561 1777 618 quod
1802 561 1888 602 licet

433 629 635 671 decretum
669 629 807 683 quoad
852 641 980 685 partes
1013 640 1187 670 transeat
1238 629 1278 667 in
1308 627 1535 683 judicatum
1566 656 1578 673 ‚
1613 636 1725 664 secus
1754 632 1887 660 tamen

430 701 487 730 est
517 685 883 744 quoadjudicem.
915 688 969 729 Ita
1003 688 1270 729 ratiocinatur
1307 685 1537 728 Mandosius
1573 682 1613 724 in
1635 677 1889 745 formui3125.

437 745 724 788 Commissionis
744 775 754 793 ‚
786 745 826 786 in
847 747 975 788 verbo
992 747 1194 796 admittat,
1232 758 1268 787 et
1284 746 1380 788 Rota
1413 743 1453 785 in
1467 744 1642 786 Romana
1665 751 1889 798 pecuniarza

435 821 572 848 coram
590 805 801 846 Cardinali
820 806 943 848 Platto
965 806 1038 861 (1)
1053 828 1065 848 .·
1436 841 1440 842 γ
1473 827 1481 833 ·

557 867 759 922 Denegata
803 863 945 906 iterum
980 864 1262 921 supersessoria
1307 863 1356 904 ab
1392 862 1588 904 Auditore
1624 861 1894 917 Signaturae,

438 924 550 967 aliud
576 936 613 965 et
642 922 814 979 suppetit
846 924 1066 965 remedium
1084 954 1096 971 ,
1137 939 1230 965 narn
1256 936 1439 964 recursus
1473 921 1516 961 fit
1546 935 1682 962 coram
1708 919 1895 959 Eminen-

438 982 586 1023 tissimo
607 982 806 1021 Praefecto
825 1011 836 1029 ‚
869 996 907 1022 et
926 982 1061 1023 citatio
1077 1013 1089 1030 ‚
1105 982 1268 1038 praevia
1288 978 1579 1034 subscriptione
1598 1010 1610 1027 ‚
1645 992 1748 1032 quae
1769 974 1896 1033 appel-

438 1039 554 1080 latur2
563 1038 708 1095 poterit
731 1039 811 1093 legi
829 1068 837 1082 ,
874 1039 974 1094 parti
995 1039 1276 1080 transmittitur
1306 1038 1410 1078 hisce
1431 1034 1565 1082 verbis
1584 1049 1776 1094 concepta
1795 1064 1806 1076 .

624 1095 937 1138 Eminentissimo
957 1095 1190 1154 Signaturae
1203 1095 1383 1144 Iustitiae
1416 1093 1692 1147 Praefectomet
1709 1126 1719 1136 .

559 1155 709 1197 Citetur
734 1155 788 1195 N.
805 1153 859 1196 N.
896 1171 947 1196 ex
964 1157 1120 1198 adverso
1144 1153 1370 1212 principalis
1395 1155 1449 1195 ad
1471 1151 1679 1194 videndum
1700 1186 1712 1203 ,
1737 1153 1897 1210 praevia

441 1226 629 1274 quatenus
659 1229 751 1270 opus
774 1214 823 1255 sit
838 1214 1091 1271 repositione,
1123 1213 1301 1256 mandari
1333 1211 1572 1269 supersederi
1604 1228 1720 1267 usque
1747 1214 1804 1252 ad
1811 1213 1900 1269 pri-

441 1289 544 1316 mam
566 1303 578 1321 ,
602 1286 689 1329 post
717 1273 943 1328 proximam
965 1302 978 1320 ,
1006 1275 1261 1331 Signaturam
1279 1302 1308 1330 ,Δ
1328 1283 1364 1312 et
1395 1270 1546 1312 interim
1576 1270 1741 1312 inhiberi
1759 1272 1901 1313 adsta-

441 1334 507 1376 tim
527 1366 538 1383 ‚
568 1348 635 1386 seu
654 1331 708 1372 ad
716 1331 887 1388 primam
904 1331 1001 1372 diem
1022 1364 1033 1381 ‚
1067 1348 1104 1373 ec
1129 1331 1281 1374 interim
1318 1331 1631 1387 quandocumque
1650 1357 1663 1377 ,
1696 1344 1744 1371 ne
1760 1331 1902 1372 audeat

444 1393 603 1448 aliquod
620 1392 841 1432 mandatum
870 1390 1058 1447 suscipere
1073 1423 1086 1440 ,
1115 1407 1185 1432 aut
1201 1400 1415 1446 susceptum
1447 1387 1723 1445 exequifacere
1741 1402 1811 1430 etc.
1832 1400 1902 1432 aut

446 1452 649 1509 quidquam
678 1464 835 1508 prorsus
850 1450 1035 1490 innovare
1052 1481 1064 1499 ,
1093 1450 1152 1490 vel
1163 1460 1350 1490 attentare
1365 1449 1432 1489 suh
1460 1447 1598 1505 poenis
1613 1458 1685 1490 etc.
1705 1459 1899 1490 scutorum

447 1521 550 1565 500.
570 1542 582 1560 ‚
612 1523 647 1551 et
673 1507 761 1550 aliis
777 1508 935 1550 arbitrio
952 1507 1261 1550 Eminentissimi
1281 1507 1465 1556 Domini,
1488 1518 1526 1549 et
1539 1508 1729 1549 decretum
1759 1508 1813 1549 ad
1822 1508 1903 1565 pri·

443 1585 548 1612 mam
571 1569 666 1610 diem
692 1577 765 1610 etc.
795 1566 963 1609 Instante
981 1568 1034 1609 IV.
1061 1566 1117 1608 N.
1148 1566 1359 1624 principali
1377 1599 1390 1616 ,
1427 1566 1504 1617 sive
1518 1576 1591 1608 etc.
1610 1568 1666 1608 N.
1687 1567 1899 1609 Notarius.

567 1630 807 1684 Supremum
837 1642 931 1669 vero
949 1627 1193 1684 praesidium
1211 1640 1318 1669 extat
1351 1641 1471 1683 penes
1492 1625 1736 1668 Auditorem
1763 1626 1907 1668 Ponti-

447 1687 528 1729 ficis
545 1718 557 1736 ‚
595 1685 715 1738 cuius
730 1685 942 1728 facultates
976 1685 1234 1744 amplissimae
1252 1698 1346 1727 sunt
1363 1717 1377 1735 ,
1395 1686 1497 1728 itaut
1512 1686 1771 1742 porrigantur
1787 1686 1907 1729 etiam

448 1760 569 1802 supra
606 1745 787 1786 eamdem
813 1745 1097 1801 Signaturam,
1125 1758 1163 1787 et
1192 1745 1361 1802 proinde
1393 1760 1479 1785 nor:
1521 1744 1717 1786 immerito
1757 1745 1908 1800 pluries

449 1804 576 1845 eidem
609 1805 730 1861 legem
747 1805 997 1860 praescripsit
1029 1805 1071 1845 in
1092 1807 1210 1855 rebus
1235 1803 1488 1859 potissimum
1511 1832 1524 1849 ‚
1568 1817 1671 1857 quae
1702 1817 1751 1845 ex
1775 1804 1908 1845 abusu

452 1864 494 1904 in
524 1863 655 1905 stilum
692 1862 982 1911 adoleverunt3
1016 1877 1098 1917 qua
1124 1862 1166 1901 in
1202 1875 1242 1902 re
1269 1875 1518 1917 summopere
1549 1860 1781 1903 laudandus
1828 1860 1911 1905 fuit

451 1920 731 1978 integerrimus
772 1920 944 1976 justitiae
984 1933 1132 1970 stator,
1180 1918 1611 1975 Jurisprudentiaeque
1656 1921 1778 1959 decus
1805 1949 1818 1966 ‚
1861 1934 1908 1962 ac

449 1979 721 2039 praesidium,
754 1978 1085 2036 Argenvillieres‚
1123 1980 1176 2019 ad
1205 1974 1497 2018 Cardinalatus
1530 1979 1682 2032 apicem
1715 1988 1907 2030 evectus,

452 2039 522 2095 qui
540 2037 685 2096 gloriae
716 2052 811 2079 suae
829 2038 920 2080 satis
957 2037 1164 2080 consuluit
1201 2035 1243 2076 in
1263 2035 1363 2083 rite,
1396 2034 1586 2090 recteque
1621 2037 1801 2092 gerendo
1820 2052 1908 2080 mu-

429 2140 431 2143 r
453 2111 544 2139 nere
578 2096 890 2139 Pro-Auditoris
907 2095 1103 2137 Pontificii
1123 2124 1133 2134 .

569 2156 607 2197 Si
627 2170 762 2198 autem
779 2169 850 2195 nec
865 2153 1033 2194 facultas
1052 2154 1103 2194 ab
1122 2152 1262 2194 eodem
1283 2152 1529 2195 concedatur
1551 2154 1730 2196 adeundi
1749 2157 1908 2212 plenam

453 2214 708 2269 Signaturam
723 2242 736 2260 ,
762 2225 800 2254 et
817 2210 986 2268 proinde
1024 2226 1095 2254 nec
1115 2211 1396 2269 supersessoria
1415 2243 1428 2261 ‚
1462 2224 1560 2256 tunc
1580 2214 1627 2255 de
1659 2214 1765 2256 facto
1780 2229 1909 2272 potest

455 2285 542 2312 eam
568 2274 738 2329 quisque
760 2271 868 2312 adire
886 2302 900 2320 ,
929 2285 1069 2313 verum
1105 2271 1146 2312 in
1167 2286 1262 2313 casu
1281 2273 1604 2315 succumbentiae
1642 2272 1750 2315 alteri
1768 2274 1909 2317 colliri-

457 2330 567 2386 ganti
585 2330 779 2373 solvenda
798 2342 894 2372 sunt
911 2343 1023 2373 scuta
1042 2343 1219 2386 quatuor
1236 2346 1309 2386 pro
1327 2331 1508 2387 expensis
1525 2364 1538 2382 ,
1570 2346 1616 2374 ut
1632 2346 1737 2389 patet
1753 2348 1804 2376 ex
1819 2335 1911 2377 Edi-

459 2401 518 2430 Cto
550 2389 638 2431 Effii
664 2388 900 2445 Signaturae
929 2389 1146 2440 Praefecti,
1182 2389 1304 2432 relato
1334 2389 1377 2429 in
1405 2388 1581 2433 Bullario
1614 2392 1832 2434 Clementis
1848 2406 1910 2435 xx.

1806 2452 1911 2492 Ver-

462 2520 1393 2535 ——————
1401 2503 1552 2536 ‘h
1708 2522 1908 2538 -ᾘ

501 2548 553 2590 (x)
576 2549 720 2590 Impress.
732 2549 816 2592 apud
830 2548 1030 2583 Marchesaa.
1046 2548 1084 2582 de
1109 2550 1272 2584 Commiss.
1285 2551 1392 2585 nullit.
1409 2560 1509 2585 sanat.
1533 2561 1566 2594 p.
1586 2561 1617 2593 3.
