1993 3195
628 297 657 329 A
702 296 726 328 Ρ
768 297 792 329 P
834 297 857 329 E
902 298 934 330 N
974 299 1007 331 D
1045 300 1058 331 1
1102 298 1130 332 X
1561 300 1605 340 69

146 345 252 384 vantia
277 340 505 388 precipimus,
533 349 570 376 ut
588 341 617 375 in
646 342 793 377 futurum
824 354 886 375 non
919 345 1137 378 admittantur
1163 345 1397 379 Procuratores
1419 345 1506 386 apud
1522 355 1603 384 acta,

146 394 206 430 nisi
233 400 268 426 ut
296 402 394 435 supra
411 391 586 435 approbati
609 402 618 429 ς
657 390 855 434 approbatio
881 391 984 429 vero,
1016 400 1048 424 et
1064 393 1220 425 admissio
1243 394 1298 426 fiat
1317 391 1606 437 quotiescumque,

145 451 180 478 et
206 442 488 485 quandocumque
515 442 555 473 de
580 438 701 472 debitis
727 437 894 484 requisitis
927 438 1140 473 constiterit.
1169 440 1235 472 Pro
1262 439 1299 472 iis
1327 440 1413 472 vero
1449 439 1608 473 Procura-

144 490 300 527 toribus,
325 487 382 532 qui
408 489 474 527 jam
498 486 644 521 officinm
675 496 854 526 exercent,
884 487 1110 532 injungimus,
1140 486 1277 520 utintra
1306 487 1484 521 terminum
1514 487 1608 532 quin-

144 539 253 574 decim
283 536 416 571 dierum
445 538 460 570 ἐι
489 535 716 580 publicatione
741 535 979 580 praesentium‚
1011 535 1206 580 Superiores
1225 559 1235 574 ‚
1271 536 1311 569 ad
1329 546 1411 580 quos
1439 537 1608 574 huiusmo-

143 587 178 622 di
210 585 406 630 approbatio
425 608 434 623 ‚
462 594 493 617 et
510 584 666 618 admissio
692 594 844 628 spectat,
877 585 1139 618 notificationem
1171 583 1370 628 publicent,
1398 583 1490 628 quod
1516 584 1607 618 exin-

144 639 185 671 de
211 644 286 679 post
313 632 492 665 terminum
525 634 669 666 duorum
712 634 873 667 mensium
892 656 901 671 ,
931 633 962 666 in
988 632 1127 678 singulis
1160 632 1343 677 respective
1371 631 1607 665 Tribunalibus

147 696 212 719 non
237 680 456 716 admittantur
487 679 752 719 Procuratores,
779 681 836 725 qui
865 692 928 714 non
957 681 1081 715 fuerint
1124 681 1286 720 Rotales,
1316 680 1368 715 vel
1398 679 1608 725 particulari-

145 737 206 774 ιρις·
221 727 396 774 approbati
416 752 426 767 ,
457 727 644 773 respective
661 752 672 768 ,
701 737 739 762 ut
764 741 863 773 supra
879 740 889 768 ;
906 740 1007 773 prout
1021 730 1092 764 Nos
1110 731 1301 764 mandamus
1319 741 1374 763 eos
1401 731 1418 763 a
1448 729 1610 762 Procura-

144 780 226 816 toris
248 776 360 812 officio
385 777 576 815 removeri,
605 786 637 810 et
677 778 862 820 respective
907 788 969 810 non
1006 777 1166 817 admitti,
1193 777 1292 811 etiam
1329 789 1404 812 cum
1448 788 1609 812 consensu

143 826 314 875 partium,
342 825 397 870 qui
430 825 514 860 intra
541 825 669 859 dictum
696 825 880 860 terminum
923 837 987 859 non
1028 826 1304 870 comparuerint,
1333 825 1385 859 vel
1418 834 1610 869 comparen-

142 886 191 912 tes
214 885 316 919 super
343 873 542 918 praemissis,
573 874 675 917 veluti
709 873 820 908 idonei
850 874 1024 919 approbati
1056 886 1120 909 non
1145 873 1299 914 fuerint;
1325 886 1423 919 quam
1444 873 1610 908 exclusio-

143 937 245 963 nem,
269 932 302 957 et
332 923 518 967 respective
546 934 608 956 nou
639 922 874 958 admissionem
904 931 967 955 non
1001 921 1111 957 solum
1139 931 1325 966 exequatur
1351 922 1457 956 ludex
1485 933 1527 955 ex
1557 921 1608 954 of-

141 974 244 1012 ficio,
277 972 334 1006 sed
365 972 462 1006 etiam
492 983 554 1016 ope
583 970 976 1016 exceptionis;quaeque
997 971 1153 1015 deinceps
1184 982 1248 1005 una
1273 970 1315 1004 sit
1348 982 1413 1013 pra:
1435 969 1560 1005 caeteris
1587 970 1603 1003 a

142 1022 293 1067 partibus
324 1020 356 1054 in
379 1019 511 1054 Iudicio
540 1028 651 1053 contra
680 1019 935 1054 Procuratorem
968 1017 1138 1065 alleganda
1157 1043 1167 1058 ,
1195 1028 1228 1053 et
1257 1019 1484 1053 admittenda.

239 1069 478 1103 Procuratores
514 1068 597 1101 vero
631 1067 741 1101 idonei
771 1068 801 1101 in
830 1067 1066 1102 Tribunalibus
1099 1067 1297 1111 approbati,
1325 1077 1356 1101 et
1383 1066 1544 1105 admissi,
1573 1072 1610 1100 ut

141 1118 174 1152 in
209 1118 365 1151 omnibus
395 1118 434 1150 ad
466 1128 583 1150 eorum
617 1127 734 1150 munus
777 1115 1022 1160 spectantibus,
1053 1115 1250 1154 Iudicibus,
1290 1114 1342 1148 vel
1359 1113 1609 1152 Tribunalibus,

142 1176 255 1201 coram
284 1165 406 1210 quibus
441 1176 552 1199 causas
582 1173 706 1209 agunt,
733 1163 785 1197 vel
829 1162 1038 1203 defendunt,
1081 1163 1242 1197 rationem
1274 1163 1433 1201 reddant,
1473 1161 1610 1206 propria

141 1227 239 1249 manu
257 1238 267 1253 ,
295 1222 327 1247 et
356 1216 546 1247 charactere
571 1211 778 1246 subscribant
801 1220 864 1246 tam
895 1211 1099 1256 scripturas,
1129 1223 1229 1256 quam
1252 1211 1457 1250 summaria,
1483 1219 1515 1243 et
1548 1208 1612 1242 ori-

141 1262 262 1309 ginalia
285 1272 399 1296 eorum
427 1262 452 1295 si
476 1260 566 1307 typis
600 1260 758 1304 impressa
787 1259 938 1298 fuerint,
978 1272 1049 1304 quae
1078 1260 1155 1304 ipsis
1187 1259 1417 1293 Iudicantibus
1434 1258 1608 1298 exhibent;

142 1311 190 1346 illi
222 1319 333 1344 autem
367 1309 423 1354 qui
452 1310 523 1344 sine
550 1308 685 1353 propria
714 1307 956 1353 subscriptione
986 1308 1017 1342 i'n
1045 1308 1219 1351 scripturis
1239 1319 1358 1342 nomen
1388 1319 1483 1342 suum
1510 1317 1612 1352 appo-

141 1360 173 1393 ni
202 1359 428 1402 permittunt,
452 1357 557 1390 sciant
588 1359 628 1391 ab
658 1356 736 1400 ipsis
765 1358 934 1395 rationes,
960 1368 992 1391 et
1024 1368 1135 1402 poenas
1176 1358 1247 1391 fore
1283 1356 1485 1401 exigendas,
1516 1355 1541 1389 si
1576 1355 1607 1388 iu

140 1405 311 1451 scripturis
344 1404 447 1438 fuerit
465 1404 624 1439 delictum
654 1406 899 1449 deprehensum
916 1429 926 1438 .
1442 1436 1443 1439 ,

144 1451 153 1471 f
237 1455 322 1489 Tum
356 1452 387 1487 in
419 1452 562 1487 dicendo
579 1477 589 1492 ,
618 1464 693 1486 cum
722 1452 755 1485 in
780 1452 957 1486 scribendo
973 1453 1210 1489 Procuratores
1235 1466 1398 1488 summam
1426 1452 1528 1487 animi
1545 1462 1614 1486 mo-

138 1502 344 1539 derationem
364 1526 374 1542 ,
401 1511 432 1535 et
461 1501 655 1536 modestiam
671 1524 681 1538 ,
711 1509 747 1534 ut
762 1501 857 1535 decet
872 1524 883 1540 ‚
918 1500 1123 1537 adhibeant.
1160 1503 1191 1537 Si
1212 1503 1292 1548 quid
1309 1505 1383 1543 jure
1399 1500 1614 1546 expostulan-

137 1553 219 1587 dum
236 1576 245 1591 ‚
272 1549 323 1586 vel
349 1552 622 1595 conquerendum
646 1552 805 1584 adversus
844 1549 980 1584 alteram
1014 1562 1053 1585 ex
1099 1551 1272 1595 partibus,
1299 1551 1378 1595 ipsis
1409 1550 1611 1594 contingat,

137 1601 250 1646 potius
272 1599 422 1634 modeste
445 1609 558 1633 coram
573 1598 691 1632 Iudice
719 1607 993 1643 conquerantur,
1021 1610 1119 1643 quam
1146 1598 1301 1638 injurias,
1329 1609 1362 1632 et
1389 1596 1610 1632 contumelias

138 1658 324 1693 reponant,
356 1659 394 1681 ne
422 1646 565 1692 speciem
605 1645 759 1682 vindictae
786 1647 913 1680 referre
932 1646 1107 1682 videantur
1125 1673 1135 1683 .
1162 1649 1197 1681 In
1221 1647 1337 1681 iisdem
1368 1647 1452 1680 vero
1480 1645 1609 1683 causis,

137 1709 295 1743 personas
322 1703 386 1730 tam
414 1694 639 1739 principales,
672 1706 768 1740 quam
786 1694 974 1728 defensores
1001 1695 1193 1735 criminari,
1223 1707 1331 1739 eoque
1351 1694 1452 1740 magis
1480 1703 1611 1739 satyras

135 1756 223 1779 voce
241 1768 251 1784 ,
285 1742 338 1778 vel
364 1745 488 1789 scripto
516 1754 719 1787 componere
738 1767 747 1781 ,
776 1741 880 1776 veluti
905 1752 1004 1787 grave
1019 1743 1178 1778 delictum
1207 1744 1372 1788 condigna
1404 1754 1523 1787 poena‚
1550 1752 1612 1786 pro

136 1794 240 1829 modo
279 1791 383 1837 culpae
397 1816 407 1832 ,
437 1791 595 1838 puniatur
614 1792 654 1825 ab
673 1790 750 1837 ipsis
767 1791 937 1826 Iudicibus
951 1813 961 1830 ‚
991 1794 1044 1826 vel
1061 1791 1297 1827 Tribunalibus
1312 1815 1323 1831 ‚
1355 1802 1469 1826 coram
1486 1789 1608 1838 quibus

136 1852 243 1877 causae
260 1849 406 1886 aguntur
425 1865 434 1874 .

233 1890 364 1935 Stylum
382 1889 568 1933 respective
585 1889 766 1924 Curiarum
783 1890 1020 1925 Procuratores
1037 1891 1157 1925 sedulo
1174 1893 1367 1929 observent,
1385 1899 1450 1924 tam
1469 1889 1499 1923 in
1515 1886 1614 1923 exhi-

136 1939 250 1973 bendis
266 1962 275 1977 ,
305 1950 402 1983 quam
424 1938 454 1972 in
472 1938 695 1982 producendis
727 1962 737 1978 ,
779 1947 812 1972 et
836 1940 1123 1974 communicandis
1163 1940 1293 1979 juribus
1311 1963 1320 1977 ,
1351 1947 1383 1972 et
1408 1937 1584 1983 scripturis
1601 1958 1613 1968 .

135 1986 169 2019 Si
183 1986 238 2030 qui
255 1998 337 2021 vero
352 1987 437 2021 clam
457 2011 466 2026 ,
483 1986 534 2021 vel
551 1998 591 2020 ex
606 1986 792 2031 improviso
805 2011 815 2026 ‚
832 1984 883 2021 vel
901 1998 976 2032 post
997 1998 1127 2032 tempus
1146 1987 1409 2022 determinatum
1426 2009 1436 2025 ,
1467 1985 1612 2030 scriptu-

135 2045 186 2069 ras
204 2035 377 2070 Iudicibus
393 2035 634 2074 exhibuerint,
663 2045 698 2069 ut
712 2038 830 2070 dolose
857 2047 980 2080 partem
1019 2036 1154 2071 alteram
1185 2035 1473 2074 circumveniant,
1492 2044 1526 2069 et
1559 2044 1614 2066 ve*

137 2083 266 2117 ritatem
293 2083 517 2123 obnubilent,
545 2092 578 2117 et
593 2083 791 2121 involvant,
810 2086 1014 2119 sicutetiam
1041 2085 1099 2129 qui
1121 2086 1322 2130 legalitatem
1353 2083 1384 2118 in
1405 2085 1516 2117 officio
1536 2083 1615 2116 Pro-

135 2130 298 2166 curatoris
330 2143 394 2166 non
411 2139 569 2169 servant,
594 2132 651 2164 sed
667 2131 832 2166 Iustitiam
857 2156 866 2170 ‚
908 2142 941 2166 et
955 2133 1131 2167 veritatem
1160 2137 1354 2168 subvertere
1385 2133 1549 2171 student,
1582 2136 1616 2163 et

138 2178 291 2213 nituntur
309 2179 362 2218 ‚si
380 2191 525 2223 unquam
558 2178 750 2218 hujusmodi
778 2179 925 2222 pestiferi
957 2181 1106 2214 homines
1150 2181 1181 2214 in
1212 2190 1324 2214 nostra
1354 2181 1462 2214 Curia
1489 2180 1613 2215 fuerint

137 2229 255 2270 (quod
284 2238 349 2261 non
381 2226 575 2270 credimus)
615 2237 677 2269 pro
709 2230 810 2260 modo
843 2228 950 2271 culpae
987 2228 1144 2273 gravibus
1172 2229 1277 2273 poenis
1304 2228 1442 2263 omnino
1478 2229 1616 2275 punian-

136 2282 214 2313 tur,
254 2276 341 2310 ultra
363 2287 424 2309 reas
455 2299 465 2314 ,
507 2284 579 2319 quae
609 2273 824 2308 continentur
850 2274 881 2308 in
910 2277 1221 2312 Constitutionibus
1254 2277 1486 2321 Apostolicis.
1518 2277 1614 2322 Qo-

137 2322 224 2356 niam
249 2325 331 2358 verb
359 2322 493 2368 expedit
527 2321 636 2366 utqui
666 2320 697 2354 in
726 2321 838 2355 officio
871 2322 1066 2366 delinquunt
1094 2348 1104 2363 ,
1145 2327 1183 2359 ab
1210 2324 1322 2358 officio
1353 2333 1613 2360 removeantur,

137 2370 295 2405 omnibus
318 2395 330 2411 ‚
369 2380 402 2406 et
436 2370 575 2415 singulis
608 2369 853 2404 Tribunalibus
877 2394 886 2409 ,
928 2379 962 2404 et
988 2371 1160 2406 Iudicibus
1186 2396 1196 2411 ,
1237 2373 1335 2407 etiarn
1374 2371 1614 2408 inferioribus,

138 2418 330 2455 facultatem
361 2419 570 2463 impartimur
597 2418 817 2462 suspendendi
855 2419 893 2452 ad
925 2427 1054 2463 tempus
1081 2443 1091 2456 ,
1126 2418 1178 2453 vel
1211 2421 1375 2464 perpetuo
1420 2415 1615 2464 removendi

140 2470 181 2502 ab
221 2466 333 2500 officio
373 2466 603 2501 procuratoris
629 2491 638 2506 ‚
678 2475 710 2498 et
741 2465 870 2499 delendi
919 2478 1034 2501 eorum
1073 2479 1192 2501 nomen
1223 2470 1240 2502 a
1268 2468 1355 2503 libro
1384 2468 1414 2503 in
1447 2482 1513 2517 quo
1540 2473 1616 2505 sunt

142 2514 302 2561 descripti
331 2539 341 2556 ,
369 2526 408 2550 ex
436 2513 611 2550 informata
641 2524 758 2549 eorum
789 2514 1013 2555 conscientia,
1058 2518 1181 2563 absque
1205 2528 1389 2563 processu,
1413 2528 1446 2554 et
1474 2517 1617 2566 appella·

1557 2577 1617 2601 tto-
