1952 3167
347 307 430 350 116
631 308 710 348 DE
735 309 868 355 JURE
898 308 1236 355 SlGNATURAE
1264 312 1518 361 JUSTlTlAE

336 367 581 423 scripserunt
601 368 826 411 Marcellus
841 372 1292 428 Seuer-olusssignaturae
1310 371 1492 426 Justitiae
1507 371 1802 417 Decanus‚ma-

340 426 409 480 gni
430 425 607 471 nominis
624 427 948 476 Jurisconsultus
969 461 980 478 ‚
1007 446 1043 473 ct
1070 433 1233 489 Prosper
1265 432 1561 480 Lambertinus,
1598 443 1696 471 tunc
1728 431 1800 472 Sa-

347 497 436 527 crae
461 487 764 530 Consistorialis
790 489 918 531 Aulac
939 491 1176 534 Advocatus
1194 491 1484 538 disertissimus,
1502 489 1644 531 deinde
1662 490 1802 531 Ponti-

334 541 401 586 fex
422 545 661 590 Benedictus
685 561 776 589 x1v.
805 550 856 591 Et
883 549 977 604 quia
996 581 1008 599 ,
1040 551 1208 592 instante
1235 551 1373 591 carolo
1406 549 1522 589 Ceri-0
1555 546 1794 604 Signaturae

337 601 539 648 Auditore
559 636 571 653 ‚
603 607 774 662 plurima
795 608 943 650 motiva
964 640 975 657 ‚
1002 623 1040 652 et
1058 608 1147 662 jura
1172 606 1530 660 extrajudicialiter
1549 606 1659 648 dedit
1675 607 1798 648 Fran-

338 660 458 706 ciscus
475 667 612 708 Maria
635 667 930 714 Constantinus,
962 668 1110 710 idcirco
1130 666 1275 708 deinde
1293 666 1489 723 peculiare
1506 678 1646 709 votum
1664 664 1704 704 in
1723 666 1797 706 hac

338 726 609 767 controversia
637 725 821 769 exaravit
839 756 852 775 ,
886 725 1041 768 editum
1060 728 1100 768 in
1120 726 1306 767 volumine
1322 725 1433 767 tertio
1455 725 1636 769 Votorum
1671 723 1798 766 decisi-

333 793 464 825 vorum
485 783 546 838 (Ι)
566 800 577 834 ;
616 796 653 826 et
672 785 773 826 inter
792 799 944 829 caetera
968 798 1202 843 argumenta
1233 786 1348 828 refert
1368 813 1381 833 ‚
1407 799 1490 825 non
1509 785 1662 827 obstare
1681 784 1797 837 quod

329 838 542 891 Signatum
563 844 679 900 plena
697 844 881 896 Justitiae
902 860 985 887 non
1019 845 1208 886 rescribat
1227 843 1267 884 in
1287 843 1435 886 Causis
1468 844 1595 885 solum
1627 842 1794 885 recurri-

330 897 474 943 bilibus
497 931 509 949 ,
545 918 593 944 ex
612 918 658 944 eo
679 904 777 957 quia
800 919 887 945 non
920 904 1098 960 procedit
1114 916 1164 944 ex
1187 902 1345 945 defectu
1371 902 1688 957 jurisdictionis,
1723 901 1791 944 sed

329 969 377 996 ex
396 961 588 1011 peculiari
609 962 870 1004 Summorum
907 963 1146 1005 Pontificum
1183 959 1359 1012 jussione
1378 992 1391 1010 ,
1430 974 1513 1013 qua
1551 960 1793 1016 litigantium

326 1015 487 1058 utilitati
508 1017 766 1072 potissimum
786 1019 1014 1062 consulitur
1030 1051 1043 1068 ‚
1079 1019 1129 1058 ne
1145 1031 1364 1073 graventur
1381 1017 1563 1073 expensis
1589 1018 1632 1059 in
1663 1019 1793 1062 causis

327 1074 509 1116 modicae
527 1090 704 1118 summae
725 1108 738 1126 ,
773 1091 812 1120 et
830 1078 914 1120 illae
933 1078 1108 1121 valorem
1141 1074 1194 1115 rei
1216 1106 1229 1123 ‚
1264 1075 1312 1117 de
1336 1090 1419 1131 qua
1457 1077 1615 1133 agitur,
1652 1078 1795 1121 absor-

327 1131 452 1174 beant
475 1148 486 1182 ;
522 1150 594 1176 nec
614 1135 752 1177 inferri
771 1152 818 1179 ex
839 1153 886 1179 eo
904 1151 1060 1195 potest,
1096 1134 1210 1190 quod
1226 1134 1256 1173 si
1276 1134 1329 1175 A.
1359 1135 1412 1176 C.
1431 1132 1475 1174 in
1513 1134 1792 1186 admittendo,

325 1191 387 1233 vel
408 1192 649 1249 denegando
669 1209 875 1245 recursum
892 1230 904 1247 ,
937 1196 977 1237 in
1015 1190 1203 1251 praefatis
1235 1191 1383 1234 Causis
1414 1192 1665 1248 gravaverit,
1703 1208 1790 1236 non

322 1251 478 1304 possint
496 1253 691 1308 litigantes
709 1269 911 1298 recurrere
934 1256 986 1296 ad
1004 1250 1374 1295 Eminentissimum
1390 1250 1637 1293 Praefectum
1653 1251 1790 1308 Signa-

318 1319 434 1350 turae
455 1310 638 1362 Justitiae
655 1343 668 1360 ,
707 1311 858 1356 illiusve
879 1314 1119 1355 Auditorem
1139 1341 1149 1351 .

442 1369 493 1410 Et
511 1370 702 1424 quamvis
735 1372 946 1414 Innocent.
987 1386 1065 1415 x11.
1100 1369 1403 1412 Constitutione
1434 1370 1504 1425 67·
1540 1369 1784 1423 decreverit,

322 1423 480 1470 Causas
498 1428 750 1470 recurribiles
768 1461 781 1479 ,
812 1433 981 1485 quando
1003 1446 1086 1471 non
1107 1429 1306 1470 excedant
1321 1443 1433 1471 scuta
1455 1440 1527 1482 50.
1547 1461 1559 1479 ,
1594 1430 1787 1472 definien-

318 1484 387 1526 das
418 1502 499 1528 esse
520 1500 542 1526 a
572 1485 717 1539 Judice
754 1503 974 1539 recursus;
1009 1502 1182 1531 attamen
1208 1485 1484 1530 Constantinus
1507 1503 1592 1529 non
1621 1490 1784 1531 obstare

315 1545 525 1588 contendit
543 1573 555 1591 ‚
587 1547 684 1601 quia
706 1547 853 1589 deduci
872 1563 919 1590 ex
939 1564 984 1590 ea
1016 1562 1100 1589 non
1119 1560 1273 1604 potest,
1305 1548 1419 1602 quod
1439 1549 1544 1603 Papa
1566 1546 1782 1590 Cardinali

315 1602 520 1647 Praefecto
536 1635 549 1652 ‚
583 1619 628 1645 ac
645 1605 720 1648 sibi
737 1606 807 1662 ipsi
827 1607 999 1650 voluerit
1020 1607 1193 1649 adimere
1223 1603 1545 1656 jurisdictionem
1575 1619 1697 1663 super
1717 1620 1784 1649 re-

312 1675 455 1703 cursus
472 1661 714 1706 admissione
730 1695 743 1714 ‚
774 1665 834 1708 vel
852 1664 1065 1719 rejectione
1080 1696 1091 1713 ‚
1110 1679 1193 1707 non
1213 1663 1300 1718 jure
1318 1665 1422 1708 facta

430 1721 741 1766 Observantiam
756 1739 848 1780 prae
861 1726 1027 1769 caeteris
1041 1722 1224 1771 validum
1234 1724 1551 1768 fundamentum
1565 1725 1781 1767 constitue·

312 1793 352 1820 re
371 1807 383 1827 ‚
421 1781 477 1822 ait
493 1781 682 1825 laudatus
699 1783 857 1826 Auctor
876 1814 890 1834 ,
918 1801 963 1826 ac
979 1801 1067 1827 earn
1086 1801 1134 1826 cx
1160 1786 1314 1825 actibus
1332 1781 1504 1837 publicis
1518 1810 1530 1829 ,
1563 1795 1600 1823 et
1630 1783 1781 1825 citatio-

312 1838 434 1881 nibus
455 1837 706 1892 judichriis,
729 1841 842 1882 factis
861 1841 1071 1884 occasione
1091 1839 1326 1896 hujusmodi
1342 1853 1580 1880 recursuum
1597 1842 1648 1882 ab
1667 1856 1779 1885 anno

315 1896 444 1952 1655.
465 1915 593 1956 usque
612 1899 664 1940 ad
690 1912 848 1954 tempus
879 1914 1008 1943 motae
1024 1898 1104 1944 litis
1126 1912 1262 1941 coram
1287 1896 1577 1941 Cardinalibus
1601 1900 1779 1943 Sacchet-

310 1965 351 1998 ἲο
381 1958 561 2005 seniore,
600 1958 725 2001 chisio
740 1991 754 2010 ‚
782 1972 820 2002 et
837 1960 1078 2002 cavallerino
1095 1956 1304 2001 Praefectis
1319 1986 1334 2004 ‚
1366 1971 1410 1996 ac
1434 1969 1575 1997 eorum
1602 1955 1778 2000 Audito-

308 2012 424 2056 ribus
439 2047 452 2065 ,
485 2017 580 2059 satis
601 2019 909 2073 comprobatam
932 2020 1053 2062 fuisse
1072 2035 1084 2069 ;
1111 2033 1130 2060 e
1149 2015 1261 2058 dictis
1276 2013 1383 2055 enim
1402 2013 1558 2056 actibus
1575 2014 1777 2071 dignosce-

309 2073 428 2114 batur
448 2075 693 2131 apertissime
714 2109 727 2127 ,
755 2078 860 2134 ipsos
881 2078 1104 2120 Praefectos
1122 2107 1136 2125 ,
1175 2087 1394 2127 eorumque
1417 2073 1635 2115 Auditores
1653 2089 1773 2132 super

306 2133 537 2177 recursibus
553 2136 787 2192 processisse
805 2150 891 2175 non
909 2134 1033 2175 modo
1052 2135 1095 2175 in
1117 2132 1265 2174 causis
1281 2131 1572 2174 Tribunalium
1587 2133 1739 2175 Vicarii
1758 2162 1772 2182 ,

293 2200 344 2231 tt
363 2189 662 2235 Gubernatoris
677 2191 801 2233 Urbis
815 2221 827 2240 ,
856 2205 1000 2234 verum
1015 2205 1052 2234 et
1067 2192 1109 2234 in
1129 2189 1200 2233 illis
1216 2189 1310 2232 dicti
1327 2189 1538 2233 Auditoris
1555 2191 1766 2235 Camerae.

424 2249 482 2292 At
499 2251 597 2305 quia
615 2250 680 2292 hic
699 2264 827 2292 sermo
860 2250 1031 2293 habetur
1057 2251 1104 2293 de
1124 2249 1272 2292 Causis
1291 2250 1593 2293 recurribilibus
1608 2282 1621 2299 ,
1650 2263 1689 2293 et
1707 2266 1775 2309 ap-

303 2305 554 2363 pellabilibus
572 2340 586 2358 ,
616 2309 844 2352 videndum
876 2310 996 2365 porro
1025 2309 1295 2353 existimamus
1310 2339 1323 2358 ,
1360 2323 1411 2349 an
1444 2310 1520 2351 ulla
1554 2310 1772 2354 intercedat

304 2361 528 2409 differentia
557 2367 700 2423 quoad
716 2380 829 2411 actus
849 2365 1088 2422 judiciales3
1122 2368 1307 2426 equidem
1329 2368 1633 2427 appellationem
1651 2369 1768 2420 inter,

1727 2441 1767 2471 et

1407 2498 1763 2516 *n—qssu

782 2499 938 2516 ψ

339 2551 396 2595 (1)
419 2555 488 2584 Vot.
507 2563 587 2596 351.
