1952 3167
279 312 325 359 38
657 306 718 342 DE
744 304 857 348 JURE
891 299 1170 340 SIGNATURAE
1196 300 1248 342 Ju
1267 298 1426 336 ST1T1AE

283 356 507 405 Collegium,
551 355 731 401 eidemque
758 363 946 391 convocato
985 363 1116 394 semper
1153 349 1284 386 assistat
1313 350 1353 384 ab
1375 358 1466 384 extra
1493 359 1555 393 pro
1585 347 1777 394 indigentiis

282 406 535 446 occurrentibus
565 430 574 440 .
613 406 777 441 Notarius
808 413 920 439 autem
950 408 1124 437 construat
1155 399 1358 435 Archivium
1400 397 1624 444 particulare,
1653 397 1684 432 in
1710 409 1777 443 quo

279 458 512 494 custodiantur
537 465 654 490 omnes
690 464 867 500 processus
896 452 1124 487 Dominnrum
1163 449 1388 483 admissorum
1423 450 1463 481 ad
1483 445 1777 482 Referendariatus

284 505 480 553 dignitatem
498 529 508 545 ‚
536 516 722 548 omnesque
749 505 927 547 scripturas
950 508 1188 535 concernentes
1220 496 1380 528 interesse
1405 495 1486 528 dicti
1520 493 1702 539 Collegii,
1728 497 1778 531 di.

284 564 408 600 ctoque
436 553 602 589 Archivio
630 553 705 588 duae
730 552 856 587 Claves
888 557 1099 594 apponantur
1117 569 1127 585 ‚
1178 554 1317 590 quarum
1354 554 1420 577 una
1457 543 1646 577 retineatur
1669 556 1688 578 a
1720 546 1779 581 Se.

284 604 430 640 cretario
455 614 517 649 pro
538 611 693 648 tempore
724 600 807 634 dicti
828 597 980 643 Collegii
1000 620 1010 637 ‚
1036 595 1139 630 altera
1171 606 1189 628 a
1218 594 1312 628 dicto
1333 592 1480 628 Notario
1496 590 1652 627 Archivii
1667 614 1677 625 .

800 647 863 681 Die
895 650 949 681 16.
979 644 1117 692 Aprilis
1149 645 1255 688 1676.

379 698 458 733 fuit
488 699 667 745 Signatura
696 695 842 739 Justitiae
876 706 991 731 coram
1019 692 1132 729 Emin.
1159 704 1196 727 ac
1219 692 1305 726 Rev.
1321 691 1369 725 D.
1391 690 1495 726 Card.
1522 688 1640 725 Flavio
1656 688 1780 725 Chisio

281 748 446 784 Praefecto
479 749 510 784 in
525 748 592 784 suis
618 746 770 786 aedibus,
800 757 838 781 ac
866 756 982 781 coram
1011 740 1278 781 Illustrissimis‚
1310 749 1343 775 et
1371 740 1568 778 Reverend.
1592 738 1676 775 DD.
1707 736 1779 775 Vo-

283 797 429 834 tantibus
446 820 456 831 .

378 845 501 881 Bussio
1082 840 1248 875 Ginnetto
1266 865 1277 875 .

380 895 483 929 Muto
510 895 553 929 de
568 892 768 940 Papazurris
781 915 792 927 .
1090 889 1241 923 Bernino
1256 911 1266 921 .

379 941 566 976 Bentivolo
583 964 594 974 .
1090 936 1230 978 Filicaja
1247 959 1257 970 .

380 989 527 1024 Zelonio

381 1036 424 1070 Et
448 1036 573 1072 deinde
598 1036 665 1071 fuit
693 1034 848 1070 omnium
867 1034 957 1069 votis
977 1033 1152 1069 decretum
1172 1056 1184 1072 ,
1217 1032 1311 1078 quod
1342 1031 1374 1066 in
1395 1038 1566 1077 posterum
1583 1042 1648 1065 non
1666 1032 1783 1069 admit.

288 1093 404 1123 tantur
431 1084 576 1132 amplius
604 1084 738 1120 Praelati
769 1084 799 1119 in
817 1084 1018 1130 Signatum,
1049 1091 1114 1118 tam
1138 1080 1185 1116 illi
1217 1082 1275 1127 qui
1293 1090 1409 1117 emunt
1426 1079 1562 1120 officia,
1591 1093 1690 1126 quam
1711 1081 1782 1122 alii,

286 1136 345 1182 qui
374 1145 517 1181 quoquo
544 1134 649 1169 modo
675 1134 834 1169 obtinent
847 1133 1061 1169 Praelaturam
1079 1155 1090 1172 ‚
1124 1130 1187 1167 nisi
1201 1131 1295 1176 prius
1319 1130 1351 1165 in
1375 1132 1487 1165 eadem
1509 1130 1685 1177 Signatum
1711 1131 1783 1166 fue-

287 1185 356 1220 rint
377 1183 513 1221 admissi
539 1185 577 1219 ad
602 1194 765 1223 examen,
794 1183 1019 1230 proponendo
1031 1182 1127 1220 juxta
1157 1191 1287 1214 morem
1323 1179 1404 1214 duas
1423 1179 1719 1220 Commissiones,
1746 1180 1781 1215 in

285 1234 395 1269 forma
427 1233 508 1279 ipsis
529 1231 739 1279 assignandas
759 1254 770 1271 ‚
801 1239 836 1266 et
849 1231 971 1266 fuerint
986 1228 1175 1264 successive
1203 1229 1372 1263 Votorum
1400 1228 1561 1274 suffragio
1589 1228 1782 1274 approbati,

286 1290 324 1318 et
357 1282 574 1328 praestiterint
590 1281 712 1316 deinde
737 1279 877 1315 solitum
894 1281 1120 1320 iuramentum
1135 1300 1145 1310 .

1133 1329 1252 1360 Mutus
1276 1326 1314 1359 de
1325 1325 1536 1372 ‘Papazurris
1550 1326 1755 1360 secretarius
1770 1347 1782 1358 .

385 1380 493 1426 Quod
523 1378 696 1414 decretum
726 1378 757 1412 in
777 1376 838 1412 alia
855 1376 1058 1423 Signatum,
1085 1373 1198 1410 habita
1225 1375 1287 1408 sub
1304 1374 1358 1408 die
1386 1384 1443 1418 23.
1460 1373 1586 1418 Aprilis
1608 1377 1710 1419 1576.
1724 1384 1784 1408 co-

276 1460 279 1463 ,
293 1441 363 1465 ram
378 1431 510 1463 ⁷eodem
530 1427 742 1462 Eminentiss.
777 1439 815 1462 ac
830 1426 1067 1461 Reverendiss.
1083 1424 1189 1459 Card.
1210 1422 1325 1458 Flavio
1341 1422 1465 1457 Chisio
1477 1423 1643 1457 Praefecto
1668 1421 1700 1457 in
1713 1421 1783 1458 suis

287 1479 414 1513 aedibus
431 1499 441 1515 ‚
465 1488 506 1510 ac
531 1475 661 1514 ulmis,
689 1484 724 1508 et
744 1475 839 1509 Rmis
868 1474 951 1507 DD.
974 1472 1200 1507 Votantibus.

385 1521 588 1559 Crescentio
615 1522 759 1557 Decano
776 1545 786 1556 .
1083 1518 1221 1555 Zelonio
1239 1543 1250 1552 .

383 1573 508 1606 Ursino
522 1595 533 1604 .
1085 1566 1273 1603 Bentivolo
1295 1592 1304 1602 .

381 1619 507 1655 Eussio
519 1641 530 1652 .
1087 1615 1235 1651 Bernino
1251 1639 1261 1649 .

382 1668 483 1703 Muto
514 1666 556 1701 de
575 1665 775 1711 Papazurris
790 1689 800 1699 .

434 1716 513 1751 Fuit
546 1715 692 1758 denique
721 1714 954 1749 confirmatum
986 1712 1140 1748 omnium
1173 1711 1299 1752 Votis,
1327 1712 1440 1748 habita
1466 1723 1569 1758 super
1594 1723 1635 1747 eo
1652 1720 1782 1749 antece-

285 1767 408 1803 ”denter
438 1773 571 1801 matura
595 1762 867 1799 consideratione
881 1787 892 1803 ,
913 1773 1028 1808 eoque
1042 1763 1141 1808 plene
1169 1762 1321 1797 discusso
1337 1785 1347 1795 .

1108 1816 1224 1845 Mutus
1251 1812 1289 1845 de
1319 1811 1524 1858 Papazurris
1552 1812 1781 1854 secretarius.

833 1861 896 1894 Die
926 1870 959 1894 2.
991 1861 1113 1895 Martii
1139 1866 1245 1906 1679.

387 1912 478 1947 Cum
500 1913 562 1947 sub
581 1911 636 1947 die
653 1921 708 1955 13.
725 1909 895 1946 Februarii
925 1911 1077 1954 proxime
1098 1910 1201 1955 elapsi
1221 1910 1253 1944 in
1269 1909 1545 1954 Congregatione
1559 1934 1569 1950 ‚
1584 1910 1697 1945 habita
1719 1910 1782 1945 irn-

289 1960 436 1996 mediate
464 1970 539 2007 post
554 1961 762 2008 Signaturam
778 1985 790 2001 ‚
804 1960 973 1995 Eminent.
1006 1971 1043 1995 ac
1062 1959 1147 1995 Rev.
1168 1961 1215 1994 D.
1232 1955 1338 1994 Car‘d.
1359 1959 1490 1995 Flavius
1510 1958 1651 1994 Chisius
1667 1967 1779 1994 noster

288 2009 469 2045 Prxfectus
495 2009 726 2056 proposuisset
757 2010 798 2045 de
816 2010 973 2044 mandato
1004 2010 1158 2045 Sanctiss.
1182 2010 1230 2044 D.
1258 2010 1304 2044 N.
1335 2009 1431 2054 Papae
1457 2007 1644 2044 innocentii
1660 2008 1720 2042 XI.
1737 2018 1777 2040 an

290 2069 481 2104 congruum
512 2059 710 2099 videretur,
739 2061 832 2106 quod
848 2057 991 2103 amplius
1021 2070 1088 2093 non
1104 2058 1371 2094 concederentur
1395 2068 1490 2093 extra
1510 2067 1688 2091 numerum
1715 2066 1777 2100 pro

291 2108 523 2161 propositione
542 2119 741 2149 causarum,
770 2119 968 2153 responsum
1002 2107 1094 2148 fuit,
1120 2119 1191 2142 esse
1221 2118 1294 2141 raro
1318 2106 1580 2149 permittendum
1598 2126 1611 2143 ,
1636 2113 1670 2139 et
1699 2116 1779 2139 non-

292 2165 356 2188 nisi
389 2166 423 2190 tn
444 2168 524 2191 casu
551 2157 754 2193 necessitatis
771 2181 781 2190 .

978 2208 1010 2233 et
1034 2200 1084 2233 ita
1108 2200 1246 2242 fuerunt
1274 2211 1384 2235 omnes
1408 2201 1610 2236 unanimiter
1624 2201 1657 2235 in
1674 2205 1755 2237 Vota
1770 2223 1781 2235 .

392 2249 554 2295 Cumque
584 2250 627 2284 de
650 2249 701 2284 his
730 2248 841 2284 dictus
870 2245 978 2282 Emin.
1005 2257 1038 2283 et
1053 2247 1143 2282 Rev.
1173 2248 1219 2283 D.
1238 2249 1343 2283 Card.
1377 2250 1557 2286 Praefectus
1584 2251 1780 2287 relationem

292 2297 412 2331 fecerit
438 2298 611 2333 Sanctitati
638 2299 736 2336 Suae,
773 2297 914 2342 ipseque
939 2296 1173 2330 sanctissimus
1205 2296 1351 2342 benigne
1378 2301 1530 2335 annuerit
1554 2324 1564 2340 ,
1595 2309 1628 2334 et
1656 2298 1782 2335 servari

295 2343 463 2381 mandavit
478 2369 489 2385 ‚
515 2358 553 2382 ac
567 2346 639 2382 fieri
664 2347 851 2381 Decretum
868 2369 879 2385 ,
920 2353 957 2379 ut
984 2345 1092 2379 Emin.
1107 2344 1154 2379 ait
1168 2367 1181 2384 ‚
1212 2347 1254 2380 de
1268 2346 1354 2382 vivae
1378 2349 1472 2384 vocis
1490 2348 1629 2384 oraculo
1644 2373 1653 2383 .

440 2394 524 2430 Ideo
552 2394 687 2431 insimul
729 2393 925 2440 congregati
970 2394 1001 2429 in
1040 2394 1314 2441 Congregatione
1348 2398 1457 2433 habita
1491 2398 1683 2434 immediate
1702 2402 1780 2443 post

300 2442 507 2489 signaturam
538 2443 627 2480 idem
657 2444 732 2479 Em.
763 2454 795 2480 et
813 2444 900 2479 Rev.
931 2443 979 2479 D.
1005 2443 1111 2479 Card.
1142 2443 1276 2480 Flavius
1300 2445 1437 2483 Chisius
1453 2447 1632 2485 Praefectus
1657 2449 1692 2485 in
1709 2444 1776 2482 suis

298 2492 421 2528 aedibus
438 2518 448 2533 ‚
475 2505 511 2529 ac
527 2493 700 2530 Illustriss.
715 2503 750 2530 et
769 2493 1005 2531 Reverendiss.
1022 2495 1070 2531 D.
1086 2494 1134 2529 D.
1149 2493 1311 2529 Votantes
1323 2519 1332 2528 .

395 2542 535 2578 Ursinus
550 2544 707 2582 Decanus
721 2567 732 2581 .
1134 2542 1360 2585 vincentinus
1378 2569 1389 2580 .

1635 2587 1775 2630 Bussius
