1952 3167
379 275 427 319 98
745 273 806 308 DE
832 273 943 315 JURE
971 273 1253 311 SIGNATURAE
1278 276 1491 317 JUSTITIAE

384 320 587 358 luberrimos
621 325 757 367 quoque
790 322 925 358 effectus
966 324 1123 358 hactenus
1163 336 1400 370 promanasse,
1427 326 1664 371 dignoscatur,
1692 325 1862 363 nihilomi-

385 382 446 406 nus
462 394 473 410 ,
501 379 537 405 ut
559 370 692 405 facilior
717 372 772 408 via
797 380 963 407 sternatur
987 371 1127 410 iustitiae
1155 373 1453 414 administrationi,
1482 386 1585 419 quum
1614 374 1791 419 expediens
1807 388 1863 410 no-

380 420 434 454 bis
464 419 575 454 visum
612 420 736 459 fuerit,
771 421 872 455 etiam
900 432 940 455 ex
976 421 1120 455 unanimi
1152 432 1249 456 sensu
1282 422 1431 460 eiusdem
1465 421 1617 468 Collegii
1638 423 1790 459 nonnulla
1821 437 1861 460 ex

381 467 450 503 illis
475 468 668 507 declarare,
695 478 806 515 atque,
830 468 1021 513 explicare-5
1061 469 1191 502 idcirco
1218 470 1307 502 facto
1337 471 1442 503 verbo
1471 481 1546 504 cum
1575 471 1788 507 Sanctissimo
1814 474 1860 507 D.

381 516 429 551 N.
446 516 632 552 Benedicto
662 518 758 552 XIV.
789 529 825 552 ac
842 519 885 550 de
916 515 990 549 illus
1020 516 1106 549 vivae
1130 515 1222 550 vocis
1239 516 1379 551 oraculo
1395 517 1601 552 declaramus
1617 542 1628 558 ,
1656 528 1688 553 et
1717 520 1863 565 explica-

383 576 457 599 mus
478 589 488 604 ,
509 577 547 600 ac
569 566 752 611 respective
779 565 991 609 praecipimus
1007 588 1016 603 ‚
1045 571 1077 597 et
1106 566 1299 598 mandamus
1319 588 1328 598 .

481 614 526 647 11.
627 614 732 658 Quod
764 611 1044 657 Supersessoriae,
1070 620 1103 645 et
1141 613 1397 659 prorogationes
1425 613 1457 647 in
1488 615 1634 649 secundo
1678 626 1720 649 ex
1759 614 1857 651 dictis

383 659 542 697 Decretis
572 662 747 707 designatae
777 662 817 696 ad
846 670 902 701 15.
931 660 1027 700 dies,
1058 672 1118 705 per
1144 661 1192 696 D.
1219 671 1370 697 nostrum
1411 661 1612 698 Auditorem
1640 664 1735 702 iuxta
1775 663 1861 698 anti-

380 719 482 753 quam
515 710 644 756 praxim
673 709 812 744 relative
842 711 881 744 ad
905 709 1095 755 Signaturas
1120 711 1369 750 concedantur3
1389 719 1484 746 curet
1500 719 1609 747 tamen
1628 712 1716 746 idem
1731 711 1776 746 D.
1793 713 1863 746 Au-

378 758 495 798 ditor,
526 759 715 794 inhaerendo
743 768 932 793 nostrorum
964 758 1252 794 Praedecessorum
1287 759 1439 799 Relictis,
1467 771 1564 795 unam
1593 769 1721 795 tantum
1742 761 1861 804 Super-

379 806 558 842 sessoriam
575 832 586 846 ,
613 817 646 842 et
673 808 944 853 prorogationem
970 817 1032 852 pro
1057 807 1235 847 cujuslibet
1264 819 1370 842 causae
1397 808 1626 852 propositione
1658 809 1856 849 concedere3

377 853 441 889 etsi
468 866 509 890 ex
544 855 721 901 legitima,
747 866 780 890 et
811 855 1046 902 urgentissima
1072 857 1226 895 ratione,
1259 858 1352 896 cujus
1380 856 1607 902 cognitionem
1635 856 1859 903 ejusvigilan·

372 903 426 937 tiae
455 905 725 943 committimus,
756 915 819 947 pro
844 903 904 939 alia
941 905 1181 950 prorogatione
1223 905 1409 940 instantiam
1448 906 1620 949 recipere,
1656 906 1858 950 quandoque

371 951 626 995 compellatur,
655 951 831 986 ulteriores
860 952 1036 987 citationes
1062 965 1126 988 non
1156 954 1368 989 attendantur
1383 953 1481 996 ,lnisi
1510 955 1550 988 ab
1568 965 1608 988 eo
1627 953 1754 988 fuerint
1774 964 1854 997 prae-

371 998 510 1033 ventive
536 999 756 1042 subscriptae,
784 1009 816 1035 et
842 1001 977 1045 signatae
1007 1013 1085 1036 cum
1111 1003 1235 1049 poterit
1264 1003 1356 1048 tegi;
1384 1013 1421 1037 ac
1455 1003 1494 1037 ad
1519 1002 1688 1037 evitandas
1705 1001 1858 1046 obrepti-

372 1046 435 1081 tias
462 1046 792 1088 circumventiones,
824 1049 946 1094 quibus
976 1049 1061 1084 inter
1088 1051 1232 1085 assiduas
1260 1051 1310 1085 sui
1342 1051 1488 1085 muneris
1520 1063 1616 1085 curas
1632 1051 1767 1086 subesse
1783 1051 1855 1084 for-

374 1103 462 1130 tasse
492 1105 629 1140 posset,
656 1098 798 1132 addatur
836 1097 974 1142 insuper
1004 1110 1064 1143 per
1092 1099 1248 1134 eumdem
1276 1098 1427 1144 specialis
1467 1099 1640 1143 expressio
1682 1099 1854 1144 sequentis

325 1149 329 1152 ”
371 1143 557 1184 clausulae,
585 1156 645 1189 pro
667 1147 778 1193 prima
803 1146 854 1181 vel
880 1148 1020 1181 secunda
1045 1148 1148 1188 vice,
1173 1148 1268 1187 juxta
1297 1159 1474 1183 numerum
1504 1148 1783 1194 prorogationum
1799 1159 1854 1183 ex-

370 1201 421 1226 tra
448 1192 601 1228 ordinem
629 1195 811 1240 petitarum
827 1219 837 1235 ‚
865 1204 897 1230 et
923 1195 1097 1231 citationes
1125 1196 1179 1231 tali
1211 1197 1311 1231 modo
1335 1198 1374 1231 ab
1396 1208 1437 1230 eo
1463 1195 1598 1241 signatae
1622 1196 1788 1235 afficiant,
1820 1204 1856 1230 et

369 1241 494 1276 attendi
526 1243 692 1283 debeant,
720 1245 844 1289 absque
869 1243 1068 1279 necessitate
1088 1245 1231 1289 triplicis
1247 1244 1504 1289 subscriptionis
1520 1267 1529 1283 ,
1560 1245 1590 1278 in
1619 1244 1712 1279 dicto
1731 1256 1851 1279 secun-

369 1291 414 1324 do
449 1290 602 1325 Decreto
628 1292 854 1338 praescriptae.
881 1292 938 1327 Sin
967 1302 1104 1332 autem,
1135 1295 1187 1328 vel
1228 1305 1292 1327 non
1319 1293 1443 1327 fuerint
1466 1293 1512 1327 ita
1540 1292 1766 1338 subscriptae,
1797 1291 1850 1328 vel

369 1349 449 1372 cum
482 1339 624 1375 subdola
641 1365 651 1380 ,
672 1350 704 1375 et
734 1340 844 1376 minus
871 1351 951 1378 vera
978 1342 1190 1386 expressione
1228 1341 1395 1376 enunciati
1424 1341 1583 1389 numeri,
1620 1340 1745 1376 attendi
1773 1339 1850 1375 nul·

368 1386 499 1422 latenus
526 1398 740 1429 mereantur,
775 1398 809 1425 et
836 1390 962 1434 possint
992 1390 1127 1435 impune
1160 1390 1274 1436 sperni
1301 1391 1426 1435 absque
1464 1390 1551 1424 vitio
1576 1397 1817 1424 attentatorum
1838 1411 1850 1422 .

464 1435 529 1469 111.
631 1437 736 1481 Qod
764 1438 969 1472 transmissio
987 1439 1276 1473 Commissionum
1295 1439 1326 1473 in
1355 1439 1455 1472 tertio
1468 1439 1617 1471 Decreto
1635 1437 1769 1481 praefixa
1787 1447 1846 1481 pet·

364 1482 543 1518 tresdecim
573 1483 643 1518 dies
670 1494 746 1519 ante
774 1484 864 1520 diem
894 1485 1079 1531 Signaturae
1100 1509 1110 1524 ‚
1139 1498 1263 1531 nempe
1289 1497 1349 1531 per
1375 1494 1479 1520 totam
1509 1484 1598 1519 diem
1631 1484 1770 1518 Veneris
1791 1496 1845 1518 an-

363 1530 549 1565 tecedentis
579 1532 834 1567 Hebdomadam
854 1556 865 1571 ,
896 1532 929 1566 in
956 1545 1022 1577 qua
1050 1542 1171 1569 statuta
1200 1535 1366 1579 reperitur
1397 1533 1592 1569 distributio
1631 1532 1847 1566 Informatio-

364 1590 445 1613 num
466 1602 477 1618 ,
508 1577 668 1623 deinceps
694 1579 766 1614 fieri
797 1579 926 1614 debeat'
946 1592 1008 1624 per
1031 1581 1121 1616 solos
1142 1583 1259 1616 decem
1288 1583 1359 1615 dies
1388 1589 1484 1621 ante,
1513 1591 1632 1624 nempe
1661 1579 1716 1614 die
1745 1580 1846 1615 Lunx

361 1627 581 1662 hebdomadae
600 1627 818 1673 praecedentis
838 1626 1049 1673 Signaturam
1064 1652 1075 1668 ,
1090 1641 1127 1663 ac
1143 1640 1203 1673 per
1218 1629 1352 1662 eosdem
1369 1631 1486 1664 decern
1512 1627 1581 1663 dies
1599 1628 1757 1668 inhibeat,
1771 1639 1846 1674 pro-

361 1674 489 1720 positio
504 1683 615 1711 autem
634 1675 811 1711 intimetur
830 1676 885 1710 die
900 1675 1051 1722 sequenti
1069 1685 1144 1720 post
1161 1676 1445 1712 transmissionem
1464 1702 1474 1718 ,
1489 1677 1616 1711 scilicet
1636 1676 1691 1711 die
1706 1677 1844 1712 Martis.

462 1724 524 1757 lv.
623 1724 730 1772 Qod
758 1725 935 1760 facultates
963 1735 1128 1760 concessae
1158 1725 1204 1759 D.
1246 1725 1407 1761 Auditori
1434 1726 1465 1761 in
1498 1736 1580 1761 x11.
1611 1725 1763 1760 Decreto
1789 1736 1847 1759 re-

358 1771 517 1806 mittendi
548 1783 663 1808 causas
696 1772 914 1818 appellabiles
945 1774 985 1807 ad
1010 1774 1165 1808 eumdem
1193 1773 1374 1815 judicem,
1405 1783 1445 1809 ut
1471 1774 1593 1809 iterum
1628 1773 1765 1814 audiat,
1794 1775 1846 1808 in-

360 1818 559 1866 telligantur
585 1823 824 1856 tantummodo
852 1831 1019 1857 concessae
1045 1832 1108 1867 pro
1137 1820 1202 1856 illis
1241 1822 1419 1857 Sententiis
1438 1848 1447 1863 ,
1474 1835 1531 1857 seu
1563 1822 1747 1857 definitivis
1773 1822 1843 1857 De-

359 1869 454 1903 cretis
482 1870 644 1905 cmanatis
675 1881 735 1914 per
760 1870 980 1906 contradictas
995 1895 1006 1910 ,
1032 1871 1218 1906 dummodo
1234 1879 1341 1906 tamen
1358 1882 1422 1906 non
1441 1871 1630 1906 transierint
1648 1871 1680 1905 in
1698 1869 1860 1907 auctori--

357 1925 456 1952 tatem
488 1918 534 1953 rei
560 1919 746 1959 judicatae,
782 1930 843 1954 nec
876 1927 1003 1954 mutata
1028 1919 1071 1954 sit
1101 1930 1242 1964 persona
1269 1918 1430 1961 Judicis.
1865 1955 1868 1958 .

454 1967 498 2001 V.
598 1966 703 2014 (Quod
736 1967 808 2004 aliae
846 1968 1020 2005 facultates
1058 1967 1169 2003 eidem
1205 1968 1458 2004 D..Auditore
1487 1969 1658 2004 attributae
1694 1967 1725 2002 in
1749 1976 1832 2000 xxv.

358 2012 509 2050 Decreto
537 2015 769 2057 concedendi,
796 2015 949 2058 scilicet,
977 2029 1039 2064 per
1058 2020 1126 2053 sua*
1145 2017 1280 2053 decreta
1292 2015 1564 2063 Appellationem
1596 2017 1627 2051 in
1642 2013 1838 2060 quibusdam

356 2062 478 2097 Causis
498 2087 509 2103 ,
536 2064 568 2098 in
597 2064 718 2110 quibus
736 2076 773 2100 ea
798 2068 838 2100 de
854 2067 946 2112 stylo
963 2079 980 2101 a
1007 2065 1182 2112 signatura
1205 2065 1345 2101 concedi
1372 2067 1482 2105 solet,
1509 2068 1606 2100 firme
1635 2069 1837 2100 remaneant,

352 2119 572 2156 praeterquam
605 2114 715 2156 quoad
741 2125 853 2149 causas
879 2114 1108 2160 liquidationis
1134 2116 1328 2150 fructuum,
1357 2114 1554 2146 damnorum
1573 2134 1585 2150 ‚
1619 2118 1653 2144 et
1678 2120 1838 2154 expensa-

353 2168 430 2191 rum
443 2181 455 2196 ,
470 2166 502 2191 et
530 2159 727 2194 redditionis
747 2161 950 2199 rationum,
982 2161 1015 2194 in
1029 2162 1150 2205 quibus
1166 2162 1344 2194 moderatae
1358 2182 1369 2198 ,
1386 2168 1418 2193 et
1432 2161 1812 2205 abrogatae‘eenseantur
1826 2181 1837 2192 .

453 2205 498 2240 V.
599 2206 732 2241 Caetera
756 2219 839 2242 vero
863 2207 1013 2247 sancita,
1041 2216 1075 2242 et
1102 2207 1294 2252 praescripta
1327 2216 1392 2241 tam
1422 2208 1454 2242 in
1484 2208 1604 2242 iisdem
1632 2208 1674 2240 ita
1691 2205 1837 2240 declara-

353 2252 396 2287 tis
423 2252 580 2287 Decretis
600 2278 610 2293 ‚
644 2266 744 2298 quam
783 2255 815 2289 in
844 2255 980 2301 reliquis
1010 2254 1107 2295 aliis,
1145 2255 1380 2295 inviolabilia,
1408 2264 1440 2290 et
1470 2256 1590 2291 intacta
1617 2262 1837 2295 remaneant,

353 2311 390 2335 ac
416 2301 564 2346 undique
595 2303 767 2337 observari
797 2303 1031 2348 praecipimus,
1058 2311 1158 2347 atque
1188 2305 1382 2339 mandamus
1398 2327 1408 2338 .
1434 2303 1560 2340 Datum
1581 2304 1698 2338 Romae
1713 2314 1755 2337 ex
1776 2303 1833 2338 Pa-

355 2348 434 2385 latio
459 2358 581 2386 nostrae
607 2350 796 2386 residentiae
820 2353 880 2386 hac
905 2351 959 2386 die
988 2353 1046 2386 26.
1074 2351 1279 2398 Septembris
1302 2363 1405 2400 1742.

546 2398 595 2435 N.
622 2399 812 2435 Cardinalis
841 2400 1021 2435 Praefectus
1041 2425 1051 2437 .

644 2453 683 2482 Β.
717 2449 845 2484 cinctus
868 2449 1049 2485 Auditor.

639 2500 690 2534 Jo.
719 2497 870 2546 Baptista
906 2496 1131 2535 constantinus
1160 2496 1323 2535 archivii
1346 2502 1439 2545 Rom.
1477 2499 1579 2537 curiae
1604 2498 1816 2584 ,ἕνῑὶρξιὲςὼῐ
