1993 3195
649 338 947 374 ·1NDEX
1000 337 1056 372 li.
1561 349 1628 381 199

211 383 273 417 ciat
291 391 352 424 pro
368 384 584 428 cooptatione
602 383 735 419 illorum
754 410 763 424 ‚
782 387 838 430 qui

207 443 242 464 ea
274 432 415 464 emerint
432 455 441 470 ,
469 431 499 463 in
524 432 836 468 Referendariorum

206 478 367 523 Collegio
385 503 394 512 .
409 480 485 514 vide
513 479 706 515 Praelatura
724 506 733 515 .

108 526 335 561 Referend.³rii
351 540 388 561 an
409 527 563 571 appellati
580 529 758 574 aliquando
772 530 842 564 fue-

207 577 270 610 rint
286 576 483 611 Consiliarii
501 601 510 610 .
540 587 570 619 ς.

155 636 274 659 eorum
290 625 414 660 mentio
426 635 579 671 tempore
590 627 778 663 innocentii
791 639 841 663 xv.

203 673 249 707 ibi
271 698 280 707 .

154 733 288 761 nornen,
309 731 343 757 et
360 735 479 758 munus
500 722 530 758 in
561 724 653 759 libris
675 725 756 764 iuris
775 726 840 760 Ro-

201 770 286 806 mani
312 772 408 806 etiam
434 772 626 814 reperitur.
645 774 692 808 ibi
710 800 719 809 .

151 820 526 866 Constantinopolitana
548 822 697 858 Ecclesia
712 835 770 859 eos
787 825 841 858 ha-

203 869 303 904 buit.
333 873 366 904 6.

149 918 261 952 Gallia
275 943 286 952 .
312 918 360 951 ibi
374 941 383 951 .

147 966 321 1011 Principes
341 967 590 1002 Beneventani.
606 980 640 1015 7.

150 1015 261 1057 Reges
282 1015 557 1061 Anglo-Saxones
574 1041 583 1051 .
615 1018 666 1051 ibi
680 1041 690 1052 .

149 1062 308 1098 Tribunal
349 1065 546 1100 commercii
566 1090 576 1105 ,
591 1065 739 1111 Neapoli
765 1078 835 1103 ere-

197 1121 289 1147 ctum
307 1138 316 1148 .
333 1112 382 1146 ibi
395 1137 403 1147 .

116 1171 119 1174 ’
149 1163 282 1207 quando
311 1161 489 1207 utriusque
507 1163 706 1208 Signaturae
721 1163 835 1210 appel-

198 1210 256 1244 lari
275 1220 434 1254 ceperunt
454 1235 463 1244 .
494 1212 529 1246 8.

146 1259 282 1294 admissi
311 1259 343 1293 in
373 1260 548 1304 Signatum
568 1268 724 1295 tenentur
737 1274 837 1307 expe·

194 1307 265 1342 dire
282 1307 392 1342 literas
409 1307 622 1352 Apostolicas
637 1321 739 1354 super
755 1323 832 1346 con-

196 1356 347 1391 cessione
365 1357 660 1392 Referendariatus
677 1382 686 1391 .
714 1369 771 1403 37.

143 1403 377 1444 juramentum
397 1415 569 1448 praestare
587 1406 710 1440 debent
724 1420 829 1453 quum

192 1454 327 1491 admissi
344 1454 469 1488 fuerint
487 1456 517 1488 in
536 1454 723 1499 Signatura,
739 1458 833 1496 iuxta

194 1501 374 1536 formulam
405 1502 538 1536 relatam
557 1527 566 1536 .
596 1515 654 1549 40.

142 1550 320 1596 qualitates
349 1553 630 1586 assumendorum
671 1564 711 1587 ex
737 1566 830 1599 prae-

192 1598 321 1641 scripto
335 1598 435 1631 Alex.
459 1608 525 1632 vn.
555 1609 610 1638 25.

145 1646 325 1693 privilegia
357 1658 374 1679 a
401 1645 624 1680 Pontificibus
647 1658 803 1684 concessa
820 1675 830 1686 .

196 1707 251 1729 12.
269 1697 308 1730 ad
336 1706 411 1739 14..
426 1703 460 1728 et
478 1705 536 1739 24.

139 1742 336 1782 huiusmodi
357 1742 534 1787 privilegia
549 1744 701 1782 ejusdem
734 1756 829 1782 natu·

190 1804 265 1832 rae,
284 1803 320 1826 ac
335 1788 392 1825 illa
404 1792 605 1826 Auditorum
619 1792 726 1827 Rotae
740 1819 748 1829 .
771 1806 828 1840 33.

143 1840 294 1886 magistri
311 1851 413 1885 quare
429 1840 643 1886 appellantur
661 1864 670 1875 .
702 1844 778 1878 181.

139 1894 313 1937 nequeunt
330 1888 458 1923 missam
477 1888 647 1923 celebrare
673 1902 779 1931 more,
796 1901 830 1927 et

188 1938 254 1973 ritu
283 1938 527 1983 Episcoporum
543 1961 554 1976 ,
597 1937 729 1974 etiarnsi
764 1940 827 1976 sint

185 1988 445 2022 Gubernator-es
461 1986 653 2026 civitatum,
666 1988 758 2026 juxta
774 1991 824 2024 de-

112 2056 133 2066 ω
186 2047 318 2071 cretum
349 2037 421 2070 Sac.
452 2036 738 2081 congregationis
770 2039 829 2073 Ri-

186 2094 281 2121 tuum
299 2109 308 2119 .
337 2096 395 2132 34.

135 2145 175 2169 an
202 2133 282 2179 eligi
309 2134 435 2177 possint
468 2132 511 2166 in'
529 2133 825 2175 Conservatores,

185 2183 272 2217 itaut
286 2183 441 2217 dicantur
458 2183 580 2216 habere
595 2183 794 2228 dignitatem
812 2209 822 2220 .

190 2240 249 2274 ²3·
271 2230 309 2263 ad
327 2242 385 2273 ²4·

137 2279 270 2325 quando
302 2277 434 2311 Causae
465 2276 581 2311 iisdem
610 2277 829 2321 committung

189 2337 244 2361 tur
257 2326 459 2361 decidendae
473 2349 484 2364 ,
504 2337 543 2360 an
559 2326 599 2360 sit
613 2325 750 2366 judices
768 2327 825 2361 da-

187 2374 210 2409 ti
232 2399 241 2414 ‚
257 2375 308 2409 vel
324 2373 481 2420 Delegati
497 2397 506 2407 .
536 2376 594 2420 64.
609 2376 646 2408 ad
666 2377 724 2416 65.

137 2424 306 2459 Ponentes
337 2435 374 2458 an
394 2431 571 2457 teneantur
598 2423 752 2465 proferre
770 2435 828 2458 vo-

188 2481 258 2506 tum
292 2473 387 2511 iuxta
420 2470 708 2506 Commissionem
726 2496 737 2508 .
765 2482 825 2520 45.

185 2521 226 2555 ad
253 2523 312 2566 46.
482 2548 487 2552 .

137 2571 313 2617 quomodo
341 2579 531 2612 proponere
558 2568 701 2603 debeant
716 2569 823 2604 Coni-

185 2616 360 2654 missiones
377 2641 386 2651 .
406 2618 499 2662 App.
517 2626 576 2659 15.

894 385 1208 421 Referendariorum
1239 385 1420 426 admissio,
1436 386 1507 420 sive
1535 397 1624 421 crea-

992 435 1038 468 tio
1054 436 1227 480 quomodo
1254 436 1323 469 fieri
1349 435 1456 469 soleat
1476 458 1485 468 .
1519 444 1575 477 35.

944 493 1102 517 numerus
1137 493 1288 526 tempore
1308 482 1489 518 Alexandri
1506 494 1538 515 v.
1554 507 1563 522 ‚
1591 493 1624 517 et

991 532 1340 576 quaenamqualitates
1367 531 1390 565 ii
1418 532 1540 566 habere
1570 533 1624 564 de-

990 579 1135 616 bebant.
1170 590 1225 612 22.
1241 583 1278 613 ad
1299 591 1355 623 23.

941 639 1043 674 quare
1063 639 1080 661 a
1097 627 1190 661 Sixto
1207 640 1239 661 v.
1272 630 1424 663 redactus
1453 632 1493 665 ad
1513 638 1622 666 cente-

991 688 1068 710 num
1088 699 1097 710 .
1130 687 1187 719 23.
1202 700 1211 715 ‚
1229 678 1317 719 App.
1338 689 1392 720 17.
1409 688 1474 712 etc.

940 736 1042 770 quare
1059 725 1180 759 deinde
1196 727 1370 769 ampliatus
1390 751 1399 762 .
1422 740 1477 773 24.

941 773 1093 820 quaestio
1122 774 1159 807 d:
1187 785 1302 808 eorum
1322 784 1428 810 aetate
1456 789 1473 810 a
1491 776 1621 812 Didaco

990 825 1030 856 de
1049 824 1207 857 Narbona
1239 833 1390 861 promota
1406 850 1416 860 .
1437 824 1484 859 ibi
1499 849 1510 860 .

937 871 1114 916 qualitates
1146 871 1325 916 requisitae
1355 886 1415 917 pro
1448 872 1620 908 admissio-

988 931 1027 953 ne
1044 943 1053 952 .
1078 923 1132 961 36.

938 979 1111 1014 processus
1125 981 1225 1013 super
1238 969 1390 1004 examine
1407 995 1416 1009 ‚
1435 979 1468 1005 et
1482 970 1619 1015 inquisi-

987 1019 1080 1052 tione
1105 1019 1304 1062 qualitatum
1335 1020 1506 1065 quomodo
1533 1019 1589 1054 fiat
1607 1043 1620 1053 .

984 1066 1044 1105 ibi,
1062 1077 1093 1101 et
1114 1077 1168 1112 37.

934 1127 970 1149 an
1005 1115 1196 1155 hujusmodi
1228 1126 1403 1160 processus
1428 1116 1620 1162 requiratur

984 1175 1045 1208 pro
1073 1165 1256 1199 Advocatis
1285 1165 1616 1205 Consistorialibus,

985 1212 1232 1247 Referendariis
1248 1213 1365 1248 creatis
1383 1238 1392 1254 ‚
1408 1215 1486 1249 vide
1503 1215 1619 1249 Advo-

986 1261 1048 1295 cati
1067 1286 1076 1295 .

935 1310 1108 1353 exemptio
1135 1312 1174 1345 ab
1190 1310 1450 1347 ordinariorum
1480 1310 1619 1352 iurisdi-

980 1359 1092 1392 ctione
1110 1384 1119 1393 .
1152 1371 1208 1393 20.
1240 1362 1279 1393 ad
1312 1372 1369 1394 22.

932 1419 969 1441 an
991 1409 1164 1452 potentior
1177 1409 1217 1442 sit
1237 1408 1417 1454 privilegio
1436 1408 1520 1453 legis
1546 1409 1619 1443 um·—

982 1468 1035 1490 cae
1054 1458 1127 1490 cod.
1149 1459 1282 1501 quando
1310 1462 1492 1503 Imperator
1508 1483 1518 1492 .
1535 1468 1593 1491 21.

931 1505 1064 1548 quando
1092 1504 1203 1538 locum
1235 1506 1354 1540 habeat
1381 1505 1470 1540 dicta
1499 1516 1614 1540 exem·

982 1553 1053 1594 ptio
1069 1576 1078 1585 .
1110 1563 1166 1587 22.

930 1599 1118 1636 iurisdictio
1138 1610 1298 1643 quaenam
1314 1599 1357 1634 sit
1375 1623 1385 1633 .
1405 1603 1464 1645 64.

884 1645 1082 1686 Rejudicata
1104 1647 1269 1682 existente
1297 1649 1437 1683 alterius
1454 1648 1617 1685 Tribuna-

977 1695 1016 1729 lis
1035 1720 1044 1735 ,
1072 1707 1109 1730 an
1126 1706 1242 1731 contra
1256 1710 1325 1732 eam
1355 1697 1541 1742 legitimum
1572 1698 1617 1732 sit

979 1742 1114 1788 aliquod
1132 1746 1305 1780 decretum
1323 1770 1332 1780 .
1365 1749 1440 1789 163.

880 1791 1124 1837 Repropositfo
1142 1805 1259 1828 causae
1290 1793 1320 1828 in
1349 1795 1446 1838 plena
1462 1794 1617 1839 Signatu-

980 1852 1014 1876 ra
1030 1843 1164 1887 quando
1188 1842 1298 1877 locum
1317 1844 1437 1878 habeat
1451 1867 1462 1883 ,
1481 1852 1514 1877 et
1532 1842 1613 1888 quid

977 1893 1178 1925 servandum
1195 1915 1204 1925 .
1236 1901 1319 1938 245.
1333 1895 1372 1926 ad
1391 1895 1473 1937 24⁶·

878 1937 1054 1984 Rescripta
1073 1939 1267 1985 Signaturae
1297 1951 1373 1976 sunt
1397 1942 1547 1980 ejusdem
1564 1951 1614 1974 re-

975 1988 1159 2023 solutiones
1175 2013 1184 2022 .
1211 2000 1291 2031 252.

929 2048 1033 2080 quare
1051 2037 1094 2071 ita
1109 2037 1323 2082 appellentur
1340 2063 1348 2072 .
1381 2050 1396 2072 2
1409 2047 1465 2082 53.

881 2083 1137 2131 Rescriptorum
1166 2088 1279 2131 plenae
1298 2086 1494 2132 Signaturae
1526 2087 1609 2122 fides

977 2146 1080 2178 quare
1097 2137 1137 2170 ab
1159 2135 1328 2170 Auditore
1344 2136 1449 2170 danda
1466 2134 1511 2169 sit
1526 2159 1536 2169 .
1555 2145 1613 2180 34.

878 2181 1092 2228 Rescriptum
1115 2199 1122 2218 ε
1145 2184 1210 2219 st‘ne
1240 2186 1445 2232 praejudicIo
1461 2183 1512 2217 rei
1527 2184 1614 2225 judi-

979 2234 1144 2272 eatae,vel
1157 2235 1260 2268 trium
1277 2234 1493 2275 conformium
1509 2255 1519 2264 .
1531 2240 1612 2273 255.

926 2278 961 2310 in
978 2291 1013 2310 eo
1031 2281 1064 2311 in
1093 2292 1155 2323 quo
1183 2289 1257 2314 sunt
1277 2281 1455 2318 conformes
1472 2299 1482 2310 .
1510 2278 1556 2311 ibi
1575 2301 1586 2311 .

920 2325 1034 2371 parito
1046 2326 1192 2366 judicato
1207 2349 1217 2359 .
1246 2324 1290 2359 ibi
1305 2348 1316 2359 .

924 2373 1104 2408 discrimen
1145 2374 1232 2408 inter
1273 2374 1476 2419 rescriptum
1495 2392 1504 2411 x
1541 2375 1612 2409 sinc

974 2423 1180 2470 praejudicio
1195 2423 1493 2464 reifudicatae‚seu
1508 2424 1608 2458 trium

975 2470 1216 2514 conformium,
1247 2480 1278 2506 et
1298 2474 1410 2519 parito
1434 2475 1580 2515 judicato
1595 2494 1607 2506 .

974 2518 1045 2558 ibi,
1079 2528 1110 2554 et
1128 2532 1205 2560 250.

925 2569 993 2602 sine
1005 2569 1209 2616 praejudicio
1237 2572 1348 2617 quoad
1370 2569 1455 2608 bona
1480 2572 1605 2607 heredi-

1494 2628 1581 2655 tarta
1593 2648 1604 2663 a
