1952 3167
329 354 420 398 244.
568 394 571 398 ι
600 341 681 384 ΒΕ
721 343 854 391 JURE
883 340 1223 388 SIGNATURAE
1248 343 1505 402 JUSTITIAE

329 412 579 467 gnoscantur
599 402 860 461 Litigantium
881 403 1120 446 Defensores
1139 435 1150 452 ,
1170 420 1345 461 quorum
1364 403 1491 446 famae
1507 402 1714 459 integritas
1730 418 1792 454 ‚et

329 461 554 517 incorrupti
572 474 700 504 mores
718 463 909 518 majorem
924 463 1005 506 vim
1027 465 1186 503 addunt
1204 463 1425 503 defensioni
1445 491 1457 508 ,
1487 477 1534 504 ex
1564 477 1611 503 eo
1643 463 1797 519 potissi-¹

327 532 466 570 mum,
495 522 610 573 quod
628 521 791 573 Judices
807 537 948 564 eorum
982 521 1094 562 dictis
1119 535 1313 562 summam
1342 521 1536 561 adhibent
1567 522 1716 571 fidem
1753 535 1789 566 et

325 591 417 619 non
437 578 636 622 immerito
655 582 901 623 recensenda
925 580 986 621 hic
1009 591 1064 620 est
1092 579 1339 636 comparatio
1358 578 1422 618 illa
1439 608 1451 626 ,
1485 592 1565 633 qua
1586 582 1708 622 utitur
1725 583 1788 625 De·

324 636 431 678 Luca
445 666 458 684 ,
490 639 652 680 viatoris
669 672 681 689 ‚
715 655 854 696 nempe
871 671 883 688 ‚
909 641 979 694 qui
999 653 1046 679 eo
1070 639 1192 696 magis
1208 639 1362 688 currit,
1379 638 1477 679 dum
1492 652 1636 680 certam
1665 653 1788 695 paca-

323 695 354 736 ti
372 726 386 744 ‚
422 711 466 738 ac
495 697 678 739 instructi
697 697 850 740 itineris
870 699 1114 756 praehabeat
1140 699 1347 747 notitiam,
1378 711 1501 754 quam
1519 697 1550 738 si
1582 696 1668 749 ejus
1696 698 1786 739 ani-

320 767 396 795 mo
429 756 622 799 insederit
656 757 836 814 suspicio
867 758 1110 813 laqueorum
1128 790 1141 808 ,
1175 758 1385 802 fovearum
1402 789 1420 806 ,,
1462 756 1524 800 vel
1557 757 1751 800 fraudum
1767 787 1778 799 .
1815 808 1829 814 ,.

322 813 464 869 Quam
481 816 646 872 quidem
665 818 999 875 subscriptionem
1015 832 1239 876 pernecesse
1261 816 1533 861 adhibendam
1547 817 1782 866 esse‚statuit

321 871 675 920 Eminentissimus
693 877 815 920 Scozti
830 878 1008 934 quadam
1024 876 1285 934 notificatione
1297 910 1309 928 ,
1342 878 1445 933 typis
1464 877 1607 919 tradita
1626 879 1702 920 sub
1719 875 1782 918 die

323 932 486 987 3.junii
508 936 636 988 1726.
656 968 670 985 ,
688 937 929 991 utsuperius
949 968 962 986 ,
996 939 1095 979 dum
1125 938 1173 977 de
1191 937 1425 978 Summariis
1444 936 1609 991 egimus,
1630 936 1785 978 dictum

320 1002 406 1038 estz,
434 993 669 1034 Cardinalis
686 993 782 1035 verb
800 994 993 1036 Salvintus
1008 1010 1083 1036 suo
1104 994 1242 1035 Edicto
1258 996 1356 1036 anni
1376 1009 1497 1049 1731.
1514 995 1555 1035 id
1571 994 1786 1050 etiarnjus-

318 1047 394 1094 sit,
428 1062 476 1090 ut
501 1052 702 1103 quaelibet
721 1052 838 1107 copia
851 1051 1155 1108 scripturarum
1175 1083 1187 1100 ‚
1220 1068 1320 1108 quae
1342 1054 1443 1095 Er'iio
1460 1053 1659 1094 Praefecto
1676 1085 1689 1102 ‚
1721 1051 1783 1096 vel

318 1107 519 1149 Auditori
553 1110 856 1153 distribuuntur
872 1143 886 1160 ,
919 1112 969 1153 sit
1015 1112 1177 1169 proptio
1213 1113 1444 1154 charactere
1475 1111 1751 1153 Procuratoris
1767 1142 1782 1162 ,

318 1162 362 1204 in
386 1166 525 1208 Causa
544 1169 811 1225 comparentis
824 1201 836 1218 ,
855 1172 1077 1229 subscripta
1095 1202 1110 1219 ,
1125 1171 1187 1213 vel
1205 1172 1256 1213 ab
1278 1171 1364 1225 ejus
1389 1169 1513 1212 studii
1531 1169 1783 1212 sollicitatore

318 1222 367 1264 de
386 1226 607 1276 mandato,
641 1243 713 1284 pro
732 1243 817 1281 quo
835 1230 1070 1285 Principalis
1087 1244 1238 1285 semper
1257 1242 1440 1271 teneatur
1461 1228 1503 1268 in
1536 1227 1695 1270 casibus
1713 1244 1783 1272 ex-

314 1285 457 1337 pressis
474 1315 486 1333 ,
518 1285 559 1325 in
592 1287 743 1340 quibus
761 1287 950 1331 solvenda
975 1289 1087 1330 venit
1108 1303 1237 1343 poena
1256 1303 1466 1329 scutorum
1483 1301 1659 1339 quatuor
1677 1303 1690 1334 :,
1719 1301 1784 1328 ra-

317 1340 375 1382 tio
399 1342 493 1384 vero
515 1343 567 1384 ira
589 1345 829 1386 decernendi
849 1361 893 1386 ea
914 1346 1097 1387 redditur
1117 1376 1128 1393 ,
1157 1359 1200 1385 ut
1230 1361 1332 1387 certa
1363 1346 1618 1400 inposterum
1643 1346 1783 1387 lrabea-

315 1408 386 1442 τω·
402 1402 563 1443 scientia
585 1403 742 1445 illorum
764 1432 776 1450 ‚
806 1403 1015 1460 quiforscm
1047 1420 1070 1445 a
1089 1403 1351 1446 moderamine
1368 1435 1382 1453 ,
1409 1414 1446 1444 et
1462 1406 1661 1444 honestate
1680 1404 1779 1446 scri-

315 1458 436 1501 bendi
453 1490 467 1506 ,
499 1463 560 1502 vel
573 1479 601 1503 a
633 1464 948 1502 Summariomm
970 1463 1169 1517 legalitate
1185 1463 1372 1517 deficiunt
1389 1477 1402 1511 ;
1441 1475 1479 1503 et
1493 1463 1527 1502 si
1547 1462 1786 1506 Procurato-

317 1530 380 1559 res
399 1519 439 1560 id
461 1535 542 1560 non
562 1519 1067 1576 adimpleverint,Causas,
1084 1535 1155 1576 pro
1173 1520 1327 1575 quibus
1344 1521 1570 1568 instabunt,
1590 1535 1672 1561 non
1693 1537 1784 1576 pro-

316 1579 543 1632 ponendas,
557 1594 594 1620 et
611 1579 961 1623 contravenientes
975 1592 1148 1636 utsupra
1158 1579 1269 1623 solita
1287 1594 1417 1638 poena
1435 1579 1669 1636 plectendos
1686 1594 1783 1632 esse,

313 1649 521 1691 postremo
535 1651 706 1681 sancivlr
728 1665 735 1675 .
1786 1652 1789 1660 ¹

439 1696 682 1752 Antiquitus
697 1698 921 1757 Scripturae
943 1730 959 1749 ,
973 1713 1012 1743 et
1028 1701 1243 1744 Summarii
1260 1700 1496 1759 exemplaria
1512 1713 1682 1742 numero
1699 1712 1779 1742 tre-

318 1751 447 1796 decim
476 1758 527 1798 ab
560 1756 896 1801 Amanuensibus
928 1761 1103 1810 fiebant;
1138 1774 1178 1804 at
1194 1762 1433 1816 procedente
1466 1773 1640 1815 tempore
1661 1759 1789 1820 iuva-¹

315 1810 392 1854 luit
412 1843 424 1861 ‚
459 1829 508 1857 ut
533 1816 592 1857 illa
612 1848 625 1866 ‚
659 1832 763 1872 quae
793 1816 1023 1875 Collegiatis
1038 1818 1335 1860 Tribunalibus
1368 1818 1610 1858 deservirent
1629 1847 1641 1864 ,
1658 1827 1784 1874 prout

316 1884 374 1913 est
387 1873 601 1930 Signatura
617 1905 629 1923 ‚
664 1876 769 1932 typis
787 1876 1002 1918 ederentur
1025 1891 1037 1926 ;
1072 1875 1185 1931 quod
1204 1874 1353 1931 optima
1373 1874 1526 1918 ratione
1543 1875 1696 1918 factum
1715 1889 1788 1927 est,

315 1931 411 1986 ‹quia
445 1935 672 1989 praesertim
695 1951 716 1976 a
750 1931 938 1992 suffragia
965 1935 1186 1979 ferentibus
1203 1932 1580 1991 faciliusvleguntuss
1597 1950 1642 1977 ac
1659 1949 1786 1992 parvo

314 1992 504 2046 temporis
524 1993 733 2036 intervallo
748 1996 799 2036 ab
821 1994 979 2036 illorum
999 1994 1154 2038 lectura
1171 1992 1441 2049 expediuntur
1460 2022 1474 2041 ,
1503 1993 1642 2040 immo,
1663 2006 1700 2034 et
1714 1995 1783 2034 im-

316 2062 439 2103 pensa
464 2051 596 2093 minor
615 2066 670 2094 est
690 2053 751 2093 illa
769 2084 782 2101 ,
812 2068 916 2108 quae
939 2054 1129 2097 mercedis
1162 2052 1317 2095 ratione
1351 2053 1684 2094 Amanuensibus
1703 2051 1782 2093 sol-

313 2111 482 2150 vebatur
502 2140 511 2150 .
545 2112 791 2153 Eorumdem
808 2125 940 2154 tamen
959 2112 1245 2168 exemplarium
1273 2111 1495 2152 editionem
1528 2112 1570 2150 in
1588 2111 1663 2157 alia
1693 2110 1777 2155 fieri

312 2169 577 2224 typographia
609 2185 629 2210 a
650 2170 825 2210 Summis
856 2170 1123 2210 Pontificibus
1139 2168 1307 2210 vetitum
1332 2167 1444 2215 fuit,
1483 2180 1608 2219 quarn
1640 2167 1680 2208 in
1701 2169 1777 2219 illa,

315 2235 423 2275 quae
443 2224 669 2267 Cameralis
684 2225 903 2281 appellatur
920 2239 934 2273 ς
963 2237 1002 2265 et
1017 2224 1202 2278 quamvis
1218 2224 1475 2267 consuetudo
1488 2224 1569 2275 iam
1593 2227 1697 2269 dicta
1716 2241 1781 2282 ty-

315 2280 376 2337 pis
395 2283 620 2324 mandandi
641 2281 1094 2339 exemplaria,superius
1117 2298 1314 2341 expressa,
1331 2284 1552 2328 invaluerit
1570 2315 1585 2335 ,
1605 2300 1781 2329 attamen

318 2339 503 2383 cuivires
518 2372 532 2390 ‚
563 2353 599 2382 et
614 2341 819 2382 facultates
836 2355 920 2382 non
943 2355 1195 2398 suppetant,
1224 2357 1309 2383 non
1328 2343 1566 2400 prohibetur
1583 2377 1596 2395 ,
1615 2360 1660 2386 ea
1694 2361 1781 2388 rna-

316 2398 526 2455 :ouscripta
560 2399 814 2441 circumferre
827 2430 840 2448 ‚
859 2414 906 2440 ac
929 2400 1185 2449 distribuere,
1201 2403 1317 2456 quod
1333 2415 1463 2445 tamen
1482 2404 1573 2447 raro
1594 2405 1753 2448 evenit.

433 2457 796 2507 Communicatis,¹
823 2471 869 2500 ut
887 2474 961 2500 suo
994 2460 1082 2502 loco
1115 2461 1291 2503 diximus
1310 2460 1577 2519 ,Scripturis‚
1605 2477 1643 2505 et
1659 2463 1778 2504 Sum-

312 2516 446 2559 mariis
466 2549 479 2564 ,
512 2515 791 2574 responsiones
823 2517 995 2560 vicissim
1024 2518 1298 2561 conficiendae
1319 2534 1444 2570 sunt,
1472 2535 1509 2564 et
1528 2523 1570 2564 in
1589 2522 1659 2565 illis
1691 2525 1781 2563 bre-

287 2575 436 2634 ,wid-(11
457 2574 509 2630 §.d
554 2576 807 2634 difficultates
833 2607 853 2629 2,
877 2576 1134 2636 ,objectaque
1177 2579 1455 2626 submovenda
1481 2611 1495 2634 2
1543 2582 1777 2682 restringen-

1710 2654 1776 2683 um
