1993 3195
641 256 673 291 A
696 254 739 289 '1³
781 254 807 289 Ρ
846 256 869 290 E
907 255 940 290 N
982 255 1017 289 D
1054 255 1070 290 1
1108 255 1138 290 X
1579 267 1598 291 2

147 314 304 344 nostros,
332 307 506 338 causarum
533 300 653 336 Palatii
685 302 879 346 Apostolici
911 303 1092 338 Auditores
1122 327 1133 344 ,
1161 310 1249 337 nunc
1270 324 1280 341 ,
1307 308 1342 336 et
1369 302 1524 346 deinceps
1552 267 1630 348 pei}-

145 354 256 402 petuis
295 350 420 387 futuris
451 350 663 395 temporibus
690 352 870 385 existentes
902 350 1130 384 subdiaconos
1165 349 1383 394 Apostolicos
1412 372 1422 388 ‚
1463 360 1523 384 nec
1564 363 1629 386 non

146 403 288 439 dilectos
315 399 415 435 etiam
447 399 534 435 filios
561 399 736 445 utriusque
762 398 947 444 Signaturae
972 405 1092 432 nostrae
1121 397 1377 431 Referendarios
1405 419 1415 436 ,
1456 399 1512 441 qui
1542 409 1629 433 nunc

146 458 251 490 sunt,
284 458 317 485 et
349 460 409 494 pro
438 457 591 495 tempore
613 451 898 495 quandocumque
919 457 1015 483 erunt
1043 453 1165 481 nostrae
1195 444 1377 491 Signaturae
1409 444 1543 484 iustitia:
1573 458 1631 480 vo-

147 507 253 535 tantes
271 524 282 540 ,
311 497 480 545 Acolytos
509 497 725 542 Apostolicos
760 506 879 532 tenore
915 495 1126 542 praesentium
1153 494 1293 530 facimus
1310 517 1320 533 ‚
1345 505 1524 534 creamus,
1553 505 1631 529 con-

145 548 322 586 stituimus
338 571 349 587 ,
378 556 412 581 et
435 547 641 582 declaramus
658 571 667 587 ‚
696 547 872 592 ipsumque
902 544 1141 591 praedictorum
1165 543 1370 579 Auditorum
1401 541 1601 587 Collegium
1619 567 1631 583 ,

146 608 208 632 nec
244 609 307 632 non
326 597 477 642 praefatos
494 596 677 642 Signaturae
699 597 845 635 ·iustitiae
864 595 1027 629 Votantes
1056 594 1087 628 in
1115 593 1226 629 locum
1244 592 1535 628 Subdiaconorum
1553 615 1562 631 ‚
1598 601 1632 627 et

145 645 379 693 Acolytorum
409 654 470 688 per
493 656 553 679 nos
580 669 591 685 ,
620 654 657 679 ut
694 644 934 687 praemittitur,
974 654 1229 689 suppressorum
1251 665 1261 682 ‚
1288 650 1322 676 et
1355 639 1557 676 abolitorum
1588 651 1636 674 re-

145 697 323 740 spective,
351 704 430 728 cum
459 695 580 728 eodem
611 694 750 728 omnino
778 695 904 728 honore
935 693 1108 728 assistendi
1130 717 1140 733 ,
1167 702 1201 726 et
1223 690 1422 725 inserviendi
1454 689 1574 729 nobis,
1600 697 1634 723 et

146 743 300 778 Romano
330 742 485 777 Pontifici
515 753 577 787 pro
606 750 760 785 tempore
794 740 950 777 existenti
977 764 988 780 ‚
1016 751 1082 776 tam
1114 743 1145 776 in
1175 738 1340 785 Cappella
1369 749 1506 778 nostra,
1533 749 1634 784 quam

147 791 181 826 in
209 790 282 826 aliis
298 815 309 831 ,
337 791 368 825 in
384 791 507 835 quibus
528 790 624 825 nobis
640 816 649 830 ‚
677 800 710 826 et
729 791 881 825 Romano
896 788 1061 824 Pontifice
1087 801 1148 836 pro
1165 798 1318 832 tempore
1332 789 1496 824 existente
1511 811 1521 827 ,
1554 798 1636 832 prae-

147 840 295 875 sentibus
325 839 438 874 divina
466 839 826 880 celebranturofficia,
854 838 1030 878 Ecclesiis‚
1065 851 1126 874 nec
1159 849 1224 872 non
1242 836 1544 874 processionibus,
1575 845 1637 870 cae-

149 888 298 934 terisque
316 887 547 924 functionibus
566 888 752 924 Pontificiis
766 913 782 928 ,
808 890 847 923 ad
873 890 964 934 quod
994 888 1074 922 dicti
1090 886 1289 922 Subdiaconi
1305 910 1315 925 ,
1343 896 1374 921 et
1390 884 1531 932 Acolyti
1547 909 1556 924 ‚
1587 896 1637 918 ra-

149 937 241 972 tione
265 949 408 973 suorum
427 938 619 973 officiorum
649 946 723 972 ante
741 937 877 972 illorum
906 936 1175 982 suppressionem
1192 959 1202 974 ,
1235 944 1268 969 et
1300 933 1544 969 extinctionem
1560 957 1571 972 ‚
1600 939 1637 966 ut

150 986 330 1032 praefertur
355 1011 366 1026 ,
393 987 494 1022 factas
519 1011 529 1026 ,
562 985 823 1031 quomodolibet
848 986 1048 1020 tenebantur
1074 1009 1084 1025 ‚
1115 994 1148 1019 et
1171 982 1313 1029 obligati
1340 992 1431 1016 erant
1457 1005 1468 1021 ,
1499 990 1532 1015 et
1557 991 1636 1015 cum

149 1035 307 1070 omnibus
340 1060 350 1075 ,
386 1044 420 1070 et
464 1035 602 1080 singulis
630 1035 817 1070 honoribus
847 1059 859 1075 ‚
889 1033 1119 1079 praerogativis
1147 1057 1157 1074 ,
1184 1030 1447 1077 praecedentiis,
1472 1040 1504 1064 et
1534 1040 1640 1074 praee-

150 1084 345 1122 minentiis,
387 1095 461 1129 quae
479 1087 522 1119 de
551 1086 648 1124 iure,
683 1094 739 1118 aut
769 1096 810 1119 ex
843 1081 1165 1122 constitutionibus,
1190 1090 1223 1115 et
1252 1080 1390 1115 indultis
1405 1078 1637 1123 Apostolicis‚

149 1131 202 1166 vel
236 1145 277 1166 ex
304 1143 393 1170 usu,
431 1141 465 1166 et
494 1132 765 1171 consuetudine,
800 1140 834 1165 et
858 1132 937 1165 alias
970 1131 1295 1176 quomodocumque
1321 1126 1567 1166 subdiaconis,
1606 1132 1640 1160 et

151 1179 338 1226 Acolythis
365 1178 602 1224 Apostolicis,
632 1188 670 1213 ut
698 1178 919 1223 praemittitur
943 1202 952 1217 ‚
979 1178 1163 1222 suppressis
1190 1201 1200 1216 ,
1230 1185 1264 1211 et
1287 1174 1418 1210 abolitis
1443 1199 1454 1215 ,
1489 1175 1641 1209 illorum-

151 1240 218 1274 que
246 1228 417 1274 Collegiis
443 1238 519 1263 ante
545 1228 815 1273 suppressionem
832 1251 842 1266 ‚
870 1236 902 1262 et
925 1225 1143 1262 abolitionem
1166 1225 1358 1266 huiusmodi
1374 1227 1640 1268 competebant,

153 1277 308 1322 exceptis
351 1287 461 1312 tamen
489 1276 667 1323 quibusvis
697 1275 886 1311 redditibus
912 1300 924 1315 ,
966 1284 999 1310 et
1026 1275 1261 1310 emolumentis
1290 1272 1531 1318 temporalibus
1560 1271 1641 1316 ipsis

151 1326 377 1360 Subdiaconis
406 1350 416 1365 ‚
454 1336 487 1360 et
513 1325 695 1372 Acolythis
732 1325 938 1369 illorumque
969 1323 1136 1369 Collegiis
1162 1323 1242 1358 olim
1258 1321 1428 1368 assignatis
1458 1345 1469 1362 ‚
1497 1330 1532 1355 et
1565 1327 1642 1354 ante

153 1375 289 1408 easdem
319 1374 590 1417 suppressionem
610 1397 620 1412 ‚
649 1383 680 1407 et
701 1373 918 1408 abolitionem
939 1372 1004 1407 illis
1034 1372 1154 1407 debitis
1169 1396 1179 1412 ,
1208 1380 1240 1406 et
1259 1383 1319 1416 per
1337 1383 1393 1405 eos
1410 1369 1539 1413 percipi
1564 1367 1643 1402 soli-

153 1421 198 1456 tis
215 1445 226 1461 ,
260 1432 334 1466 qua:
348 1422 501 1456 Camerae
530 1430 651 1456 nostrae
669 1421 875 1465 Apostolicae
907 1430 968 1463 per
994 1432 1052 1453 nos
1072 1421 1137 1457 iam
1171 1419 1358 1463 applicata,
1385 1427 1420 1451 et
1444 1420 1650 1461 incorpora--

154 1479 188 1505 ta
221 1478 300 1504 sunt
318 1494 333 1509 ,,
359 1479 452 1505 motu
467 1493 478 1508 ‚
500 1469 638 1504 scientia
656 1493 666 1508 ‚
697 1467 968 1506 deliberatione,
1001 1480 1038 1502 ac
1053 1466 1228 1512 potestatis
1248 1465 1458 1510 plenitudine
1473 1473 1509 1499 et
1527 1474 1644 1499 tenore

155 1518 293 1565 paribus
319 1517 556 1554 substituimus
580 1542 591 1558 ,
625 1526 660 1552 et
686 1518 910 1563 subrogamus
931 1540 940 1549 .
962 1517 1022 1558 ,Ac
1059 1516 1195 1561 insuper
1222 1514 1363 1559 praefatis
1393 1514 1643 1556 Auditoribus,

155 1576 188 1603 et
216 1577 332 1601 eorum
368 1565 508 1611 singulis
535 1591 547 1607 ,
575 1578 662 1601 nunc
680 1591 691 1607 ,
716 1573 752 1601 et
781 1565 813 1600 in
846 1565 996 1600 futurum
1025 1566 1306 1610 quandocumque
1339 1562 1555 1597 existentibus
1581 1564 1646 1606 pro

153 1615 273 1655 majori
296 1615 478 1650 ministerii
507 1617 552 1651 eis
583 1626 643 1661 per
660 1623 843 1661 praesentes
868 1614 1010 1654 iniuncti
1041 1614 1190 1653 decore,
1217 1624 1255 1648 ac
1275 1622 1410 1646 suarum
1428 1621 1645 1656 personarum

154 1673 352 1700 ornamento
369 1688 380 1704 ‚
407 1674 447 1699 ut
474 1665 632 1708 deinceps
657 1673 789 1699 vestem
821 1663 1017 1698 interiorem
1034 1686 1045 1702 ‚
1070 1673 1144 1708 quae
1158 1663 1343 1701 subtanea,
1375 1671 1433 1694 nec
1463 1670 1527 1692 non
1544 1657 1643 1693 aliam

154 1713 360 1748 exteriorem
397 1737 407 1752 s
446 1727 517 1758 quae
560 1713 813 1748 mantellectum
841 1711 947 1759 vulgo
975 1709 1366 1757 nuncupatur‚violacei
1401 1707 1526 1743 COIOYiS
1552 1731 1562 1746 ,
1606 1718 1645 1741 ac

155 1761 256 1796 etiam
292 1761 406 1795 Galeri
436 1761 701 1801 redimiculum,
729 1763 877 1796 cordone
893 1761 998 1807 vulgo
1025 1761 1153 1795 dictum
1178 1760 1333 1798 eiusdem
1347 1756 1472 1792 coloris
1501 1755 1644 1790 violacei

154 1811 283 1855 ubique
311 1809 461 1844 deferant
481 1834 491 1849 ‚
518 1809 732 1854 praecipimus
761 1833 775 1848 ,
800 1818 833 1843 et
862 1810 1084 1844 mandamus.
1123 1809 1548 1857 Iniungentes-spropterea
1564 1802 1646 1838 dile-

158 1858 220 1894 ctis
249 1856 377 1903 pariter
406 1858 484 1893 filiis
512 1851 802 1893 Caeremonflum
831 1858 981 1897 ejusdem
1016 1855 1191 1902 Cappellae
1219 1853 1414 1899 Magistris,
1440 1860 1479 1887 ut
1508 1852 1645 1887 eosdem

156 1906 342 1942 Auditores
371 1907 411 1941 ad
443 1906 736 1942 Subdiaconorum
769 1930 781 1947 ,
811 1913 844 1940 et
871 1907 1033 1941 Votantes
1063 1905 1207 1951 praefatae
1230 1903 1413 1948 Slgnaturae
1439 1900 1576 1942 justitiae
1606 1899 1647 1935 ad

156 1955 390 2000 Acolytorum
418 1955 609 2000 respective
638 1954 751 1989 officia
780 1955 813 1989 in
844 1954 1038 2000 Cappella,
1067 1953 1206 1998 aliisque
1236 1950 1418 1989 Ecclesiis‚
1443 1961 1480 1984 ac
1509 1960 1647 1992 proces-

157 2003 334 2042 sionibus,
360 2005 559 2050 caeterisque
576 2004 704 2039 actibus
725 2027 736 2044 ‚
766 2012 799 2038 et
815 2003 1046 2038 functionibus
1068 2001 1215 2048 praefatis
1238 2012 1319 2034 cum
1347 1997 1568 2042 assignatione
1597 1996 1649 2031 lo-

159 2053 188 2090 ci
225 2051 393 2097 congrui,
418 2062 458 2087 ut
474 2053 575 2088 moris
595 2062 672 2093 est,
698 2053 910 2091 exercenda,
939 2049 1146 2092 admi'ttant3
1179 2063 1215 2085 ac
1243 2052 1459 2084 decernentes
1475 2071 1485 2087 ,
1513 2045 1648 2081 easdem

159 2108 338 2148 praesentes
365 2100 475 2136 literas
504 2103 605 2136 etiam
635 2112 678 2135 ex
705 2112 747 2134 eo
782 2101 876 2144 quod
903 2100 1113 2144 quicumque
1140 2101 1241 2134 etiam
1273 2095 1413 2144 specialiv
1437 2093 1652 2141 expressione

161 2150 253 2196 digni
278 2150 310 2184 in
341 2151 521 2192 praemissis
548 2149 710 2184 interesse
738 2149 897 2182 habentes
928 2171 938 2187 ,
969 2159 1027 2182 seu
1059 2149 1182 2181 habere
1221 2145 1483 2192 quomodolibet
1509 2152 1652 2189 praeten·

162 2193 277 2234 dentes
305 2197 347 2232 ad
376 2210 419 2233 ea
442 2198 582 2238 vocati,
612 2207 645 2232 et
672 2196 801 2235 auditi,
830 2207 889 2230 seu
922 2207 1055 2234 causae,
1089 2204 1230 2240 propter
1259 2206 1339 2239 quas
1366 2193 1444 2237 ipsae
1474 2199 1652 2237 praesentes

165 2255 360 2282 emanarunt
380 2270 392 2286 ‚
418 2248 593 2286 adductae,
626 2246 839 2283 verificatae,
874 2244 1125 2283 acriustificatae
1153 2255 1217 2278 non
1246 2242 1371 2277 fuerint
1398 2265 1409 2282 ,
1447 2250 1506 2277 aut
1531 2253 1573 2276 ex
1593 2238 1654 2274 alia

166 2305 381 2342 quacumque
412 2309 510 2332 causa
529 2319 540 2335 ,
566 2293 681 2329 colore
705 2316 715 2332 ‚
757 2300 923 2336 praetextu
947 2315 958 2330 ‚
987 2301 1020 2326 et
1048 2294 1163 2336 capite·
1189 2292 1290 2326 etiam
1332 2291 1364 2325 in
1399 2300 1546 2334 corpore
1570 2287 1651 2328 juris

165 2345 283 2380 clauso
309 2344 406 2380 etiam
438 2344 587 2380 enormis
613 2366 624 2382 ‚
653 2339 896 2377 enormissimae
927 2363 937 2379 ‚
971 2348 1004 2374 et
1028 2340 1142 2375 totalis
1171 2339 1339 2379 laesionis,
1365 2337 1460 2373 nullo
1488 2346 1650 2380 umquam

166 2403 320 2438 tempore
348 2394 389 2428 de
415 2392 643 2439 subreptionis
665 2416 675 2431 ‚
706 2389 760 2424 vel
783 2387 1020 2432 obreptionis,
1051 2398 1108 2423 aut
1134 2380 1295 2423 nullitatis
1323 2387 1430 2425 viti0,
1455 2397 1515 2420 seu
1547 2383 1654 2419 inten-

169 2443 269 2478 tionis
295 2450 414 2477 nostrae
428 2466 439 2482 ,
468 2452 501 2477 et
517 2444 679 2477 interesse
707 2437 901 2473 habentium
919 2449 1101 2472 consensus
1119 2461 1129 2477 ‚
1160 2445 1193 2470 et
1210 2435 1276 2470 alio
1298 2434 1461 2481 *quolibet
1477 2442 1652 2479 quantum-

164 2493 222 2531 ‘vis
252 2497 400 2538 magnO,
423 2490 658 2532 substantiali,
683 2498 719 2524 et
740 2485 994 2533 inexcogitabili
1024 2486 1162 2521 defectu
1189 2484 1329 2526 notari,
1361 2483 1551 2529 impugnari
1569 2481 1654 2564 ‚miin-

1528 2541 1570 2566 va
1588 2541 1596 2565 ι
1623 2541 1658 2564 ι-
