1952 3167
311 351 400 408 246
500 364 511 402 ,·
547 361 552 364 ·
578 347 655 389 DE
685 342 820 394 JURE
851 338 1197 384 SiGNATURAE
1228 336 1488 389 JUSTlTIAE

317 410 524 468 Scriptura
545 406 783 451 conficiatur
810 434 825 453 ,
852 417 982 459 quum
1011 417 1130 445 sensu
1158 401 1311 449 judicis
1336 402 1478 441 audito
1509 429 1522 448 ,
1554 398 1667 442 facile
1698 412 1786 453 est,

319 470 491 527 quando
523 469 564 510 in
590 478 776 525 promptu
813 476 948 520 parata
992 461 1197 518 responsio
1232 475 1315 500 non
1363 461 1593 509 habeatur,
1625 474 1786 503 maturo

319 528 487 572 consilio
514 528 556 570 in
583 528 689 569 dicta
710 522 980 580 responsionis
997 521 1202 577 Scriptura
1223 533 1269 559 ea
1288 532 1490 573 exponere
1518 532 1754 574 argumenta
1771 551 1786 572 ,

319 603 426 645 quae
454 588 680 631 Votantem
701 600 721 626 a
754 581 877 639 priori
908 579 1106 621 sententia
1137 577 1338 620 dimovere
1374 588 1543 632 possunt
1566 604 1575 615 .
1613 578 1661 619 Et
1688 581 1787 623 haec

323 648 490 704 quidem
516 648 619 689 dicta
641 642 843 688 sufficiant
865 639 1006 695 quoad
1025 638 1209 680 ordinem
1225 636 1454 693 Scripturae
1479 663 1492 682 ‚
1526 645 1565 676 et
1598 633 1789 678 informa-

316 707 446 751 tionis
465 739 476 758 ,
507 705 753 750 servandum
781 702 822 741 in
844 698 973 758 prima
1000 699 1165 740 Causae
1192 696 1496 754 propositione5,
1527 707 1567 735 at
1582 694 1614 736 si
1650 695 1791 737 denuo

325 770 370 811 in
408 768 545 810 eadem
577 766 792 822 Signatura
825 772 1111 817 proponatur,
1136 760 1309 814 quando
1339 770 1509 813 nempe,
1543 766 1591 796 ut
1605 770 1681 797 suo
1700 756 1791 797 loco

327 829 482 871 dictum
515 837 602 872 est,
638 824 776 881 plenae
811 819 1053 877 Signaturae
1088 819 1278 874 rescripto
1304 813 1460 868 adjecta
1496 829 1580 856 non
1606 814 1655 857 sit
1678 815 1794 856 clau-

327 890 414 933 sula
434 899 497 931 :et
529 884 717 942 amplius,
746 879 1013 925 diversimode
1044 878 1252 934 agendum
1279 889 1336 918 est
1368 905 1382 925 ,
1409 875 1523 930 quod
1551 887 1591 918 et
1626 874 1796 916 inferius

327 950 523 992 adnotare
555 942 747 985 duximus
766 970 777 980 .

440 1007 495 1044 ln
526 1003 645 1043 altera
665 997 846 1050 ejusdem
865 993 1028 1035 Causae
1054 993 1326 1049 propositione
1345 998 1513 1046 operam
1532 1005 1695 1032 ornnem
1717 1004 1796 1032 na-

326 1077 419 1108 vare
442 1073 598 1119 oportet
616 1086 629 1106 ,
663 1068 711 1097 ut
743 1051 900 1106 aliquid
935 1052 1032 1094 novi
1055 1051 1306 1093 Votantibus
1324 1063 1555 1106 exponatur
1571 1081 1584 1099 ,
1611 1051 1652 1090 in
1669 1050 1804 1107 priore

329 1120 605 1182 propositione
637 1129 723 1157 non
755 1112 978 1155 deductum
997 1140 1010 1159 ,
1043 1121 1126 1152 tam
1157 1109 1261 1151 circa
1295 1108 1477 1157 factum,
1512 1108 1698 1165 illiusque
1724 1109 1805 1151 cir-

331 1178 593 1226 cumstantias
610 1207 623 1225 ,
649 1187 770 1231 quam
787 1170 891 1212 circa
913 1168 1006 1221 jus3
1037 1184 1133 1211 nam
1150 1169 1370 1211 indubium
1393 1181 1450 1208 est
1465 1198 1479 1216 ,
1513 1169 1628 1218 quod
1640 1169 1672 1208 si
1691 1168 1807 1209 Cau-

330 1257 372 1285 sa
394 1248 689 1296 reproponatur
720 1232 871 1284 absque
898 1244 947 1269 eo
977 1229 1091 1284 quod
1118 1229 1257 1270 melius
1278 1227 1376 1268 facti
1395 1225 1719 1268 circumstantiae
1739 1240 1805 1269 ex-

333 1311 571 1359 ponantur,
598 1293 659 1336 vel
678 1291 780 1347 quid
815 1288 912 1330 novi
948 1289 990 1328 in
1022 1288 1200 1328 medium
1230 1285 1321 1341 quis
1355 1283 1523 1331 afferat,
1553 1300 1627 1340 pro
1654 1298 1762 1324 certo
1782 1297 1807 1324 a

328 1359 552 1410 signatura
583 1350 810 1394 rescribitur
827 1376 840 1393 ‚
870 1347 914 1388 in
940 1345 1077 1386 decisis
1099 1376 1106 1384 .
1134 1346 1241 1386 Hinc
1270 1344 1394 1399 aliqui
1421 1342 1538 1382 bilem
1557 1374 1570 1392 ‚
1603 1357 1636 1384 er
1657 1356 1810 1384 stoma-

279 1454 280 1457 ,
337 1404 462 1461 elium
497 1425 690 1457 movent,
718 1409 818 1449 dum
845 1407 995 1461 absque
1030 1405 1145 1447 novis
1174 1404 1332 1459 juribus
1366 1402 1548 1443 Causam
1585 1402 1625 1441 in
1665 1402 1812 1458 Signa·

330 1488 432 1523 ftu-ra
465 1481 733 1528 reproponere
766 1464 962 1510 student,
1001 1463 1075 1505 boc
1102 1462 1212 1503 enim
1242 1475 1298 1502 est
1331 1475 1481 1515 aquam
1507 1460 1641 1502 cribro
1676 1459 1813 1501 hauri·

336 1549 382 1578 re
403 1565 414 1575 .
444 1533 533 1573 Nos
567 1540 700 1569 autem
730 1522 845 1563 haud
865 1521 1124 1569 inficiamur,
1159 1520 1381 1574 aliquando
1414 1519 1567 1574 absque
1601 1521 1655 1560 rei
1698 1519 1814 1560 novi·

340 1606 420 1638 tate
447 1606 469 1632 a
504 1587 626 1646 priori
658 1582 897 1624 resolutione
931 1579 1133 1621 ²l'ribunal
1169 1579 1407 1634 Signarurae
1441 1579 1678 1625 recessisse3
1714 1591 1815 1619 atta·-

343 1665 438 1695 men
457 1650 500 1689 id
519 1661 567 1688 ex
585 1662 634 1686 eo
660 1642 793 1685 evenit
819 1668 831 1686 ‚
864 1640 979 1694 quod
1006 1640 1097 1681 lacti
1121 1638 1440 1680 circumstantiae
1473 1637 1516 1677 in
1544 1638 1672 1693 priori
1704 1638 1817 1678 Lau·

338 1725 414 1755 sae
453 1703 725 1765 propositione
754 1698 899 1742 clarius
926 1712 1131 1758 expressae
1159 1712 1244 1740 non
1271 1696 1659 1753 fuerunt,ideoque
1690 1710 1764 1738 nec
1792 1706 1818 1737 a

344 1765 598 1817 Votantibus
614 1761 706 1803 satis
735 1771 955 1818 perpensae
969 1790 985 1803 .

472 1824 693 1878 Reliquum
725 1834 784 1861 est
802 1850 815 1867 ,
842 1832 889 1859 ut
906 1852 919 1870 ,
951 1819 1089 1876 quoad
1107 1814 1299 1872 suffragia
1318 1813 1485 1855 ferenda
1503 1842 1517 1861 ,
1545 1827 1620 1870 pro
1649 1811 1821 1867 hujusce

353 1884 516 1942 Capitis
535 1880 728 1924 coronide
756 1877 914 1934 aliquid
947 1881 1217 1925 adnotemu33
1251 1875 1477 1916 hodiernus
1495 1874 1605 1915 enim
1625 1873 1738 1915 stilus
1764 1873 1822 1914 ita

353 1962 393 1989 se
424 1946 542 1986 habet
562 1974 574 1992 ,
605 1955 658 1983 vut
681 1939 722 1980 in
753 1939 816 1979 die
852 1938 1049 1985 Sabbati,
1084 1950 1122 1979 et
1160 1935 1409 1983 Dominico‚
1445 1949 1492 1976 ac
1529 1935 1649 1976 etiam
1686 1932 1727 1973 in
1759 1930 1824 1972 die

351 1996 499 2048 Lu‘nae
529 2003 570 2040 in
584 1999 722 2041 studio
751 1994 966 2049 cujuslibet
993 1993 1187 2039 Votantis
1219 1995 1402 2038 intersint
1431 1991 1720 2050 quamplurimi
1752 1990 1825 2042 Ju-

355 2059 709 2117 venes,legalibus
727 2055 967 2112 disciplinis·
987 2055 1137 2098 addicti
1171 2069 1244 2112 pro
1284 2055 1400 2113 praxi
1431 2055 1672 2111 Signaturae
1709 2047 1825 2089 addi-

360 2120 509 2166 scenda
542 2150 553 2168 ,
586 2118 738 2173 quibus
763 2114 948 2167 Adiutor
976 2116 1208 2159 studiorum
1236 2114 1430 2154 Votantis
1470 2113 1702 2152 Causarum
1723 2106 1827 2149 Scri-

363 2193 506 2238 pturas
536 2176 768 2222 distribuit,
802 2174 971 2228 quaein
999 2171 1181 2227 proxima
1209 2170 1330 2225 *plena
1349 2169 1564 2224 Signatnra
1590 2180 1828 2227 proponun-

365 2251 465 2286 tur;
497 2247 534 2275 et
550 2235 716 2288 quilibet
743 2232 950 2286 ipsorum,
977 2227 1137 2285 juribus
1155 2256 1167 2272 ‚
1194 2241 1242 2269 ac
1260 2227 1355 2270 facti
1383 2227 1591 2284 speciebus
1607 2226 1834 2284 perpensis,

360 2294 590 2341 restrictum
625 2289 754 2333 facere
786 2290 904 2332 debet
922 2286 1244 2345 ,propriumque
1276 2301 1438 2329 sensum
1469 2287 1619 2343 aperire
1638 2316 1648 2326 .
1681 2284 1830 2342 Hujus-

368 2353 484 2397 modi
527 2351 761 2392 exercitium
788 2349 902 2391 iuvat
924 2347 1140 2405 plurimum
1172 2359 1256 2387 non
1296 2345 1419 2387 modo
1453 2347 1545 2404 ipsis
1577 2344 1831 2393 juvenibus,

364 2427 515 2459 verum
538 2410 656 2452 etiam
673 2408 886 2450 eidemmet
911 2404 1181 2455 Praelato—‚illi
1196 2420 1374 2461 namque
1401 2405 1453 2448 ita
1473 2406 1585 2464 periti
1603 2405 1830 2447 redduntur

369 2474 416 2515 in
436 2469 666 2529 cognitione
683 2499 697 2518 ,
725 2482 794 2511 seu
815 2465 1073 2525 intelligentia
1091 2465 1385 2523 Rescriptorum
1422 2466 1658 2523 Signaturae
1677 2497 1692 2516 ,
1725 2473 1832 2516 quae

373 2547 524 2591 partem
556 2543 731 2586 occupat
767 2527 982 2569 maximam
1010 2525 1141 2584 praxis
1175 2526 1379 2566 Romanae
1412 2525 1598 2574 Curiae;
1628 2521 1830 2566 Praelatus

378 2605 477 2635 vero
495 2622 509 2642 ‚
525 2588 763 2646 hujusmodi
778 2587 994 2633 Restrictus
1009 2585 1265 2632 observando
1283 2614 1298 2635 ,
1314 2600 1338 2629 a
1353 2582 1497 2642 majori
1513 2599 1553 2629 se
1570 2581 1704 2629 eximit
1717 2580 1833 2624 labo-

1768 2651 1837 2690 re,
