1993 3195
637 237 676 279 C
712 238 758 280 A·
780 240 809 278 P
842 238 882 278 U
915 240 952 280 T
1011 242 1067 282 V.
1519 246 1575 286 28

140 301 316 344 cationes
345 322 358 342 ,
391 304 431 334 et
459 293 634 332 uniones
660 294 893 337 Causarum
925 299 1083 339 radone
1116 297 1384 340 connexionis
1414 330 1428 349 ‚
1460 255 1612 359 depenS-

141 357 294 400 dentiae
313 385 326 403 ‚
362 351 422 396 vel
441 348 736 395 individuitatis
763 367 856 394 cum
876 353 996 395 altera
1027 354 1167 396 Causa
1187 384 1200 403 ‚
1224 355 1422 412 pendenti
1453 359 1495 399 in
1532 362 1608 403 alio

141 412 355 456 Tribunali
374 441 386 460 ‚
417 410 497 454 sive
517 425 612 453 cum
629 425 666 452 re
695 410 873 468 judicata
897 411 990 454 alias
1015 426 1201 455 emanata
1223 445 1235 463 ,
1266 429 1286 456 e
1310 429 1394 469 qua
1412 417 1608 460 restitutio

140 473 182 514 in
205 473 403 529 integrum
433 468 569 511 forsan
589 469 816 512 obtineatur
839 502 851 519 ,
886 471 947 513 vel
982 474 1145 514 obtenta
1165 472 1314 523 fuerit,
1344 487 1365 514 a
1400 474 1519 531 plena
1556 477 1612 518 Si-

139 544 313 589 gnatura
348 528 498 587 signari
534 543 617 571 non
653 529 829 579 debent,
867 529 943 571 nisi
979 528 1134 573 refectis
1169 531 1363 576 omnibus
1394 535 1610 591 expensis,

141 605 223 634 tam
265 588 574 647 judicialibus,
608 603 732 645 quam
763 587 1136 642 extrajudicialibus
1172 618 1186 638 ‚
1219 592 1375 646 quoties
1408 594 1608 637 constabit

142 666 236 693 cum
265 648 428 690 scientia
458 647 698 702 pendentiae
725 647 883 690 alterius
903 646 1065 691 Causae
1083 681 1097 699 ,
1127 649 1208 693 sive
1227 649 1456 695 existentiae
1476 652 1530 693 rei
1547 651 1608 705 ju-

142 710 326 756 dicatae,
359 721 508 748 novam
533 706 717 748 Causam
751 708 801 748 ab
837 708 986 749 Actore
1018 708 1321 759 introductam,
1352 711 1434 754 sive
1467 713 1487 753 a
1522 713 1607 753 Reo

142 778 403 810 contestatam
423 764 545 807 fuisse
568 781 582 816 ;
613 767 738 809 verba
756 778 852 808 sunt
888 780 985 809 sunt
1009 767 1198 811 laudatae
1234 767 1535 824 Refhrmationz's
1563 770 1606 811 ia

141 839 230 883 cap.
251 840 324 867 xv.
341 826 414 883 (1)
431 855 442 866 .

268 885 313 925 ld
341 886 473 942 ipsum
495 884 536 925 in
557 885 682 942 capite
699 895 783 940 xvj.
806 884 957 929 servari
978 897 1173 930 statutum
1200 885 1280 930 fuit
1306 892 1444 943 quoad
1478 891 1610 934 Com-

144 943 353 986 missiones
392 958 512 1001 super
544 944 912 1000 circumscriptione
940 945 1108 1002 alicujus
1144 948 1366 990 sententiae
1400 981 1413 999 ‚
1441 951 1488 992 de
1515 965 1610 1006 par-

144 1005 252 1046 tium
279 1018 478 1045 consensu
496 1016 704 1045 emanatae
733 1003 774 1043 in
803 1004 936 1060 gradu
954 1020 1164 1054 recursus,
1196 1018 1316 1061 super
1347 1008 1498 1050 Causis
1517 1037 1529 1056 ,
1560 1009 1609 1051 de

144 1077 286 1106 earum
306 1076 455 1104 natura
482 1063 636 1105 ratione
656 1076 839 1103 summae
857 1063 1160 1119 appellabilibus
1180 1078 1192 1113 ;
1212 1064 1333 1106 immo
1350 1097 1362 1114 ‚
1380 1083 1465 1109 non
1486 1066 1609 1110 modo

144 1122 307 1178 praevia
331 1120 541 1163 refectione
568 1136 837 1176 expensarum
862 1121 1113 1173 judicialium
1133 1151 1144 1169 ,
1170 1136 1207 1164 et
1223 1123 1606 1176 extrajudicialiurn,

143 1180 212 1223 sed
245 1181 363 1221 etiarn
393 1180 636 1220 damnorum
660 1193 1011 1239 quorumcumque
1031 1181 1248 1238 signandas
1285 1197 1363 1224 esse
1384 1216 1396 1232 ,
1413 1197 1606 1233 cavetur;

145 1251 184 1280 et
204 1237 520 1280 Commissiones
552 1238 635 1278 illae
670 1238 919 1281 avocationis
950 1239 1185 1281 Causarum
1216 1270 1226 1285 ,
1260 1253 1298 1282 et
1331 1242 1609 1285 declinationis

145 1296 222 1339 fori
256 1297 409 1339 ratione
450 1296 657 1339 clericatus
686 1327 699 1345 ,
736 1296 815 1339 sive
851 1297 1010 1341 alterius
1041 1298 1333 1353 cujuscumque
1368 1301 1562 1358 privilegii
1590 1333 1607 1352 ,

147 1356 308 1410 quoties
344 1355 583 1413 Signaturae
611 1356 880 1412 porrigantur
902 1370 991 1411 post
1009 1357 1243 1412 praestitum
1275 1372 1518 1399 consensum
1539 1374 1608 1401 co-

148 1429 235 1456 ram
277 1414 416 1462 judice
452 1414 663 1455 ordinario
691 1445 704 1464 ,
744 1415 821 1456 sub
857 1416 996 1455 eadem
1033 1415 1295 1472 dispositione
1338 1419 1607 1474 comprehen-

149 1473 332 1517 duntur.

266 1533 315 1576 Et
333 1533 594 1577 Avocationis
613 1530 824 1575 materiam
857 1534 1173 1590 prosequendo,
1205 1535 1377 1589 quando
1409 1551 1431 1577 a
1463 1537 1607 1594 Signa-

148 1602 238 1633 tura
260 1592 560 1632 rescribendum
586 1593 701 1633 estin
735 1593 970 1634 avocatione
996 1594 1158 1635 Causae
1185 1608 1296 1635 extra
1329 1595 1504 1636 Curiam
1523 1627 1535 1645 ‚
1565 1598 1606 1639 in

148 1648 447 1691 commissione
466 1651 686 1707 apponitur
704 1649 882 1692 clausula
899 1682 912 1701 ,
942 1662 1138 1709 quatenus
1158 1653 1283 1695 Causa
1311 1653 1500 1696 instructa
1527 1669 1604 1696 non

146 1706 228 1756 sin,
260 1721 352 1747 nam
373 1722 446 1762 pro
468 1707 556 1757 jure
575 1719 684 1749 certo
703 1709 873 1749 habetur
891 1736 903 1754 ,
937 1712 1120 1750 Causam
1154 1711 1389 1752 instructam
1419 1726 1503 1751 non
1531 1726 1609 1754 esse

155 1768 438 1812 avocandam3
470 1777 508 1804 et
539 1767 634 1819 quia
665 1766 708 1805 in
742 1764 1113 1809 commissionibus
1132 1767 1390 1809 Avocatoriis
1423 1782 1613 1812 narratur

155 1821 379 1878 aliquando
395 1852 406 1870 ‚
420 1821 473 1861 ad
501 1822 721 1863 nonnullos
737 1834 847 1863 actus
872 1824 1090 1865 deventum
1108 1824 1225 1866 fuisse
1245 1854 1256 1871 ‚
1271 1825 1508 1868 addendum
1526 1842 1614 1883 pro-

153 1878 249 1921 inde
268 1895 323 1923 est
343 1911 356 1929 ‚
385 1895 465 1920 non
478 1890 606 1921 tamea
624 1882 677 1921 ad
695 1880 843 1920 Causae
860 1882 1143 1924 conclusionem
1163 1913 1171 1924 .
1195 1882 1356 1926 Utilitas
1376 1885 1484 1928 enim
1505 1887 1611 1930 clau-

152 1938 367 1988 sulae,jam
386 1940 537 1987 dictae,
554 1954 598 1980 ea
618 1941 637 1980 a
660 1937 809 1981 Vestrio
828 1939 901 1994 (2)
922 1940 1308 1999 adnotatur,„quod‚
1324 1957 1395 1998 per
1414 1944 1612 1989 Commi&

154 1994 309 2038 sionem
335 1997 591 2054 hujusmodi,
614 1997 753 2039 Causa
769 2027 782 2045 ‚
798 1998 917 2039 etiam
948 1997 1146 2040 instructa
1164 2031 1177 2049 ‚
1211 2014 1406 2043 avocatur
1422 2034 1435 2053 ‚
1470 2018 1508 2049 et
1526 2021 1612 2049 cer-

152 2054 232 2097 tior
269 2084 282 2102 ,
320 2071 367 2097 ac
401 2056 563 2097 ulterior
597 2056 833 2112 exprimitur
868 2056 1031 2098 Causae
1071 2069 1201 2101 status
1239 2073 1252 2107 ς
1291 2074 1464 2104 attamen
1503 2065 1609 2108 dicta

154 2114 330 2157 clausula
350 2128 557 2169 tamquam
575 2114 750 2173 captiosa
770 2113 905 2155 habita
924 2114 1002 2157 fuit
1017 2145 1030 2164 ,
1050 2129 1087 2158 et
1117 2133 1140 2158 a
1170 2118 1452 2174 Signatoribus
1468 2154 1480 2171 ‚
1501 2123 1608 2166 idem

160 2173 338 2216 Vestrius
373 2173 429 2214 ait
459 2205 471 2222 ,
504 2174 649 2230 passim
688 2172 815 2214 deleta
852 2201 865 2220 ,
894 2172 1079 2227 illiusque
1115 2176 1156 2216 in
1184 2177 1320 2218 locum
1354 2182 1570 2232 subrogata
1592 2213 1606 2234 ,

155 2233 361 2275 dummodo
377 2233 507 2275 Causa
526 2233 711 2273 instructa
727 2247 806 2272 non
820 2232 872 2273 sit
891 2249 901 2273 :
934 2232 1081 2276 dicitur
1097 2236 1191 2279 vero
1209 2235 1349 2279 Causa
1383 2239 1573 2282 instructa
1593 2273 1607 2292 ,

159 2290 256 2332 dum
272 2308 345 2349 pro
365 2291 486 2332 altera
517 2293 627 2332 Parte
652 2290 918 2345 pronunciari
939 2288 1020 2342 jam
1052 2294 1201 2349 possit,
1229 2307 1267 2337 et
1291 2311 1366 2353 pro
1393 2298 1453 2339 illa
1480 2313 1611 2343 essent

159 2351 582 2405 probationesfactae3
613 2362 650 2391 et
668 2349 742 2390 hac
768 2348 946 2390 clausula
966 2349 1095 2392 utitur
1115 2352 1329 2408 Signatura
1349 2356 1400 2396 ad
1433 2356 1609 2400 obvian-

162 2407 261 2450 dum
280 2409 432 2452 malitiis
449 2409 711 2467 Litigantium
726 2438 739 2457 ‚
755 2408 851 2464 quia
872 2407 1028 2452 evenire
1047 2411 1191 2466 poterit
1208 2441 1223 2460 ,
1249 2414 1362 2468 quod
1381 2413 1439 2455 ille
1466 2415 1610 2460 adver-

1125 2471 1214 2510 Nn
1247 2482 1272 2524 3
1544 2489 1610 2517 sus

188 2535 342 2550 —
1123 2540 1593 2559 ———

211 2598 266 2639 (1)
290 2597 503 2641 Appenni-loc·
517 2598 570 2630 cit.
827 2597 882 2639 (2)
905 2596 1011 2640 Lih.3.
1026 2598 1130 2641 cap.8.
1144 2609 1175 2632 n.
1188 2609 1221 2642 9⁵
1249 2624 1256 2632 ,
