1952 3167
251 307 275 331 ’π

250 309 517 380 Cgffservatores
547 340 647 376 Urbis
677 352 757 386 quas
792 354 904 377 causas
934 354 990 377 co-

327 407 383 439 ſsjn
399 404 506 427 πεπρ
524 392 651 436 possint
671 416 680 425 .
712 402 792 438 147.

250 442 447 477 constantini
461 444 534 475 nere
550 441 611 475 isio
639 452 699 486 pro
714 440 913 480 juveribus,
929 440 987 485 qui

345 490 431 535 apud
448 490 609 524 Votstntes
636 491 830 533 Signum-ae
861 490 989 524 Rescri-

346 550 416 573 ctus
433 540 619 572 (taus-,unm
654 540 837 572 conficiunt
853 560 861 570 .
880 538 961 581 243.

253 590 480 624 Consuetudo
509 588 642 632 quando
673 587 717 620 sit
759 585 986 619 attendenda.

352 641 431 682 148.
678 667 681 669 ,

298 686 416 731 agenni
436 697 465 719 in
492 684 622 723 iudicio
639 681 710 717 sine
737 681 898 718 citatione
924 694 989 718 non

350 735 539 769 admittitur
561 759 571 767 .
600 732 646 766 ibi
664 754 674 766 .

255 785 463 820 Contractus
483 782 591 816 illiciti
610 780 744 825 quinam
763 782 825 816 sint
839 806 849 821 ‚
883 791 917 817 et
933 780 986 817 cui

347 832 477 873 judicio
493 830 719 869 subjiciantur
737 854 746 863 .
782 832 863 877 148,

259 881 560 916 Contradictarum
595 889 756 924 quaenam
785 881 825 913 sit
858 880 989 924 praxis,

354 939 432 975 149.

250 978 392 1012 Corneti
410 977 542 1010 Causae
561 975 707 1021 gaudent
720 976 841 1018 Judice
856 976 990 1024 privati·

351 1040 395 1060 vo
413 1050 422 1064 ,
449 1037 526 1072 149.

259 1076 427 1110 Corsirus
443 1075 640 1110 Laurentius
651 1075 996 1115 Cardinalisffiloren-

347 1125 436 1159 tinus
456 1148 466 1162 ,
483 1134 599 1165 postea
621 1123 782 1158 Clemens
800 1136 868 1160 x11·
891 1127 989 1160 Prae·

353 1174 459 1208 fectus
478 1174 673 1219 Signaturae
692 1196 700 1206 .
735 1177 788 1210 16.

308 1224 443 1258 Nereus
463 1220 654 1256 Cardinalis
682 1222 872 1258 Praefectus
893 1248 901 1257 .
924 1223 993 1258 ibi.

311 1274 461 1306 Andreas
496 1268 710 1305 Cardinalis:
728 1273 771 1306 ob
799 1273 995 1318 resignatio-

354 1331 426 1354 nem
439 1320 542 1354 Nerei
560 1317 672 1364 patrui
688 1320 721 1354 in
737 1332 892 1363 praesens
904 1323 997 1356 Prae-

314 1368 317 1369 ⁷
356 1370 462 1403 fectus
503 1369 652 1409 eiusdem
683 1370 883 1415 Signaturae
898 1396 906 1404 .
940 1383 992 1415 17.

265 1418 487 1453 cracoviensis
526 1430 626 1452 causa
663 1429 765 1462 super
798 1420 995 1466 purgatione

357 1475 596 1501 attentatorum
614 1490 624 1500 .
654 1471 736 1509 265.

260 1513 499 1549 Criminalium
521 1516 712 1548 Causarum
742 1515 899 1553 decreta,
933 1526 997 1552 tam

354 1561 518 1596 Praefecti
541 1584 552 1600 ,
596 1572 694 1605 quam
737 1564 913 1596 Auditoris
933 1565 1000 1598 >Si-

354 1621 515 1658 gnaturao
544 1617 702 1655 quantam
732 1610 801 1644 vim
831 1612 971 1646 habeant
986 1635 995 1646 .

361 1670 440 1702 150.

267 1708 465 1745 Criminalis
479 1706 671 1747 iurisdictio
686 1720 745 1748 an,
771 1717 803 1743 et
826 1709 947 1753 quibus
964 1708 995 1744 in

353 1759 484 1793 casibus
500 1766 686 1802 competat>
705 1757 867 1792 Auditori
885 1757 998 1805 Signa-

354 1818 448 1843 turae
465 1833 475 1843 .
510 1819 587 1853 140.
615 1807 653 1840 ad
673 1817 748 1852 153.

256 1857 475 1893 Cumulatiua
489 1855 688 1896 jurisdictio
707 1854 893 1891 Curiarum
913 1857 994 1900 Epi-

350 1905 534 1950 scopalium
563 1914 678 1939 contra
714 1905 830 1940 Laicos
861 1906 995 1951 quando

351 1955 463 1989 locum
482 1955 601 1988 habeat
617 1977 627 1987 .
655 1965 731 2000 149.
762 1955 802 1988 ad
818 1964 896 1994 150.

263 2003 435 2043 Curiales,
450 2002 521 2050 sive
535 2002 775 2038 Procuratores
788 2002 910 2049 quibus
926 2014 997 2048 poe·

360 2052 409 2087 nis
426 2050 653 2090 subjiciuntur
670 2077 679 2091 ‚
706 2053 732 2087 si
751 2053 780 2087 in
796 2052 971 2097 scripturis
984 2076 994 2093 ,

337 2129 339 2131 .
364 2111 410 2135 etc
439 2101 731 2136 informationibus
763 2101 995 2136 immodestiae

359 2151 439 2184 fines
459 2151 644 2191 excedant,
674 2159 707 2185 et
737 2151 860 2186 factum
876 2162 994 2185 causae

362 2197 509 2240 captiose
525 2198 704 2234 immutent
717 2223 726 2232 .
759 2208 841 2246 240-

263 2246 431 2281 Cursores
461 2246 638 2288 quomodo
665 2258 701 2280 se
727 2256 841 2290 gerere
857 2246 887 2278 in
918 2245 1001 2278 cita-

357 2292 509 2328 tionibus
525 2290 728 2338 exequendis
743 2316 753 2332 ,
776 2301 809 2326 et
825 2303 905 2336 quas
920 2301 1001 2338 qua-

360 2341 471 2376 litates
487 2340 611 2376 habere
629 2343 793 2376 debeant.
815 2343 874 2383 69.

268 2392 457 2426 Cursorum
475 2391 624 2425 Bancum
655 2389 839 2436 antiquitus
868 2389 899 2423 in
915 2389 999 2425 Acie

367 2439 491 2485 Campi·
511 2438 628 2474 Florae
644 2454 653 2464 ·
683 2449 743 2488 42.
804 2481 807 2484 ,

272 2493 349 2523 Cum
370 2489 472 2523 dictio
497 2490 669 2534 quomodo
700 2489 832 2524 differat
847 2500 863 2522 a
879 2487 1000 2523 dictio-

368 2550 407 2574 ne
422 2537 460 2573 de
477 2561 487 2572 .
523 2537 604 2584 284.

826 290 1078 329 INDEX
1129 292 1190 328 11.

1399 341 1433 375 D

1041 439 1164 475 Damni
1182 439 1248 474 dati
1267 440 1455 472 Causarum
1473 437 1770 484 pertinentia.135.

1090 488 1198 533 quoad
1229 488 1348 519 damna
1376 486 1407 519 in
1437 495 1524 520 statu
1553 487 1657 518 caseri
1685 511 1695 526 ‚
1738 496 1768 522 et

1137 534 1448 579 Roucilioni5,atque
1465 534 1495 568 in
1521 534 1633 569 Terris
1653 538 1771 576 Onani,

1135 593 1167 617 et
1185 584 1326 617 ‘proceni
1341 584 1423 630 quid
1438 593 1592 618 servetur
1606 608 1615 618 .
1636 594 1713 632 154.
1732 585 1773 619 ad

1144 642 1224 674 155·
1246 633 1422 677 App.153.
1439 635 1476 668 ad
1496 642 1576 679 157.

1044 680 1200 716 Decanus
1229 682 1424 727 Signaturac
1453 683 1605 723 justitiae
1635 682 1770 727 quinam

1139 733 1177 766 ab
1195 730 1388 765 Alexandro
1401 732 1481 766 VII.
1496 732 1698 766 constitutus
1714 757 1722 772 ,
1741 740 1774 767 et

1139 792 1301 826 quaenam
1321 780 1498 815 facultates
1526 780 1634 816 eidem
1664 781 1774 816 tribu-

1141 838 1190 864 tae
1209 841 1320 870 .10.,
1348 840 1381 864 et
1401 841 1454 864 11.

1044 879 1243 926 Depositum
1289 879 1499 925 duplicatum
1533 878 1667 925 quando
1702 877 1772 913 fieri

1142 940 1275 963 necesse
1300 940 1363 963 non
1392 928 1460 964 sit.
1478 939 1538 972 99.

1093 978 1267 1024 quomodo
1309 977 1379 1012 fieri
1406 978 1528 1012 debeat
1556 1000 1567 1017 ,
1606 983 1641 1011 et
1678 987 1780 1022 penes

1143 1039 1243 1072 quem
1260 1051 1269 1061 .
1286 1028 1356 1062 ibi.
1373 1036 1502 1062 et100.

1046 1076 1232 1121 Deputatio
1260 1076 1389 1117 judicis
1431 1078 1461 1110 in
1489 1074 1602 1109 locum
1643 1073 1782 1110 alterius

1143 1125 1317 1171 quomodo
1334 1125 1404 1159 fieri
1418 1123 1524 1159 soleat
1536 1148 1545 1157 .
1563 1133 1645 1166 155.

1044 1172 1175 1209 Dilatio
1198 1172 1441 1219 propositionis
1471 1175 1647 1219 quomodo
1682 1173 1785 1218 impe-

1143 1222 1221 1258 trari
1237 1224 1392 1258 debeat.
1413 1234 1490 1269 ¹04·

1048 1271 1307 1308 Discussiouum
1337 1274 1470 1308 Causae
1504 1270 1592 1305 inter
1621 1270 1787 1305 Credito-

1146 1334 1197 1357 res
1214 1323 1299 1357 intra
1318 1325 1408 1367 quod
1427 1331 1558 1365 tempus
1574 1317 1706 1354 definiri
1720 1319 1783 1353 de·

1145 1372 1245 1405 beant
1266 1395 1276 1405 .
1304 1372 1394 1417 App.
1417 1373 1471 1406 16.

1049 1418 1231 1456 Districtus
1260 1421 1360 1454 Urbis
1388 1420 1523 1467 quinam
1550 1416 1787 1463 intelligatur.

1150 1479 1231 1512 155.
1248 1470 1286 1504 ad
1307 1471 1386 1512 156.

1406 1563 1431 1596 E

1046 1661 1085 1693 ab
1115 1659 1263 1695 Ecclesia
1290 1661 1433 1700 joanne-s
1467 1657 1591 1693 Paulus
1619 1680 1629 1697 ‚
1661 1656 1788 1691 Terdo-

1145 1711 1253 1744 nensis
1281 1705 1466 1743 Cardinalis
1482 1731 1493 1748 ‚
1522 1707 1714 1742 Praefectus
1737 1705 1788 1740 Si-

1148 1767 1308 1804 gnaturae
1324 1782 1332 1792 .
1356 1770 1408 1803 ¹4·
1773 1801 1778 1804 Δ

1049 1803 1207 1852 Episcopi
1236 1806 1462 1848 suntJudices
1491 1802 1654 1849 privativi
1676 1803 1708 1838 in
1727 1815 1790 1840 ma·

1147 1854 1232 1891 teria
1249 1857 1431 1902 legatorum
1465 1853 1597 1898 piorum
1616 1877 1626 1887 .
1646 1855 1731 1898 ¹5⁶².

1046 1903 1313 1940 Exfractationes
1342 1906 1382 1940 ab
1401 1903 1584 1949 Apothecis
1605 1900 1788 1936 Salsamen-

1143 1953 1304 1990 tariorum
1326 1978 1336 1994 ‚
1366 1962 1399 1988 et
1416 1952 1601 1987 Lanionum
1629 1963 1668 1984 an
1685 1948 1787 1996 perti-

1146 2012 1243 2038 neant
1259 2004 1299 2038 ad
1316 2001 1474 2038 Grasciae
1491 2000 1786 2035 Praesidern.161.

1049 2048 1219 2097 Expensae
1237 2076 1247 2092 ‚
1265 2053 1369 2087 factae
1395 2061 1507 2085 coram
1524 2049 1643 2091 Judice
1660 2048 1789 2082 incom-

1150 2109 1297 2146 petente,
1313 2112 1330 2134 a
1344 2100 1467 2145 quibus
1486 2098 1552 2133 sint
1564 2096 1762 2132 reficiendae
1775 2117 1788 2127 .

1151 2153 1234 2195 164.

1100 2196 1132 2229 in
1167 2194 1275 2230 causis
1294 2193 1538 2228 Criminalibus
1568 2192 1730 2238 quand0‚
1757 2198 1790 2226 et

1150 2256 1166 2278 a
1179 2244 1300 2288 quibus
1330 2241 1394 2276 sint
1412 2241 1615 2276 reficiendae
1632 2264 1641 2275 .
1661 2242 1742 2284 156.

1409 2335 1433 2373 F

1054 2434 1211 2474 Fabriani
1229 2434 1347 2472 civitas
1375 2437 1500 2482 gaudet
1526 2435 1706 2482 privilegio
1733 2434 1794 2475 Ju-

1152 2486 1237 2521 dicis
1253 2485 1487 2532 appellationis
1503 2509 1512 2519 .
1531 2487 1611 2526 156.

1056 2534 1242 2572 Facultates
1256 2533 1431 2570 Auditoris
1451 2533 1615 2569 Gamerae
1642 2542 1792 2588 commu-

1707 2592 1794 2616 nica⁴
