1952 3167
332 311 379 353 36
668 306 729 342 DE
757 307 870 363 JtJRE
899 306 1182 343 SIGNATURAE
1207 307 1417 350 JUSTITIAE

426 354 487 390 IV.
518 353 631 400 Atque
659 355 691 390 in
720 356 801 400 ipsis
829 357 1061 393 Citationibus
1092 368 1276 403 apponatur
1299 369 1432 403 semper
1463 369 1582 392 nornen
1602 358 1806 396 Referenda-

329 406 396 447 rii,
427 404 578 450 alioquin
597 403 850 442 Reierendarii·
842 406 904 450 ipsi
923 407 1214 442 commissionem
1231 419 1294 441 non
1316 407 1517 452 expediant.

428 454 472 487 V.
500 453 666 489 Similiter
692 454 799 491 nullus
828 455 1142 490 Referendariorum
1174 455 1387 499 propositas,
1417 465 1449 489 et
1476 457 1612 494 rejectas
1639 458 1669 492 in
1702 459 1814 504 Signa-

329 511 411 539 tura
442 502 587 544 justitiae
613 504 882 540 commissiones
903 529 912 544 ,
955 504 986 537 in
1010 505 1186 548 Signatura
1213 504 1337 536 Gratiae
1362 513 1475 536 coram
1503 504 1597 537 nobis
1628 517 1814 549 proponere

334 554 457 588 audeat
487 576 497 591 ,
525 551 585 585 nisi
615 563 675 597 per
699 553 907 598 Signaturam
943 551 1085 593 justitia:
1128 551 1167 585 ad
1196 555 1346 585 eamdem
1376 550 1587 596 Signaturam
1617 552 1738 589 Gratiae
1767 567 1819 591 re-

332 600 442 636 missae
461 601 614 640 fuerint,
644 599 697 634 vel
718 602 780 635 nisi
798 600 870 634 talis
888 601 930 633 sit
947 600 1104 639 materia,
1134 611 1207 645 quae
1224 599 1394 634 scientiam
1414 610 1556 635 nostram
1573 602 1747 646 requirat,
1778 612 1812 639 et

335 659 417 685 tunc
449 649 629 695 praeliabita
660 660 795 693 semper
816 649 949 683 licentia
977 657 1085 682 nostra
1106 672 1118 687 ,
1146 648 1433 684 etSuccessorum
1463 660 1652 685 nostrorum
1688 651 1814 686 Roma-

335 710 458 733 norum
487 698 689 732 Pontificum
721 697 774 732 vel
806 696 920 732 saltem
950 696 1140 731 Cardinalis
1168 697 1324 733 Praefecti
1362 710 1422 742 pro
1451 707 1603 743 tempore
1634 700 1818 745 Signaturae

337 747 466 782 Gratiae
482 771 493 787 ,
521 747 577 791 qui
601 755 695 791 parte
709 745 822 782 audita
838 747 1025 781 deliberare
1041 745 1191 791 poterit,
1220 757 1260 780 an
1291 758 1389 782 causa
1408 750 1623 791 proponenda
1642 749 1679 783 fit
1694 773 1703 783 .

434 797 496 830 VI.
524 795 598 830 Nec
628 796 658 829 in
687 796 832 840 antiquis
849 819 860 835 ,
887 804 920 830 et
933 796 1044 830 arduis
1075 794 1245 834 materiis,
1272 795 1303 830 in
1316 796 1438 841 quibus
1457 797 1568 840 plures
1593 797 1645 832 htc
1661 798 1736 832 inde
1763 809 1821 833 ex-

334 845 458 890 peditae
486 844 612 878 fuerint
633 843 925 884 commissiones,
953 852 986 878 et
1018 845 1048 878 in
1064 842 1282 879 Avocatoriis
1315 857 1333 879 a
1360 844 1527 888 prioribus
1553 846 1752 886 judicibus,
1783 854 1819 880 et

332 894 457 938 quovis
490 893 591 926 modo
617 892 903 946 praejudicialibus
930 917 941 932 ‚
970 893 1206 928 Referendarii
1232 904 1363 928 manum
1393 902 1560 939 apponant
1587 918 1598 934 ,
1636 894 1697 929 nisi
1724 894 1818 941 prius

326 942 429 977 citata
454 951 565 974 coram
595 939 641 972 eis
657 950 750 983 parte
780 940 936 973 interesse
968 943 1136 975 habente.

429 988 510 1022 VII.
539 987 673 1021 Etcum
702 987 815 1032 agitur
842 988 885 1022 de
901 989 1150 1028 revocatione,
1175 1000 1231 1025 aut
1262 991 1498 1027 moderatione
1527 990 1667 1032 alicujus
1695 991 1819 1026 Praein-

322 1045 448 1076 sertae,
475 1035 635 1071 similiter
654 1047 789 1070 manum
816 1047 881 1071 non
912 1047 1105 1083 apponant,
1134 1038 1196 1074 nisi
1231 1039 1261 1075 in
1278 1040 1470 1086 praeinserta
1499 1041 1689 1085 appositum
1710 1041 1753 1076 sit
1766 1052 1823 1075 no-

320 1098 399 1122 men
429 1084 660 1120 Referendarii
679 1109 691 1125 ,
719 1085 783 1131 qui
813 1085 860 1119 illi
890 1097 1026 1124 manum
1058 1089 1242 1134 apposuit,
1268 1101 1306 1127 ut
1331 1090 1497 1125 rationem
1519 1091 1660 1124 reddere
1678 1113 1690 1130 ,
1719 1098 1752 1125 et
1771 1091 1821 1131 ju-

321 1133 467 1170 stificare
498 1135 633 1179 possit

421 1183 518 1218 VIII.
546 1184 620 1219 Nec
644 1184 744 1220 etiam
777 1185 970 1222 reformatio
1000 1212 1010 1228 ,
1050 1189 1123 1223 sive
1151 1173 1345 1222 moderatio
1376 1189 1525 1228 eiusdem
1572 1189 1772 1231 praeinsertae
1799 1200 1818 1221 a.

318 1232 484 1268 Praefecto
516 1232 700 1278 Signatum
730 1234 901 1275 justitiae,
929 1236 990 1271 nisi
1020 1247 1142 1271 nomen
1171 1236 1404 1270 Referendarii
1432 1261 1442 1276 ,
1469 1246 1506 1270 ut
1532 1235 1751 1281 praemittitur
1781 1235 1816 1268 in

267 1282 269 1286 ⁴
322 1279 394 1327 ipsa
412 1280 607 1326 praeinserta
631 1281 823 1326 appositum
841 1284 946 1318 fuerit
963 1308 974 1324 ‚
1005 1284 1118 1329 aliquo
1137 1285 1239 1317 modo
1268 1284 1452 1326 signetur.

420 1330 479 1364 IX.
507 1330 544 1364 In
572 1329 882 1365 commissionibus
912 1332 1194 1377 Appellationum
1225 1332 1265 1365 ab
1296 1331 1582 1386 Interloquutoris
1610 1344 1728 1366 manus
1747 1343 1814 1365 non

323 1388 537 1424 apponatur,
576 1378 637 1415 nisi
669 1390 845 1424 expresso
858 1379 1020 1416 relevanti
1052 1379 1273 1428 gravamine,
1301 1391 1410 1424 neque
1439 1381 1470 1413 in
1499 1379 1810 1415 commissionibus

323 1426 500 1472 Appellat
505 1439 610 1462 onum
636 1441 653 1463 a
683 1428 885 1468 definitiva,
913 1441 992 1464 curn
1026 1429 1201 1468 clausula,
1231 1437 1290 1462 aut
1321 1427 1391 1462 vim
1422 1428 1607 1463 diffinitiva:
1642 1429 1813 1468 habente,

323 1474 390 1509 nisi
415 1486 466 1510 res
491 1476 575 1510 adeo
609 1476 841 1520 exprimatur,
877 1486 915 1511 ut
942 1477 1057 1511 videat
1078 1475 1337 1510 Referendarius
1367 1487 1406 1510 an
1435 1475 1500 1509 tale
1530 1476 1574 1510 sit
1602 1487 1781 1519 gravamen
1801 1500 1813 1517 ,

318 1524 420 1567 quod
448 1535 509 1569 per
537 1523 751 1563 diffinitivam
780 1525 923 1568 reparari
956 1535 1021 1558 nou
1054 1523 1184 1569 possit,
1216 1523 1278 1558 etsi
1311 1523 1343 1557 in
1372 1524 1627 1558 Commissione
1660 1524 1817 1568 apposita

321 1571 425 1606 fuerit
456 1572 618 1606 Clausula
659 1583 737 1606 cum
780 1579 853 1606 toto
894 1573 1031 1618 negotio
1059 1571 1260 1618 prinq'pali,
1290 1580 1370 1606 tunc
1402 1572 1544 1605 addatur
1568 1571 1749 1610 justificato
1768 1581 1819 1606 ta-

325 1631 404 1656 men
418 1619 513 1654 dicto
528 1620 749 1666 gravamine.
766 1620 806 1653 Et
822 1619 915 1656 idem
926 1629 1097 1660 servetur,
1116 1620 1251 1664 quando
1266 1630 1315 1653 est
1328 1620 1480 1664 apposita
1497 1618 1672 1659 Clausum,
1688 1633 1786 1665 quam
1804 1643 1817 1660 ,

320 1677 354 1704 et
376 1679 456 1715 quas
471 1692 482 1709 ,
511 1678 586 1715 quae
614 1677 726 1703 tamen
741 1679 805 1705 non
827 1667 869 1702 sit
896 1669 1050 1704 restricta
1074 1678 1135 1712 per
1162 1667 1237 1703 sola
1247 1668 1349 1722 verba
1365 1669 1405 1703 de
1423 1677 1460 1704 ut
1483 1679 1584 1715 super
1607 1669 1816 1715 praemissis.

420 1717 463 1752 X.
492 1718 533 1752 Et
555 1717 772 1752 nihilominus
813 1717 845 1751 in
875 1716 1080 1763 supradietis
1121 1713 1431 1752 Commissionibus
1475 1714 1739 1764 appellationum
1773 1718 1816 1754 ab

319 1765 620 1813 interloquutoriis
651 1775 785 1812 semper
810 1764 935 1802 citetur
961 1777 1106 1810 pars‚e
1089 1765 1190 1800 etiam
1226 1766 1253 1800 si
1297 1766 1508 1811 exprimatur
1541 1779 1745 1813 gravamen,
1775 1774 1817 1802 ut

325 1826 430 1860 supra
461 1815 591 1850 dictum
617 1824 690 1855 est,
723 1815 815 1861 quod
839 1827 901 1860 per
930 1813 1140 1850 diffinitivam
1162 1814 1379 1860 irreparabile
1406 1816 1593 1851 videatur.

433 1865 494 1899 XI.
520 1865 561 1899 Et
586 1866 626 1900 ab
657 1863 829 1900 excessiva
855 1864 1023 1902 taxatione
1061 1875 1309 1923 expensarum,
1338 1863 1442 1901 semel
1479 1874 1608 1900 tantum
1634 1862 1817 1912 appellatio

325 1914 590 1954 committatur,
618 1923 651 1949 et
676 1915 749 1949 duae
772 1914 950 1951 Sententiae
979 1917 1122 1952 habeant
1147 1915 1216 1951 vim
1245 1916 1373 1951 trium.

427 1963 506 1998 XIl.
533 1963 599 1998 Ubi
615 1975 688 2008 pars
706 1965 981 2001 commissionem
999 1964 1144 2011 aliquam
1161 1963 1280 2001 dolose
1310 1964 1513 2004 extorserit,
1539 1973 1571 1999 et
1587 1964 1630 2000 ob
1658 1963 1690 1998 id
1706 1962 1812 1995 Com-

324 2011 438 2046 missio
465 2012 647 2048 reformata
664 2012 791 2053 fuerit,
817 2013 997 2050 Praefectus
1026 2013 1130 2050 Manu
1159 2013 1254 2060 regia
1271 2039 1282 2054 ‚
1324 2023 1359 2049 et
1385 2013 1565 2050 executive
1593 2021 1753 2065 expensas
1765 2008 1814 2043 fa·

322 2068 390 2096 ctas
420 2060 453 2095 in
471 2060 729 2098 Reformatione
756 2062 1020 2100 commissionis
1048 2063 1226 2099 restituere
1253 2062 1385 2103 faciat,
1410 2064 1477 2098 fine
1506 2061 1574 2097 litis
1601 2058 1738 2095 minime
1753 2069 1812 2092 ex-

317 2117 480 2153 pectato.

420 2157 518 2191 xm.
546 2159 758 2196 commissio
785 2171 849 2213 pro
864 2160 1026 2194 dilatione
1044 2180 1056 2197 ,
1089 2158 1143 2191 vel
1174 2157 1372 2191 alternativa
1407 2156 1509 2191 semel
1539 2163 1668 2192 tantum
1695 2165 1813 2190 conce-

321 2204 421 2238 datur
440 2227 450 2243 ,
481 2216 582 2249 quam
611 2207 668 2249 qui
697 2209 763 2245 iam
789 2206 1051 2250 impetraverit,
1080 2204 1175 2250 lapso
1200 2205 1384 2244 trimestri,
1411 2206 1509 2240 aliam
1529 2229 1540 2245 ,
1567 2205 1633 2240 nisi
1660 2217 1679 2239 a
1704 2203 1811 2243 nobis,

320 2250 377 2286 vel
407 2252 659 2288 successoribus
688 2252 807 2288 nostris
833 2277 843 2294 ,
878 2263 911 2289 et
939 2253 1116 2299 Signatura
1141 2262 1254 2288 nostra
1280 2253 1407 2288 Gratiae
1433 2253 1614 2301 impetrare
1646 2261 1816 2299 nequeat,

321 2307 359 2334 et
376 2300 553 2344 impetrata
578 2311 646 2334 non
666 2302 894 2348 suffragetur,
926 2313 987 2336 nec
1013 2301 1139 2336 tribuat
1167 2302 1472 2340 iurisdictionem.

421 2349 520 2383 XIV.
556 2349 760 2384 Abstineant
793 2360 954 2395 praeterea
988 2348 1215 2385 Referendarii
1256 2353 1296 2387 ab
1333 2352 1545 2397 appositione
1585 2362 1744 2388 manuum
1777 2349 1809 2383 in

322 2395 886 2440 CommissionibusNullitatum,
912 2407 946 2433 et
972 2399 1229 2435 Attentatorum
1245 2425 1256 2441 ,
1287 2399 1353 2434 nisi
1374 2401 1601 2446 exprimantur
1628 2400 1809 2435 Nullitates

320 2460 360 2483 ex
386 2447 519 2482 defectu
549 2446 799 2486 iurisdictionis
819 2473 830 2488 ,
868 2447 1058 2487 citationis,
1100 2448 1154 2482 vel
1171 2448 1345 2489 mandati
1373 2459 1408 2485 et
1435 2450 1507 2508 ipsa
1521 2458 1710 2485 attentata.

417 2497 492 2531 XV.
516 2496 603 2533 [tem
646 2496 683 2531 in
714 2496 1027 2532 Commissionibus
1061 2496 1363 2537 molestationum,
1386 2507 1419 2533 et
1448 2499 1669 2540 jactationum
1702 2520 1715 2537 2
1743 2494 1807 2530 mss

316 2545 393 2582 addi
400 2554 430 2580 ta
455 2544 602 2584 clausula
617 2569 629 2589 2
654 2546 851 2584 dummodo
876 2557 944 2583 non
960 2545 1027 2582 sint
1053 2544 1260 2587 iudicialiter
1282 2545 1404 2584 illata:-
1765 2593 1791 2627 Ε

1796 2602 1809 2629 t
