1993 3195
621 305 651 338 A
692 304 718 336 Ρ
757 304 783 337 P
822 304 846 338 E
888 305 922 338 N
965 304 997 337 D
1040 305 1056 338 Ι
1094 303 1125 338 K
1579 310 1622 343 91

132 358 222 394 mine
236 363 296 399 pro
313 351 551 396 approbatione
567 375 576 390 ‚
609 352 665 385 vel
682 351 919 394 reprobatione
937 351 1230 386 confessariorum
1263 348 1335 383 sive
1364 346 1581 398 Regularium
1607 372 1619 388 ,

133 408 205 443 sive
222 399 429 436 Secularium
458 401 780 445 quomodocumque
797 408 1034 443 exemptorum
1049 421 1059 436 ‚
1087 408 1203 432 ettam
1217 397 1475 432 ordinariorum
1497 420 1500 426 .
1517 407 1618 439 quam

133 448 481 489 Extraordinariorum
510 459 572 492 pro
587 447 797 491 excipiendis
828 446 1108 482 Confessionibus
1146 445 1346 480 Monialinm
1365 468 1375 483 ‚
1422 444 1522 477 etiam
1545 444 1616 477 Re-

135 499 308 546 gularibus
323 498 578 536 subiectarum:
611 497 803 540 Itidemque
828 508 846 529 a
860 494 1013 531 Decretis
1031 519 1041 535 ‚
1078 494 1129 529 vel
1159 493 1232 529 aliis
1250 493 1526 539 quibuscumque
1545 503 1620 536 pro-

132 547 323 587 visionibus
352 546 552 592 cogentibus
571 544 869 579 Administratores
899 543 971 580 sive
999 543 1174 579 Seculares
1190 566 1201 583 ,
1233 543 1304 577 sive
1323 540 1509 587 Regulares
1541 552 1623 585 quo-

134 595 323 634 modolibet
338 604 512 639 exemptos
540 595 581 628 ad
601 593 804 628 reddendam
820 594 964 639 singulis
979 593 1068 629 annis
1098 593 1263 628 rationem
1282 591 1456 625 Bonorum
1491 591 1529 623 ad
1546 589 1620 623 Mo-

133 646 275 682 nasteria
291 642 621 678 Sancti-Moniaiium
639 642 833 679 huiusmodi
847 642 1111 688 pertinentium:
1145 652 1181 675 ac
1211 642 1346 675 demum
1368 651 1385 673 a
1399 637 1620 684 quibuscum·

133 707 198 736 que
221 691 376 728 Decretis
392 703 493 734 super
521 691 692 726 amotione
723 688 992 734 capellanorum
1007 715 1018 732 ‚
1037 690 1255 726 Sacristarum
1274 713 1284 729 ,
1312 697 1345 722 et
1375 687 1515 722 aliorum
1532 698 1614 731 quo-

135 737 361 786 rumcumque
377 739 586 774 Officialium
605 762 614 778 ‚
630 748 661 773 et
679 739 913 775 Ministrorum
932 750 998 775 tarn
1017 737 1229 774 Saecularium
1246 762 1255 778 ,
1283 748 1380 783 quam
1399 734 1622 781 Regularium

137 791 217 836 ipsis
232 787 454 828 Monialibus‚
480 788 534 823 vei
549 799 668 822 eorum
687 786 842 823 Ecclesiis
860 787 1123 826 inservientium,
1138 789 1234 827 iuxta
1253 785 1511 830 dispositionem
1529 782 1622 817 Sacri

137 837 289 874 Concilii
306 849 385 872 sess.
405 847 462 881 25.
481 838 518 871 de
532 837 687 883 Regular.
705 860 715 876 ‚
733 844 764 871 et
779 836 922 872 Monial.
938 845 1011 885 cap.
1029 845 1059 880 ς.
1078 843 1149 882 cap.
1163 846 1198 877 9.
1212 858 1223 874 ,
1251 841 1283 868 et
1311 840 1382 879 cap.
1415 844 1469 868 10.
1494 839 1624 866 servata

137 896 246 923 tamen
261 886 370 932 quoad
388 887 583 931 Regulam,
599 882 822 930 &exemptos
841 886 950 922 forma
967 884 1134 933 ptaedictae
1149 882 1415 918 Constitutionis
1436 892 1506 916 rec.
1520 890 1622 916 mem.

139 936 302 982 Gregorii
319 935 394 968 XV.
409 958 420 974 ,
448 946 522 979 quae
538 934 656 979 incipit
683 934 897 969 [nscrutabili
910 958 920 969 .

237 985 320 1019 Item
339 984 498 1018 adversus
515 983 716 1028 pastoralem
733 982 967 1019 visitationem
995 980 1161 1018 Dioecesis
1176 1007 1186 1022 ,
1202 988 1236 1015 et
1252 979 1437 1025 praesertim
1455 977 1627 1013 Monaste-

137 1034 267 1068 riorum
285 1033 611 1067 Commendatorum
628 1057 638 1072 ,
669 1032 893 1067 Abbatiarum
914 1056 923 1071 ‚
951 1032 1193 1070 Prioratuum‚
1221 1039 1254 1064 et
1283 1028 1586 1075 Praepositurarum
1613 1047 1626 1065 2

139 1083 174 1117 in
214 1081 335 1128 quibus
378 1093 442 1115 non
484 1080 577 1126 viget
608 1080 786 1126 Regularis
814 1081 1024 1116 observantia
1038 1104 1048 1120 ,
1077 1091 1138 1114 nec
1169 1091 1232 1114 non
1272 1077 1520 1117 Beneficiorum
1557 1083 1626 1110 tarn

141 1132 350 1166 Curatorum
381 1153 391 1169 ,
418 1142 517 1174 quam
549 1141 612 1164 non
641 1130 851 1165 Curatorum
868 1154 878 1169 ‚
909 1129 1114 1168 Secularium
1131 1152 1142 1168 ,
1173 1136 1205 1162 et
1220 1125 1442 1171 Regularium
1461 1121 1621 1169 qualiter-

139 1190 289 1224 cumque
331 1179 646 1212 commendatorum
670 1201 679 1218 ,
711 1178 810 1212 etiarn
852 1186 1089 1223 exemptorum
1106 1189 1114 1209 ι
1147 1178 1254 1211 Prout
1287 1175 1387 1210 etiam
1415 1174 1455 1207 ab
1473 1182 1625 1217 exequu-

141 1227 232 1261 tione
263 1238 379 1261 eorum
397 1249 407 1265 ,
444 1237 516 1271 qna:
536 1225 567 1260 in
583 1227 649 1272 ipsa
668 1225 870 1261 Visitatione
897 1227 1049 1262 mandata
1069 1249 1080 1266 ,
1108 1226 1244 1260 decreta
1259 1247 1269 1262 ‚
1298 1232 1356 1258 aut
1371 1222 1520 1262 iudicata
1554 1220 1625 1254 fue·

142 1274 233 1310 rint'x
263 1276 404 1310 Necnon
446 1273 601 1309 similiter
638 1285 654 1308 a
683 1275 954 1321 quibuscumque
984 1274 1142 1309 Decretis
1156 1298 1166 1313 ,
1192 1282 1224 1308 et
1242 1269 1498 1306 provisionibus
1518 1269 1624 1322 etiam

143 1333 236 1359 extra
259 1322 492 1357 Visitationem
524 1333 584 1368 pro
620 1324 890 1358 Conservatione
905 1348 916 1364 ‚
963 1325 1014 1358 vel
1045 1322 1254 1368 reparatione
1287 1317 1531 1356 Ecclesiasticae
1563 1316 1625 1350 Dt-

141 1371 287 1416 Scffplissae
313 1371 425 1416 quoad
450 1373 576 1411 vitam,
605 1382 714 1406 mores
731 1396 740 1411 ‚
770 1381 802 1407 et
830 1374 1038 1407 honestatem
1073 1381 1370 1417 quorumcumque
1397 1366 1621 1402 Ciericorum

143 1420 262 1455 luxum
281 1442 292 1458 ,
323 1419 578 1453 comessationes
593 1443 604 1459 ,
630 1421 764 1454 choreas
781 1445 792 1460 ,
825 1421 917 1455 lusus
932 1445 940 1460 ‚
972 1420 1112 1455 crimina
1128 1444 1138 1459 ‚
1169 1429 1200 1454 et
1216 1417 1385 1453 saecularia
1414 1414 1557 1460 negocia
1573 1413 1634 1447 fu-

144 1468 266 1514 gienda
280 1491 290 1506 ,
319 1477 420 1512 atque
443 1467 597 1501 evitanda
611 1470 706 1506 juxta
729 1467 823 1512 plura
849 1469 995 1502 Decreta
1013 1467 1095 1501 dicti
1115 1467 1205 1501 Sacri
1224 1465 1374 1499 Concilii
1391 1488 1402 1504 ,
1435 1471 1469 1497 et
1485 1472 1626 1508 praeser-

143 1518 205 1551 tim
226 1527 302 1550 sess.
318 1518 350 1550 6.
368 1517 404 1549 de
420 1514 559 1556 Reform.
576 1524 647 1562 cap.
663 1529 696 1562 4.
714 1527 789 1550 sess.
813 1526 867 1560 13.
885 1523 954 1563 cap.
975 1526 1003 1550 1.
1019 1526 1095 1561 sess.
1116 1527 1171 1562 ¹4·
1186 1522 1258 1560 cap.
1276 1526 1311 1559 4.
1329 1524 1405 1547 sess.
1422 1523 1440 1547 2
1452 1524 1480 1547 ι.
1501 1517 1571 1557 cap.
1592 1510 1626 1545 8.

144 1577 221 1599 sess.
241 1574 298 1597 22.
315 1570 385 1609 cap.
406 1575 436 1596 1.
453 1586 463 1601 ,
498 1571 528 1596 et
543 1573 614 1609 cap.
632 1566 666 1598 8.
682 1588 692 1603 ‚
719 1572 748 1598 et
765 1576 840 1598 sess.
857 1576 912 1612 24.
928 1572 998 1611 cap.
1020 1576 1076 1599 ιο.
1093 1564 1133 1597 ad
1149 1563 1289 1597 formam
1321 1570 1432 1595 tamen
1457 1561 1631 1611 Decreto-

145 1613 308 1649 rumrSac.
327 1613 536 1655 Congregat.
555 1611 799 1657 Episcoporum
816 1616 856 1647 de
869 1614 1023 1648 mandato
1041 1624 1108 1647 san.
1123 1622 1223 1646 mem.
1239 1608 1429 1645 Clementis
1445 1606 1540 1641 VIII.
1556 1607 1629 1642 edi·

145 1670 256 1697 torum
285 1671 360 1694 ann.
379 1659 498 1694 MDC.
1615 1700 1623 1709 .

242 1710 328 1744 Item
359 1721 375 1743 a
393 1707 549 1743 Decretis
569 1707 766 1754 cogentibus
794 1709 1010 1743 Praesentatos
1044 1707 1171 1743 eiectos
1187 1732 1197 1748 ‚
1218 1706 1277 1743 -vel
1306 1704 1495 1753 nominatos
1522 1716 1539 1738 a
1564 1715 1638 1757 qui-

146 1758 263 1794 busvis
279 1756 519 1791 Ecclesiasticis
554 1758 707 1792 Personis
723 1779 733 1796 ‚
762 1757 861 1792 etiarn
877 1758 1036 1797 Nostris,
1069 1766 1103 1792 et
1119 1757 1210 1792 Sedis
1243 1754 1450 1801 Apostolicae
1485 1751 1629 1787 Nunciis

149 1810 187 1842 ad
202 1806 328 1852 quaevis
345 1805 575 1841 Ecclesiastica
601 1806 791 1846 Beneficia,
807 1808 846 1840 ad
862 1819 896 1841 se
911 1805 1157 1841 subiiciendum
1178 1805 1323 1840 examini
1340 1801 1514 1838 Ordinarii
1532 1825 1542 1841 ‚
1574 1812 1632 1835 an-

148 1865 281 1901 tequam
298 1855 512 1888 instituantur
528 1879 537 1893 ,
557 1856 797 1890 confirmentur
811 1878 822 1894 ‚
847 1854 900 1889 vel
920 1855 1140 1890 admittantur
1153 1878 1163 1894 ‚
1190 1853 1475 1900 quemadmodum
1494 1852 1635 1886 cavetur
1658 1874 1662 1878 .

146 1916 223 1939 sess.
241 1915 276 1947 7.
291 1904 328 1937 de
343 1903 520 1945 Reformat.
540 1913 612 1951 eap.
633 1913 686 1946 13.
704 1927 714 1936 .
1336 1948 1339 1950 q

248 1953 333 1986 Item
349 1956 368 1986 a'
381 1953 604 1998 denegatione
621 1953 796 1987 Sacrorum
813 1952 982 1988 Ordinum
1000 1977 1010 1992 ,
1045 1951 1098 1988 vei
1115 1953 1290 1986 adscensus
1307 1951 1346 1985 ad
1363 1950 1446 1986 aiios
1464 1948 1608 1988 Maiores
1624 1954 1636 1987 3

153 2008 257 2044 prout
271 2001 370 2034 etiam
387 2003 545 2036 adversus
574 2000 823 2045 suspensionem
838 2003 878 2036 ab
893 2002 1080 2036 Ordinibus
1106 2004 1169 2041 iam
1187 1999 1353 2043 susceptis
1366 2000 1410 2033 ob
1428 1998 1557 2033 crimen
1575 2007 1638 2030 oc-

155 2047 284 2083 cultum
301 2073 310 2087 ,
340 2048 414 2084 sive
441 2062 480 2085 ex
497 2050 675 2085 informata
700 2049 904 2085 conscientia
941 2054 1034 2091 juxta
1063 2049 1320 2094 dispositionem
1364 2047 1456 2083 Sacri
1478 2044 1632 2081 Concilii

151 2107 230 2131 sess.
252 2108 308 2143 14.
323 2098 359 2130 de
376 2099 604 2145 Reformpap.
628 2110 655 2134 1.
671 2107 704 2132 et
718 2107 791 2145 cap.
809 2109 842 2141 3.
857 2106 889 2133 et
903 2111 979 2133 sess.
1011 2112 1068 2134 21.
1097 2106 1167 2145 cap.
1190 2109 1220 2132 1.
1236 2105 1266 2132 et
1282 2108 1357 2131 sess.
1375 2107 1432 2141 23.
1452 2102 1523 2143 cap.
1539 2096 1591 2130 ι6.

251 2146 334 2179 Item
355 2157 372 2179 a
387 2146 578 2191 praefixione
598 2146 733 2180 termini
754 2171 764 2186 ‚
795 2147 877 2181 intra
897 2159 996 2191 quem
1013 2146 1189 2193 Regularis
1217 2146 1383 2192 Episcopo
1407 2156 1470 2179 non
1484 2142 1638 2178 subditus

159 2193 215 2239 qui
234 2192 316 2227 intra
342 2194 501 2230 Claustra
520 2194 714 2230 Monasterii
730 2197 853 2240 degat,
870 2204 902 2229 et
917 2206 1011 2230 extra
1026 2207 1064 2229 ea
1080 2196 1123 2229 ita
1138 2195 1269 2230 notorie
1285 2193 1494 2237 deliquerit,
1527 2201 1563 2227 ut
1579 2192 1642 2226 Po-

157 2241 236 2286 pulo
249 2240 405 2276 scandalo
435 2243 476 2276 sit
493 2267 503 2282 ‚
532 2256 548 2276 a
565 2255 626 2277 suo
644 2243 822 2286 Superiore
841 2243 951 2288 puniri
971 2246 1090 2279 debeat
1113 2268 1123 2283 ‚
1155 2255 1192 2278 ac
1207 2244 1247 2278 de
1263 2240 1441 2288 punitione
1474 2242 1543 2286 ipse
1563 2240 1639 2285 Epi-

157 2290 411 2331 scopuscertior
426 2292 496 2326 fieri
510 2291 604 2329 iuxta
624 2291 809 2324 Decretum
827 2292 918 2325 Sacri
934 2292 1084 2326 Concilii
1099 2304 1174 2326 sess.
1194 2302 1248 2332 25.
1264 2293 1300 2324 de
1316 2291 1474 2334 Regular.
1492 2297 1564 2336 cap.
1584 2300 1643 2333 14.

160 2345 194 2371 et
208 2338 357 2374 Constit.
373 2339 426 2374 fel.
446 2349 555 2374 recor.
574 2339 761 2373 Clementis
782 2339 847 2373 ΡΙ).
864 2338 960 2373 VIII.
975 2364 985 2378 ‚
1014 2351 1087 2385 quae
1103 2339 1219 2384 incipit
1232 2363 1242 2378 ‚
1263 2351 1298 2373 =
1327 2338 1476 2384 Susceptz'
1496 2338 1644 2373 muneris

161 2386 233 2420 Nec
247 2397 312 2420 non
327 2389 483 2423 adversus
500 2388 709 2432 punitionem
729 2410 739 2426 ‚
776 2395 810 2421 et
826 2388 1073 2423 correctionem
1092 2390 1291 2424 eorumdem
1312 2387 1539 2432 Regularium
1554 2410 1564 2425 ‚
1580 2386 1640 2431 qui

161 2435 250 2469 circa
265 2435 422 2471 Personas
443 2438 525 2471 intra
540 2447 634 2479 septa
649 2438 807 2481 degentes
827 2460 837 2475 ‚
869 2444 926 2471 aut
940 2437 1027 2472 circa
1058 2437 1260 2471 Clausuram
1294 2438 1399 2481 ipsam
1432 2434 1639 2481 deliquerint

160 2484 252 2524 iuxta
273 2484 460 2526 praedictam
477 2486 772 2520 constitutionem
791 2486 950 2530 Gregorii
968 2486 1043 2519 XV.
1057 2509 1066 2519 .
1096 2497 1168 2531 qnae
1185 2485 1353 2529 incipit:
1385 2484 1605 2519 Inscrutabili
1633 2500 1642 2520 z

258 2533 341 2569 Item
359 2545 375 2567 a
391 2533 550 2569 Censuris
566 2558 575 2574 ‚
607 2544 662 2571 aut
677 2534 748 2569 aliis
769 2534 1023 2580 provisionibus
1049 2545 1166 2569 contra
1181 2533 1457 2572 concubinarios
1471 2557 1483 2573 ,
1516 2542 1548 2569 et
1563 2547 1644 2581 prae-

1089 2595 1121 2618 m
1151 2593 1168 2616 2
1579 2596 1647 2621 Set·
1688 2624 1692 2627 ,
