1952 3167
324 315 369 353 54
682 307 741 341 DE
768 304 877 346 JURE
906 303 1183 339 SIGNATURAE
1210 303 1423 345 JUSTITIAE

322 357 377 393 vel
395 357 634 391 Successorum
653 363 842 389 nostrorum
877 366 938 400 pro
963 363 1113 398 tempore
1131 353 1334 398 signatorum
1353 377 1363 393 ,
1388 351 1450 387 nisi
1467 351 1627 387 exhibitis
1647 352 1678 387 in
1708 349 1792 386 actis

323 403 514 441 necessariis
529 403 743 439 documentis
760 428 770 443 ,
797 414 835 438 ac
849 403 978 448 praeviis
1005 401 1220 437 citationibus
1249 402 1472 447 personaliter
1497 402 1649 437 executis
1679 409 1798 436 contra

321 466 437 490 omnes
466 454 625 487 interesse
657 455 813 487 habentes
830 476 839 491 ,
867 463 969 497 super
992 451 1090 486 dictis
1121 450 1216 485 Locis
1247 450 1416 484 Montium
1437 473 1447 489 ‚
1474 458 1529 484 aut
1555 451 1707 493 pecuniis
1727 474 1737 489 ,
1764 456 1798 482 et

322 515 467 550 quorum
486 503 600 536 favore
616 501 749 537 vincula
766 502 979 547 reperiuntur
994 499 1145 543 apposita
1159 522 1168 536 ‚
1198 498 1280 530 itaut
1299 497 1375 530 satis
1396 509 1461 530 non
1480 498 1520 531 sit
1536 500 1718 541 procedere
1735 507 1794 542 per

323 552 498 588 citationes
516 550 607 585 domi
626 551 762 585 dimissa
777 550 873 594 copia
889 573 898 587 ,
926 547 978 582 vel
996 548 1026 580 in
1051 545 1201 580 manibus
1232 545 1495 580 domesticorum
1525 556 1705 584 executas‚
1731 557 1792 581 nec

323 603 422 637 etiam
447 609 563 636 contra
582 599 838 633 Procuratorem
859 620 869 636 ‚
896 597 997 630 etiam
1015 594 1234 639 personaliter
1251 594 1387 628 citatum
1403 618 1412 633 ‚
1443 593 1503 629 nisi
1518 594 1549 628 in
1567 594 1646 629 actis
1660 594 1793 630 Notarii

319 650 397 685 talia
414 650 565 685 mandate
582 646 787 692 expedientis
810 644 999 680 constiterit
1014 645 1054 677 de
1072 642 1161 677 illius
1179 642 1332 687 legitimo
1351 667 1362 682 ‚
1389 652 1421 677 et
1438 642 1616 678 sufficienti
1638 645 1793 677 mandato

316 710 471 743 procurae
489 699 526 732 ad
545 699 631 730 hunc
650 704 761 730 actum
781 718 792 734 ‚
819 695 881 728 sub
902 691 998 737 poena
1013 693 1053 726 ab
1073 691 1151 737 ipsis
1167 691 1316 726 Notariis
1333 716 1341 730 ‚
1366 700 1398 725 et
1412 692 1610 726 Substitutis
1625 691 1793 727 incurren-

317 747 357 782 da
375 746 571 792 privationis
587 744 687 779 officii
700 767 714 783 ,
730 753 761 778 et
777 742 927 778 exercitii
945 765 954 781 ‚
982 753 1109 775 necnon
1125 740 1316 775 refectionis
1332 740 1483 776 omnium
1498 742 1698 776 damnorum
1716 751 1797 785 par-

313 797 403 831 tibus
421 795 501 831 laesis
517 794 794 833 reficiendorum3
810 792 894 827 itaut
908 789 1110 825 evinculatio
1132 789 1268 832 perinde
1283 789 1453 829 habeatur,
1465 801 1501 823 ac
1518 789 1544 823 si
1564 789 1649 824 facta
1665 789 1786 824 fuisset

316 845 386 880 sine
407 845 590 882 citatione,
618 841 717 876 salvis
733 841 831 876 etiam
864 840 996 880 iuribus
1026 839 1111 883 parti
1142 836 1224 872 laesae
1252 838 1522 882 competentibus
1550 848 1666 872 contra
1703 837 1788 872 alios

314 905 400 938 quos
419 893 551 932 dejure
567 916 577 932 ‚
595 900 628 925 et
645 900 746 935 prout
762 892 803 924 de
821 891 896 928 jure
913 897 967 930 ;et
983 886 1200 922 nihilominus
1224 887 1253 920 in
1275 887 1496 920 concedendis
1515 909 1524 924 ‚
1542 887 1596 920 vel
1614 886 1793 930 expedien-

313 943 363 976 dis
380 941 480 976 dictis
497 940 661 974 mandatis
680 950 744 972 non
760 939 890 983 possint
906 936 1057 980 recipere
1075 934 1208 972 Notarii
1224 959 1233 975 ,
1261 934 1441 969 Substituti
1457 958 1465 973 ‚
1484 933 1536 968 vel
1561 935 1708 975 juvenes
1726 935 1788 969 nisi

315 988 584 1022 emolumenturn
604 986 766 1025 mandati,
783 987 880 1024 juxta
893 995 1000 1019 raxam
1017 985 1047 1018 in
1065 984 1113 1018 his
1129 984 1296 1028 praefixam
1312 994 1372 1028 pro
1387 982 1524 1029 singulis
1540 983 1788 1024 Tribunalibus3

314 1048 424 1082 neque
453 1034 577 1080 possint
601 1033 700 1068 etiam
730 1035 747 1068 ἐι
779 1043 899 1078 sponte
922 1033 1077 1067 dantibus
1096 1058 1106 1072 ,
1134 1040 1190 1066 aut
1215 1033 1277 1065 sub
1310 1041 1472 1076 praetextu
1506 1032 1682 1067 revisionis
1707 1032 1790 1066 scri-

315 1094 490 1131 pturarum
508 1108 518 1124 ‚
546 1082 670 1128 aliquid
687 1082 780 1117 ultro
795 1082 944 1127 recipere
960 1106 968 1121 ,
995 1083 1056 1116 sub
1081 1085 1177 1126 poena
1199 1079 1290 1125 dupli
1308 1103 1318 1119 ,
1346 1081 1561 1115 inhabilitatis
1580 1082 1619 1115 ad
1649 1080 1757 1116 officia
1777 1104 1788 1120 ,

318 1143 355 1168 et
370 1135 442 1168 aliis
456 1132 666 1179 gravioribus
695 1133 790 1172 juxta
817 1131 895 1166 facti
923 1130 1190 1166 circumstantias
1218 1129 1360 1164 arbitrio
1379 1140 1495 1165 nostro
1517 1129 1729 1174 infligendis,
1757 1137 1789 1164 et

315 1183 449 1228 ipsimet
466 1181 794 1223 =ludices'Ordinarii
812 1205 824 1220 ,
851 1181 907 1226 qui
923 1182 1015 1220 juxta
1031 1190 1148 1214 eorum
1164 1177 1348 1212 ordinarias
1371 1177 1544 1213 facultates
1575 1179 1787 1223 procedunt,

313 1242 347 1265 et
366 1233 491 1276 absque
507 1229 704 1277 particulari
721 1229 958 1265 commissione
977 1241 1074 1263 manu
1094 1226 1235 1262 Romani
1261 1226 1434 1262 Pontificis
1450 1227 1576 1271 signata
1591 1251 1601 1267 ‚
1629 1239 1694 1260 non
1717 1239 1790 1271 pos-

314 1280 380 1314 sint
401 1279 503 1314 titulo
517 1281 692 1325 propinae,
720 1278 1190 1322 revisionis‘scripturarum‚
1217 1276 1270 1309 vel
1287 1288 1326 1309 ex
1358 1276 1424 1309 alio
1450 1276 1551 1309 titulo
1582 1274 1706 1320 aliquid
1740 1285 1790 1309 re-

311 1328 424 1374 cipere
452 1353 461 1362 .

408 1379 447 1412 In
476 1377 650 1413 antedictis
677 1375 837 1412 mandatis
858 1399 868 1414 ,
902 1386 962 1409 nec
986 1385 1048 1408 non
1076 1374 1108 1408 in
1127 1372 1284 1408 mandatis
1308 1372 1568 1408 de'trasferendo
1585 1374 1672 1408 Loca
1688 1373 1788 1407 Mon-

312 1429 394 1461 tium
413 1450 424 1465 ,
451 1439 554 1470 quum
585 1427 653 1460 fieti
684 1426 858 1468 contingat
882 1425 1009 1457 mentio
1039 1422 1211 1457 literarum
1242 1422 1423 1465 patentium
1441 1423 1590 1466 ipsorum
1613 1420 1784 1455 Locorum

307 1474 476 1509 MontIum
497 1497 508 1513 ‚
539 1474 752 1517 aliorumque
782 1475 1064 1507 documentorum
1080 1494 1090 1508 ,
1121 1482 1197 1503 cum
1220 1469 1366 1503 clausula
1390 1483 1426 1502 z
1460 1471 1521 1504 Ad
1535 1481 1616 1516 quas
1633 1493 1643 1508 ,
1671 1481 1724 1503 seu
1744 1470 1787 1504 ad

303 1535 375 1570 quae
393 1522 552 1556 habeatur
570 1522 685 1556 relatio
715 1534 752 1554 Ξ
780 1531 883 1564 quum
903 1518 933 1552 in
952 1521 1014 1552 hoc
1034 1518 1210 1563 aliquoties
1236 1529 1355 1562 pravus
1387 1517 1556 1562 irrepserit
1573 1519 1694 1552 abusus
1713 1518 1785 1551 exi-

304 1571 404 1617 gendi
434 1571 612 1604 indebitam
643 1571 831 1603 mercedem
865 1579 928 1610 pro
957 1567 1063 1611 copiis
1091 1567 1257 1601 dictarum
1287 1565 1456 1600 literarum
1486 1565 1670 1609 patentium
1703 1564 1784 1600 licet

302 1631 366 1653 non
382 1618 502 1656 factis,
530 1619 587 1653 sed
617 1616 816 1661 simpliciter
843 1615 1051 1655 exundatis,
1079 1615 1230 1649 districte
1260 1614 1478 1658 probibemus
1511 1615 1572 1649 sub
1600 1613 1706 1660 poenis
1737 1624 1786 1649 ar-

302 1668 404 1703 bitrio
436 1666 624 1711 infligendis
652 1666 809 1700 omnibns
830 1663 987 1699 Notariis
1013 1674 1309 1709 quorumcumque
1340 1661 1572 1697 Tribunalium
1598 1687 1608 1703 ,
1635 1674 1675 1697 ne
1703 1674 1785 1707 prae-

302 1725 398 1752 textu
427 1715 575 1754 cuiusvis
599 1712 856 1750 consuetudinis
883 1715 1030 1746 audeant
1057 1713 1090 1746 in
1105 1722 1277 1756 posterum
1310 1710 1435 1755 aliquid
1462 1712 1626 1758 exigere,
1659 1723 1721 1755 pro
1736 1711 1785 1746 di-

298 1767 362 1801 ctis
393 1765 501 1810 copiis
530 1777 595 1799 non
623 1763 755 1799 insertis
776 1788 787 1804 ‚
813 1764 871 1798 sed
890 1761 1038 1797 contenti
1066 1761 1133 1796 sint
1153 1770 1310 1796 consueta
1330 1762 1483 1795 mercede
1510 1773 1572 1806 pro
1597 1760 1674 1807 ipsis
1693 1773 1784 1796 man-

296 1815 381 1851 datis
410 1822 517 1849 taxata
533 1839 545 1850 .

393 1865 432 1900 In
460 1863 623 1899 mandatis
651 1863 692 1897 de
707 1860 934 1907 consignando
964 1859 1119 1905 pecunias
1152 1860 1330 1895 existentes
1364 1858 1398 1893 in
1429 1871 1647 1904 quocumque
1665 1859 1780 1894 Banco

295 1913 394 1948 Urbis
412 1938 421 1953 ,
450 1913 532 1947 acin
548 1913 700 1958 pluribus
729 1910 855 1946 cedulis
888 1919 1083 1949 contentas,
1117 1909 1178 1944 etsi
1207 1908 1370 1944 confectis
1401 1908 1545 1943 diversis
1571 1908 1717 1949 diebus,
1747 1915 1779 1942 et

295 1963 412 2001 annis,
442 1970 618 1996 teneantur
649 1962 752 1996 iidem
768 1959 903 1994 Notarii
925 1960 1094 1994 conficere
1119 1959 1251 2004 copiam
1284 1970 1381 1992 unam
1418 1967 1493 2001 post
1522 1957 1659 1994 alteram
1679 1957 1780 1990 dicta-

295 2023 369 2046 rum
401 2010 596 2045 cedularum
611 2034 622 2050 ,
651 2022 687 2045 ac
704 2012 765 2045 sub
788 2009 832 2043 eis
861 2009 1042 2043 extendere
1066 2008 1258 2042 mandatum
1277 2021 1287 2048 ;
1316 2006 1373 2041 sed
1395 2005 1421 2041 si
1441 2007 1630 2050 receperint
1656 2015 1778 2042 merce-

294 2061 371 2095 dem
405 2071 468 2104 pro
498 2062 654 2094 mandato
686 2060 726 2093 de
755 2058 971 2093 immittendo
1003 2059 1043 2092 ab
1074 2058 1203 2092 haerede
1232 2057 1320 2092 illius
1352 2079 1362 2095 ,
1403 2056 1434 2089 in
1464 2057 1558 2093 cuius
1585 2053 1774 2087 haereditate

294 2117 435 2153 repertae
459 2108 583 2143 fuerint
619 2107 718 2143 dictae
733 2106 859 2143 cedulae
880 2132 888 2146 ,
922 2119 985 2140 non
1014 2105 1146 2139 valeant
1174 2108 1322 2148 recipere
1348 2085 1537 2137 mercssdem
1565 2112 1627 2144 pro
1645 2102 1773 2135 manda-

295 2165 330 2189 to
359 2158 400 2190 de
417 2157 644 2201 consignando
667 2157 699 2190 in
728 2156 796 2189 vim
815 2155 982 2188 dictarum
1010 2151 1207 2186 cedularum
1225 2175 1235 2189 ‚
1266 2151 1327 2184 nisi
1356 2161 1521 2184 summam
1554 2149 1699 2184 debitam
1727 2148 1768 2183 lo-

282 2206 334 2238 ··co
363 2203 524 2246 duplicati
554 2215 614 2246 pro
642 2202 797 2247 quolibet
823 2202 936 2233 Banco
956 2222 966 2232 .

289 2250 296 2255 ”
389 2252 427 2285 In
455 2251 624 2296 rogitibus
665 2251 966 2284 Instrumentorum
1009 2258 1232 2282 consensuum
1278 2248 1315 2280 ad
1347 2246 1598 2291 expeditionem
1636 2246 1773 2286 cujusli-

291 2302 348 2334 bet
366 2299 518 2333 mandati
551 2301 592 2333 de
606 2298 774 2337 delendo,
809 2297 1032 2341 resignando,
1059 2296 1310 2340 consignando,
1338 2304 1372 2329 et
1385 2295 1772 2342 similiumlpraestando-

292 2360 364 2383 rum
387 2371 396 2387 ‚
423 2347 449 2381 si
479 2345 590 2391 plures
619 2346 684 2381 sint
709 2356 858 2390 personae
886 2343 1132 2379 consentientes
1159 2345 1260 2379 unico
1287 2353 1364 2378 actu
1390 2368 1400 2383 ,
1430 2353 1462 2379 et
1490 2355 1550 2389 pro
1581 2346 1699 2379 eodem
1727 2343 1772 2378 in-

292 2406 443 2434 teresse,
476 2406 538 2439 pro
551 2407 619 2430 uno
650 2403 778 2429 tantum
807 2403 887 2428 actu
920 2395 1109 2427 mercedem
1138 2393 1304 2438 recipiant
1335 2393 1366 2426 in
1393 2393 1503 2437 primo
1537 2393 1647 2438 capite
1673 2393 1768 2432 iuxta

291 2445 340 2479 rei
366 2444 516 2479 valorem
532 2468 542 2483 ,
570 2454 602 2480 et
629 2443 816 2479 dummodo
844 2442 932 2477 idem
953 2453 1133 2476 consensus
1149 2454 1212 2475 non
1240 2442 1383 2488 pendeat
1399 2443 1437 2476 ab
1454 2441 1568 2488 aliquo
1595 2451 1671 2480 actu
1686 2452 1767 2488 prat·-

289 2494 449 2533 cedenti,
476 2495 598 2539 dequo
628 2493 669 2528 sit
686 2492 772 2527 idem
787 2490 955 2526 Notarius
986 2498 1145 2535 rogatus;
1175 2503 1242 2535 quo
1273 2502 1348 2525 casu
1378 2503 1440 2524 non
1472 2492 1610 2537 exigant
1638 2491 1702 2526 nisi
1720 2499 1766 2523 ta-

288 2554 363 2580 xatn
391 2542 617 2587 praescriptam
645 2543 676 2578 in
691 2540 930 2577 reformatione
945 2551 1011 2575 san:
1029 2551 1130 2575 mem:
1147 2540 1240 2574 Pauli
1259 2541 1300 2574 V.
1316 2542 1346 2583 ξ,
1359 2547 1421 2586 pro
1436 2541 1666 2577 Instrumentis
1684 2548 1764 2584 quo-

1677 2596 1750 2620 rum
