1993 3195
631 260 1040 305 CAPUTI.
1547 274 1585 326 3*

148 383 212 426 De
243 377 398 439 origine
429 376 653 421 Tribunalis
683 378 912 438 Signaturae
937 379 1140 433 sustitiae.
1173 380 1330 441 ejusque
1360 378 1492 436 forma
1510 414 1524 434 ,

262 454 309 484 ac
339 438 577 497 competenti
597 437 871 485 Jurisdictione
902 469 916 488 ,
949 454 1095 483 necnon
1139 441 1186 481 de
1217 439 1405 495 Referen-

355 498 477 542 dariis
494 529 507 549 ,
546 498 777 543 Votantibus
794 529 806 549 ‚
839 513 1047 555 eorumque
1076 499 1325 559 pritn‘legiis;

469 557 614 602 accedit
641 556 916 612 Praeftctorum
947 557 1115 614 ejusdem
1141 558 1209 601 Si-

615 627 803 675 gnaturae
832 618 1052 660 Elenclzus.

90 717 182 786 Ut
211 737 534 796 antiquissimam
558 738 735 780 fateatur
754 738 929 795 quisque
961 738 1258 783 institutionem
1288 737 1456 797 hujusce
1488 736 1582 780 Tri-

90 801 277 850 bunalis3
309 799 351 840 id
378 798 636 857 potissimum
670 797 1080 843 animadvertendum
1110 811 1199 848 est,
1236 813 1322 840 non
1358 798 1582 841 innotuisse

90 874 217 916 usque
250 859 390 902 adhuc
425 890 438 908 ‚
475 872 660 914 quonam
694 870 869 916 tempore
899 872 1037 901 ortum
1072 857 1262 901 habuerit
1293 889 1305 900 .
1344 857 1583 901 Obscuritas

90 919 200 959 enim
229 917 315 972 ipsa
334 948 348 967 ,
384 918 428 957 in
447 933 529 974 qua
548 931 756 961 versamur
772 949 784 968 ‚
815 917 988 970 solemne
1007 933 1063 961 est
1079 917 1191 976 apud
1208 932 1282 961 nos
1308 915 1586 960 testimonium

91 976 195 1019 illius
211 976 463 1029 antiquitatis
484 991 496 1025 ;
527 976 623 1018 hinc
641 978 754 1033 apud
774 977 1039 1035 Geographos
1056 993 1169 1020 sanae
1200 976 1342 1019 mentis
1359 977 1472 1018 firma
1494 988 1588 1016 sen-

91 1035 215 1078 tentia
234 1047 291 1075 est
309 1062 322 1079 ,
353 1034 583 1075 illustriores
603 1062 627 1094 ‚·
645 1046 685 1074 et
701 1036 945 1077 fundatione
966 1037 1266 1091 antiquissimas
1284 1033 1483 1078 Civitates
1503 1033 1586 1074 illas

90 1090 301 1134 habendas
317 1120 331 1138 ‚
363 1102 542 1143 quarum
568 1102 683 1142 ongo
702 1091 805 1130 inter
822 1092 1075 1144 antiquitatis
1095 1094 1266 1131 latebras
1300 1092 1489 1135 involuta
1506 1090 1581 1133 sit.

91 1149 212 1193 Adeo
245 1148 354 1190 enim
381 1148 553 1189 obscura
581 1158 638 1186 est
669 1146 783 1203 origo
802 1146 1041 1189 Tribunalis
1072 1148 1328 1205 Signaturae‚
1368 1160 1416 1190 ut
1446 1163 1586 1190 omnes

90 1211 293 1252 Romanae
311 1205 455 1249 Curiae
471 1201 633 1262 praxim
652 1234 664 1253 ,
680 1206 743 1250 vel
761 1205 969 1247 historiam
988 1220 1277 1264 pertractantes
1293 1238 1307 1255 ‚
1342 1219 1586 1249 caeterorum

89 1265 382 1311 Tribunaliurn
397 1264 593 1322 originem
613 1265 729 1307 nobis
758 1263 983 1316 dederunt,
1014 1281 1061 1308 ac
1079 1267 1340 1324 praecipuum
1360 1265 1586 1308 institutio-

94 1327 157 1370 nis
182 1340 340 1383 tempus
375 1324 627 1366 denotarunt
649 1355 662 1374 ,
690 1324 738 1365 de
766 1323 982 1381 Signatura
1013 1340 1111 1370 vero
1129 1358 1142 1376 ,
1174 1341 1223 1368 ne
1257 1328 1386 1369 obiter
1417 1324 1585 1381 quidem

94 1385 344 1430 mentionem
370 1383 582 1433 fecerunt·‚
612 1383 688 1425 hac
712 1381 757 1424 in
797 1397 836 1424 re
864 1382 1018 1426 idcirco
1056 1385 1294 1428 eorumdem
1313 1385 1584 1442 Geographo-

94 1461 188 1490 rum
218 1442 445 1502 exemplum
469 1442 584 1497 sequi
619 1442 909 1492 decrevimus;
935 1442 977 1483 hi
1004 1443 1112 1485 enim
1130 1473 1143 1492 ,
1176 1459 1342 1501 mappas
1375 1444 1587 1487 delinean-

95 1506 149 1548 do
167 1534 182 1554 ‚
211 1504 255 1547 id
285 1517 404 1546 omne
423 1532 436 1552 ‚
472 1501 588 1558 quod
615 1501 657 1544 in
676 1499 792 1545 Orbe
819 1502 1074 1558 incognitum
1094 1516 1176 1552 est,
1205 1502 1340 1559 parvis
1368 1501 1586 1559 interjectis

94 1563 233 1615 lineis,
262 1564 340 1606 sub
355 1577 402 1605 ea
420 1560 674 1618 expressione
694 1574 778 1602 non
800 1560 936 1602 adhuc
955 1561 1131 1619 cognitae
1149 1560 1298 1604 telluris
1313 1592 1327 1612 ,
1364 1573 1412 1604 ut
1430 1575 1453 1602 a
1469 1561 1585 1602 fabu-

95 1622 140 1667 lis
166 1639 204 1666 se
224 1622 472 1666 abstinerent
489 1649 503 1669 ,
536 1620 731 1678 explicare
749 1633 1081 1663 consueverunt.
1115 1623 1202 1663 Nos
1236 1619 1358 1678 igitur
1390 1618 1588 1663 tractatio-

96 1698 187 1726 nem
204 1683 319 1726 istam
336 1697 358 1724 a
389 1679 588 1726 divisione
608 1680 839 1739 Signaturae
870 1679 912 1720 in
932 1679 1037 1723 illam
1055 1680 1211 1723 Gratiae
1232 1709 1244 1728 ,
1279 1693 1318 1723 et
1334 1679 1502 1722 alteram
1517 1679 1590 1726 Ju-

95 1743 239 1788 stitiae‚
275 1742 323 1784 de
355 1756 438 1797 qua
463 1740 569 1783 infra
586 1739 706 1783 latius
736 1739 926 1783 disserere
954 1740 1271 1798 proposuimus,
1303 1736 1587 1796 incipiendam

98 1814 179 1843 esse
199 1801 445 1841 arbitramur
463 1829 475 1840 .
779 1823 782 1827 Δ

204 1850 265 1895 'Et
298 1854 485 1910 quamvis
517 1853 566 1894 de
603 1855 832 1904 erectione,
857 1869 904 1899 ut
929 1857 1105 1899 diximus
1126 1884 1139 1903 ,
1172 1854 1342 1910 hujusce
1380 1852 1593 1895 Tribuna-

94 1913 142 1956 lis
172 1924 279 1955 certa
308 1909 448 1950 ‘adhuc
480 1910 659 1965 cognitio
687 1924 774 1950 non
805 1913 854 1953 sit
879 1942 893 1960 ,
934 1925 1107 1954 attamen
1143 1912 1332 1953 nonnulli
1363 1912 1597 1962 affirmant,

96 1974 354 2030 Signaturam
398 1967 580 2011 absolute
631 1966 924 2012 consideratam
969 1970 1217 2029 principatui
1261 1976 1372 2029 pene.
1415 1986 1598 2015 coaevam

96 2033 248 2081 fuisse,
283 2043 333 2072 ex
366 2041 415 2069 eo
447 2027 593 2084 quod,
624 2027 655 2069 si
699 2027 746 2069 de
794 2029 1097 2072 nomenclatura
1138 2030 1371 2089 Signaturae
1413 2030 1600 2087 inquira-

98 2107 218 2142 mus,
247 2087 361 2131 facile
394 2086 658 2145 intelligemus
690 2101 776 2129 eam
804 2087 925 2132 fuisse
961 2089 1153 2148 Principis
1191 2091 1443 2134 audientiam
1466 2123 1478 2141 ‚
1511 2090 1596 2134 sive

99 2147 403 2194 Consistorium
423 2178 436 2197 ,
461 2147 553 2188 ideo
584 2147 815 2203 Signaturae
852 2148 1015 2191 nornine
1044 2150 1283 2207 appellatum
1302 2179 1315 2198 ‚
1346 2151 1443 2208 quia
1476 2150 1517 2191 in
1551 2163 1598 2191 eo

100 2208 477 2266 subsignabantur,
508 2207 587 2249 hoc
621 2220 678 2248 est
699 2207 1058 2252 subscribebantur
1089 2210 1273 2267 rescripta
1306 2209 1600 2267 petitionibus,

105 2284 200 2326 quae
233 2283 279 2309 ea
315 2266 358 2308 in
395 2266 604 2309 audientia
641 2266 955 2319 deferebantur3
984 2268 1142 2327 signare
1174 2270 1277 2311 idem
1299 2284 1378 2311 esse
1398 2298 1412 2317 ,
1438 2283 1484 2310 ac
1500 2269 1601 2310 sub-

104 2329 271 2372 scribere
290 2358 303 2376 ,
335 2339 488 2369 veteres
512 2326 631 2368 etiam
667 2326 891 2383 promiscue
921 2329 1027 2371 hisce
1058 2330 1189 2372 verbis
1219 2344 1310 2371 usos
1339 2328 1540 2377 fuisse‚et
1558 2327 1601 2369 in

106 2387 214 2429 libris
243 2386 417 2428 Romani
450 2385 551 2443 juris
591 2385 820 2441 exemplum
866 2387 1004 2430 haberi
1060 2387 1099 2427 in
1136 2389 1212 2447 leg.
1254 2387 1300 2430 Si
1328 2403 1405 2431 non
1438 2385 1603 2429 subscri-

98 2445 217 2505 psisti
247 2455 314 2499 15.
345 2444 495 2489 Codicis
522 2447 569 2488 de
602 2445 950 2491 Administratione
982 2445 1167 2490 Tutorum
1185 2479 1199 2499 ,
1226 2461 1263 2489 et
1299 2447 1341 2491 in
1369 2448 1445 2507 leg.
1466 2445 1604 2489 Subsi-

937 2507 979 2548 A
1011 2520 1037 2549 2
1493 2519 1603 2565 gnaq
