1993 3195
587 314 626 356 C
657 315 698 355 A
731 316 759 354 Ρ
789 314 831 354 U
859 313 897 354 T
968 311 1541 370 11.165

97 391 186 422 XIV·
178 407 209 426 .‚
226 389 272 416 ex
294 375 451 417 decreto
468 371 648 425 ejusdem
667 371 878 414 Auditoris
898 381 970 423 25.
987 368 1213 426 septembris
1230 380 1365 424 1770
1370 383 1417 411 ex
1434 385 1538 414 reso-

94 437 246 478 lutione
278 430 600 498 Congregationis
623 430 877 487 particularis
905 429 1002 470 anni
1037 427 1263 483 praedicti,
1285 441 1323 469 et
1351 429 1536 485 rescripto

93 494 332 549 Signaturae
367 493 443 533 sub
476 490 538 533 die
572 504 632 546 17.
658 489 757 532 iunii
781 504 905 546 1779·
943 488 984 528 in
1003 485 1218 528 Fauentina
1250 515 1262 534 ,
1295 498 1332 528 et
1361 496 1427 539 15.
1453 487 1540 529 iulii

93 550 271 603 ejusdem
289 550 392 591 anni
421 550 460 591 in
478 550 696 592 Feri-arten.
715 563 788 616 pro
806 550 908 590 dicta
926 548 965 588 S.
985 547 1119 587 Domo
1135 544 1434 597 Quaesttcotores
1444 561 1539 602 gau-

91 609 189 651 dent
207 609 419 666 privilegiis
439 609 514 650 fori
533 640 545 658 ,
581 607 701 652 etiam
717 609 757 649 in
771 624 852 649 non
881 605 1185 662 respicientibus
1203 604 1409 653 officium,
1425 605 1537 645 dwn-

88 669 201 710 modo
219 677 348 709 tamen
365 684 459 711 εχει·
460 683 570 710 ceant
585 668 728 710 dictum
747 684 909 709 munus

208 727 394 769 Sec-unda
427 727 614 770 instantia
647 727 925 770 Gubernatori
958 724 1085 769 dictae
1113 724 1299 767 Civitatis
1334 739 1418 765 non
1437 738 1539 765 com-

86 785 211 842 petit;
241 799 364 842 prout
382 799 627 829 censuerunt
643 786 821 828 Audito'r
841 815 855 832 ‚
891 797 929 826 et
959 785 1183 827 Praefectus
1209 796 1280 837 30.
1301 782 1395 825 maii
1410 784 1530 839 1778.

81 858 155 902 per
169 855 258 887 acta
278 846 479 889 Archivii.
517 845 602 888 Nec
622 860 748 904 potest
783 845 840 886 ille
857 845 1111 901 subdelegare
1130 873 1142 891 ,
1174 855 1219 885 ut
1246 843 1318 885 26.
1340 842 1534 896 februarii

84 904 209 960 1780
241 904 412 950 decrevit
430 905 653 948 Praefectus
686 920 754 963 per
770 905 909 946 eadem
929 906 1061 947 Acta.

162 962 343 1006 Demurn
375 966 477 1008 dicta
498 965 536 1005 S.
550 964 715 1007 Domus
733 980 782 1006 ex
801 964 1079 1020 praerogativa
1106 963 1231 1004 eidem
1250 977 1433 1005 concessa
1457 977 1533 1004 suo

85 1035 199 1065 motu
220 1024 385 1080 proprio
406 1040 428 1065 a
450 1024 657 1066 Clemente
673 1037 758 1066 xlv.
775 1027 817 1079 (1
827 1024 1013 1080 >gaudet
1032 1023 1192 1077 ampla,
1211 1036 1249 1065 et
1262 1022 1382 1064 libera
1414 1021 1536 1063 facul„

84 1093 163 1123 tate
184 1082 460 1138 procedendi
452 1097 491 1123 tn
512 1082 723 1124 exactione
744 1083 931 1123 omniu-m
945 1111 956 1128 ‚
994 1095 1032 1123 et
1051 1095 1408 1135 quorumcumque
1441 1079 1532 1121 red-

82 1139 247 1182 dituum
265 1134 565 1205 proventuum,
582 1141 969 1189 emolumentorum,
984 1140 1234 1181 existentium
1251 1153 1336 1181 tum
1358 1139 1399 1178 in
1418 1137 1534 1181 Civi-

80 1208 161 1239 tate
177 1200 429 1247 Laurmana,
462 1213 628 1253 eiusque
661 1197 839 1239 districtu
859 1229 871 1245 ,
903 1211 990 1239 tum
1009 1199 1049 1236 in
1069 1198 1154 1236 aliis
1169 1197 1263 1237 locis
1285 1196 1449 1236 ditionis
1462 1197 1537 1237 Ec⁶>

83 1255 321 1298 clesiasticae
339 1287 351 1305 ,
385 1257 578 1299 adversus
593 1270 870 1311 quascumque
903 1267 1117 1312 personas,
1136 1268 1173 1296 et
1190 1255 1273 1295 loca
1289 1253 1382 1310 pia,
1413 1268 1532 1294 manu

79 1314 238 1371 Regia,
262 1329 367 1356 more
386 1315 603 1364 Camerali3
631 1327 793 1370 excepta
812 1329 944 1356 tamen
962 1315 1061 1355 U1be
1081 1315 1230 1360 Roma,
1259 1325 1296 1353 et
1316 1327 1409 1352 curn
1429 1326 1532 1352 con-

82 1373 332 1420 ditionibus,
366 1374 478 1430 quod
497 1373 714 1428 exequutio
745 1373 869 1415 dictae
899 1388 1038 1415 manus
1067 1371 1216 1430 Regiae
1244 1371 1327 1412 fieri
1351 1382 1530 1424 nequeat

76 1433 156 1475 nisi
175 1432 388 1488 praemissa
417 1432 670 1474 intimatione
690 1432 875 1473 facienda
894 1431 1143 1473 debitoribus
1159 1445 1227 1485 per
1245 1430 1426 1483 quinque
1447 1429 1529 1469 dies

75 1505 228 1541 antea,
257 1506 294 1534 et
309 1492 401 1535 data
436 1506 600 1535 tanturn
621 1491 767 1532 eisdem
788 1490 972 1532 facultate
1003 1488 1191 1529 adversus
1209 1502 1297 1529 eam
1322 1501 1528 1528 recursum

75 1552 331 1607 proponendi
350 1567 484 1594 coram
506 1552 607 1592 Εΐῆο
633 1549 829 1604 Praefecto
851 1550 883 1592 C
882 1558 1172 1608 ongregattonzs
1189 1548 1424 1590 Lauretanae
1440 1576 1454 1595 ,
1470 1546 1533 1588 vel

46 1647 54 1652 .
73 1609 336 1653 Gubernatore
340 1627 412 1668 pro
428 1623 594 1667 tempore
609 1610 782 1652 Civitatis
793 1611 1056 1652 Lauretcmae.

147 1670 391 1728 Legationes
407 1671 698 1713 Provincimum
720 1669 941 1725 Pontificiae
966 1669 1140 1711 Ditionz's
1173 1669 1322 1711 habent
1341 1669 1531 1725 Signatu»

73 1743 160 1770 ram
177 1730 219 1771 in
235 1744 396 1780 ventre,
413 1745 459 1773 ut
476 1729 593 1783 ajunt
609 1731 796 1771 Forenses
815 1730 1016 1770 Romani.
1037 1729 1085 1771 Et
1109 1728 1257 1770 idcirco
1276 1727 1429 1769 Curiae
1448 1725 1525 1767 Le·-

70 1788 283 1842 gat-tionum
300 1791 556 1845 procedentes
576 1789 618 1829 in
638 1789 763 1844 figura
782 1787 1022 1845 Signaturae
1041 1788 1242 1847 admittere
1259 1787 1385 1828 solent
1402 1783 1529 1842 appel-

71 1845 292 1887 lationem
284 1862 324 1887 tn
343 1848 495 1894 causis,
514 1847 616 1885 inibi
633 1846 827 1887 definitis.
848 1849 905 1888 At
922 1847 1092 1899 quando
1110 1843 1251 1900 agitur
1269 1845 1318 1883 de
1336 1843 1527 1900 Appellar-

72 1907 379 1961 tionibus,quas-
387 1904 652 1968 collitigantes.
662 1916 936 1958 proponerent
953 1904 994 1943 in
1007 1901 1232 1944 Tribunale
1244 1901 1441 1943 Ar'zclztoris
1454 1902 1524 1944 Ca-

70 1980 223 2012 merae,
239 1976 375 2004 carent
405 1963 531 2004 dictae
550 1960 702 2003 Curiae
729 1961 914 2004 facultate
944 1961 1184 2003 moderandi
1210 1961 1337 2002 dictas
1359 1961 1523 2017 appella-

69 2025 221 2069 tiones,
240 2033 279 2062 et
297 2035 344 2061 eo
361 2021 484 2077 magis
504 2032 718 2076 nequeunt
739 2019 894 2075 aliquid
916 2021 1123 2063 decernere
1143 2034 1263 2075 super
1284 2019 1520 2075 pertinentia

71 2084 305 2126 Causarum
323 2079 374 2120 ad
390 2079 548 2127 ‚ludices
565 2090 853 2134 competentes.
869 2080 975 2122 Hinc
992 2095 1121 2134 quum
1140 2092 1270 2120 anno
1280 2088 1406 2135 175.7
1419 2093 1438 2119 a
1456 2077 1526 2135 ju-

72 2143 209 2185 dicato
223 2139 549 2182 Locumrenemis
565 2139 770 2179 Ravennae
787 2136 953 2178 fuisset
945 2153 986 2177 m
1006 2139 1102 2178 actis
1121 2136 1527 2180 CausaeAtimirzen-

69 2201 124 2244 sis
143 2202 242 2251 inter
271 2199 537 2241 Alexandrum
573 2194 827 2244 Lancellotti,
855 2206 892 2236 et
925 2193 1126 2237 Camillum
1146 2196 1320 2242 Pastori,
1348 2197 1522 2254 appella-

69 2274 158 2304 tum
179 2261 229 2301 ad
246 2258 298 2300 A.
311 2260 381 2308 C,
386 2270 431 2298 et
452 2256 567 2299 Curia
585 2253 833 2312 Legationt'S'
826 2270 867 2296 1n
882 2255 1009 2310 figura
1030 2254 1266 2310 Signaturae
1285 2255 1523 2300 moderasset

71 2318 419 2383 Appellationem,
423 2331 524 2358 eam
543 2313 820 2356 admittendo
812 2330 852 2355 m
871 2313 1083 2355 devolutivo
1106 2324 1286 2362 tantum,
1306 2315 1407 2356 itaut
1428 2317 1522 2356 Pars

72 2376 435 2436 appellatadicturn
461 2374 689 2429 judicatum
716 2373 983 2461 exequutioni
1005 2373 1286 2422 mandaverit;
1306 2374 1518 2429 Signatura

1437 2429 1515 2472 sub

538 2498 1518 2519 ffl--u-——ss———u--m

115 2564 170 2606 (ι)
193 2569 228 2601 ln
246 2565 392 2611 Append.
411 2574 482 2609 pag.
501 2565 576 2604 148.
604 2563 647 2594 ad
668 2572 742 2603 150.
