2075 3167
511 286 597 316 '110
808 268 883 310 DE
915 268 1048 316 JURE
1077 264 1418 311 SlGNATURAE
1442 267 1706 324 JUSTITIAE

513 328 813 392 experiundum
833 341 919 377 est,
950 328 1130 385 illudque
1154 328 1237 372 vim
1262 329 1436 386 rescripti
1463 330 1598 386 plenae
1627 330 1864 389 Signaturae
1897 329 1995 373 had·

516 393 607 435 bere
627 421 639 439 ,
672 390 835 447 jubetur
853 387 894 428 in
914 387 1057 432 Edicto
1078 387 1390 430 Eminentissimi
1405 389 1574 432 Salviatt'
1590 421 1600 431 .

638 452 745 491 Inter
766 448 839 490 alia
858 448 1015 505 negotia
1033 479 1046 498 ,
1078 463 1183 505 quae
1203 447 1363 503 expedit
1386 448 1491 490 idem
1507 449 1686 492 Auditor
1700 481 1714 500 ,
1745 462 1802 493 est
1836 446 1996 492 remis-'²'

518 511 577 555 sio
595 510 827 553 Causarum
839 507 893 549 ad
909 520 1039 564 partes
1059 508 1100 548 in
1120 507 1247 566 prima
1265 508 1454 548 instantia
1473 536 1485 555 ,
1513 509 1685 560 quando
1706 523 1845 567 nempe
1864 509 1977 551 Cau-

519 586 562 613 sa
581 600 593 618 ,
629 569 690 614 vel
709 567 868 612 curialis
903 581 988 609 non
1014 567 1092 617 sit,
1123 568 1198 609 hoc
1220 580 1306 616 est,
1346 566 1461 622 juxta
1496 566 1638 609 Edicta
1667 566 1977 610 Reformationis

522 630 706 679 Curiae,
739 642 823 670 non
855 628 1021 670 excedat
1043 640 1155 670 scuta
1188 626 1485 684 quinquaginta
1515 639 1697 669 monetae
1731 625 1854 669 Urbis
1875 657 1887 675 ,
1918 625 1982 669 vel

523 690 727 732 decretum
748 688 873 730 latum
892 685 1156 730 diffinitivum
1169 702 1256 728 non
1275 686 1352 736 sit,
1385 701 1515 742 neque
1534 686 1615 730 vim
1636 687 1790 729 habens
1826 684 1983 727 diffini-

522 747 593 792 tivi
610 764 623 798 ;
655 761 752 790 tunc
774 746 906 794 enirn,
932 747 1118 799 quamvis
1136 745 1326 788 inhibitio
1345 748 1396 789 ab
1411 746 1618 789 Auditore
1636 746 1836 788 Gamerae
1849 777 1862 796 ,
1881 745 1988 798 ejus-

524 822 604 862 que
632 805 1019 849 Locumtenentibus
1045 837 1057 855 ,
1084 806 1208 848 fuerit
1225 805 1408 862 expedita
1426 837 1438 854 ,
1468 819 1505 848 et
1539 820 1745 861 exequuta
1766 837 1780 855 ,
1806 805 1838 847 si
1860 804 1983 847 altera

525 868 617 909 Pars
649 866 833 908 reclamet
851 895 864 913 ,
891 867 1067 908 remissio
1095 864 1257 906 Causae
1295 865 1348 906 ad
1379 878 1506 921 partes
1539 867 1796 914 decernitur3
1825 866 1855 906 si
1888 878 1985 907 vero

519 924 735 967 Auditoris
752 925 949 965 Gamerae
975 925 1177 966 Tribunal
1203 924 1440 974 moderasset
1457 923 1636 978 aliquam
1664 922 1949 965 inhibitionem
1963 936 1987 964 a

521 981 652 1036 seipso
669 982 921 1037 expeditam,
948 997 1052 1034 quae
1072 981 1325 1023 moderanda
1344 995 1428 1020 non
1445 996 1544 1023 esset
1560 1014 1574 1032 ‚
1609 985 1701 1023 Pars
1717 981 1778 1022 ilia
1801 1009 1813 1027 ‚
1844 981 1912 1023 cui
1931 981 1989 1023 di-

523 1052 581 1082 cta
601 1039 828 1080 moderatio
865 1051 949 1077 non
969 1040 1115 1081 arridet
1135 1068 1148 1086 ‚
1182 1038 1347 1080 citando
1364 1053 1500 1080 coram
1519 1041 1626 1084 dicto
1653 1039 1851 1083 Auditore
1884 1040 1992 1082 obti-

517 1112 591 1141 net
615 1096 870 1140 inhibitionis
894 1096 1276 1155 reintegrationemt,
1309 1100 1522 1140 ambarum
1548 1100 1787 1143 citationum
1810 1099 1990 1158 formula

521 1172 693 1213 sequens
722 1170 777 1198 est
795 1185 806 1197 .

891 1213 1208 1258 Eminentisst‘mo
1223 1216 1268 1257 S.
1284 1216 1316 1257 I.
1341 1218 1385 1257 P.
1407 1248 1419 1265 ,
1454 1217 1533 1259 sive
1550 1228 1622 1259 etc.

643 1274 674 1316 C
674 1273 791 1315 itetnr
807 1272 865 1314 N.
885 1273 942 1314 N.
968 1289 1018 1314 ex
1031 1277 1188 1316 adverso
1207 1276 1432 1316 Procurator
1447 1286 1618 1317 assertus
1634 1276 1690 1317 N.
1709 1276 1766 1317 N.
1786 1290 1838 1319 ex
1851 1277 1994 1318 adver-

518 1350 563 1379 ‚so
581 1332 812 1389 Principalis
827 1333 882 1374 acl
900 1332 1318 1377 videndummoderari
1350 1334 1612 1378 inhibitionem
1645 1337 1798 1377 nulliter
1815 1367 1828 1386 ‚
1864 1347 1903 1377 et
1930 1336 1994 1377 in-

519 1394 648 1440 debite*
665 1394 858 1434 obtentam
874 1423 886 1442 ,
918 1392 1097 1449 illamque
1114 1393 1295 1434 mandati
1318 1409 1394 1436 non
1411 1396 1562 1448 afficere
1584 1424 1597 1442 ‚
1632 1396 1823 1437 declarari
1836 1409 1992 1438 causam

529 1462 702 1510 spectare
717 1453 771 1492 ad
786 1462 950 1508 partes,
981 1464 1018 1492 et
1039 1453 1230 1495 decretum
1262 1455 1316 1494 acl
1338 1454 1506 1511 primam
1533 1465 1606 1497 etc.
1640 1455 1809 1498 instante
1846 1454 1903 1497 N.
1932 1455 1991 1498 N.

522 1510 738 1569 Principali
751 1541 766 1561 ,
798 1510 882 1554 sive
898 1519 973 1552 etc.

645 1572 649 1574 ⁴
1504 1575 1559 1615 Ν.
1582 1575 1637 1616 Ν.
1654 1574 1846 1619 Notarius
1864 1605 1876 1616 .

914 1629 1228 1674 Eminentissimo
1244 1632 1288 1673 S.
1315 1632 1345 1673 I.
1373 1633 1416 1675 P.
1438 1633 1516 1676 sive
1535 1648 1607 1676 etc.

651 1687 682 1730 C
683 1689 802 1731 itetur
817 1688 875 1730 N.
895 1690 951 1731 Ν.
972 1720 985 1739 ,
1011 1705 1063 1731 ex
1080 1692 1241 1734 adverso
1257 1693 1490 1735 Procurator
1507 1709 1678 1737 assertus
1694 1695 1751 1734 N.
1772 1692 1830 1734 N.
1850 1706 1904 1734 ex
1919 1691 1995 1734 ad-

526 1760 635 1790 verso
651 1748 883 1804 Principalis
900 1751 956 1790 ad
973 1749 1178 1791 videndum
1196 1752 1354 1806 praevia
1370 1781 1384 1798 ‚
1413 1764 1600 1806 quatenus
1623 1765 1720 1807 opus
1736 1752 1787 1793 sit
1805 1779 1818 1797 ,
1851 1751 1999 1807 reposi-

527 1806 633 1848 tione
650 1821 675 1848 α
693 1821 937 1863 quocumque
959 1808 1112 1848 decreto
1129 1808 1285 1848 nullz'ter
1304 1837 1314 1852 ‚
1347 1818 1384 1847 et
1399 1808 1574 1851 indebite'
1584 1821 1736 1851 extorto
1751 1811 1799 1851 ab
1812 1811 1861 1852 R.
1874 1811 1919 1853 P,
1937 1811 1996 1851 D.

519 1866 585 1908 N.
603 1866 665 1908 Ν.
685 1865 918 1924 reintegrari
946 1864 1209 1906 inhibitionem
1227 1897 1240 1914 ,
1278 1865 1458 1923 illamque
1482 1867 1667 1909 mandari
1697 1870 1850 1922 afficere
1881 1882 2000 1925 prout

525 1926 572 1965 de
584 1927 682 1972 Iure
700 1955 713 1973 ,
742 1936 780 1967 et
797 1926 993 1971 decretum
1013 1937 1084 1967 etc.
1109 1926 1164 1968 ad
1173 1924 1345 1984 primam
1378 1938 1449 1967 etc.
1468 1928 1640 1967 Instante
1664 1928 1720 1966 N.
1746 1927 1804 1967 N.
1840 1926 2002 1970 Princi-

516 1983 607 2042 ,vali
623 2012 636 2033 ‚
665 1984 743 2027 sive
761 1997 833 2028 etc.

511 2044 517 2046 “
1504 2044 1559 2085 Ν.
1579 2042 1636 2084 Ν.
1657 2043 1851 2087 Notarius
1866 2074 1877 2086 .

646 2102 872 2160 Cognoscit
897 2102 1016 2147 etiam
1037 2100 1085 2139 de
1101 2100 1367 2156 competentia
1385 2101 1680 2159 jurisdictionis
1694 2136 1707 2153 ,
1724 2104 1830 2146 itaut
1846 2133 1860 2152 ,
1891 2103 1924 2148 si
1943 2120 2005 2147 ca·

525 2175 595 2204 sus
623 2162 781 2205 eveniat
799 2189 811 2206 ,
846 2158 962 2215 quod
992 2157 1132 2199 Causa
1153 2159 1384 2204 introducta
1403 2161 1451 2204 sit
1467 2176 1603 2204 coram
1627 2161 1910 2221 incompetenti
1925 2164 2004 2218 Ju-

530 2221 616 2263 dice
633 2250 646 2269 ‚
666 2218 913 2261 Adversario
939 2216 1111 2258 instante
1141 2219 1200 2259 ille
1228 2220 1408 2264 decernit
1438 2221 1621 2264 Causam
1638 2238 1813 2280 spectare
1848 2225 1900 2264 ad
1917 2240 2004 2281 pro-

528 2279 664 2335 prium
689 2277 896 2325 judicem,
925 2276 1101 2331 ideoque
1123 2278 1304 2320 eamdem
1332 2294 1479 2325 avocat
1513 2296 1534 2323 a
1565 2282 1738 2335 judice,
1766 2293 2000 2340 coram‘quo

530 2337 762 2379 introducta
782 2336 895 2392 prius
907 2337 1182 2394 ‘reperiebatur
1201 2368 1210 2377 .
1231 2338 1416 2383 Facuitas
1432 2341 1539 2383 enim
1567 2343 1684 2393 baec,
1701 2358 1888 2385 concessa
1906 2345 2001 2385 Au-

525 2396 653 2439 ditori
669 2396 907 2452 Signaturae
925 2396 974 2436 de
993 2397 1259 2454 competentia
1275 2398 1488 2456 'judicandi
1507 2433 1521 2451 ,
1539 2401 1743 2445 laudanda
1763 2404 1910 2461 quippe
1927 2415 1999 2453 est,

529 2471 627 2497 nam
659 2471 680 2496 a
699 2455 853 2498 ratione
873 2454 1054 2498 alienum
1087 2472 1212 2508 esset,
1242 2471 1289 2500 ut
1312 2459 1469 2503 sibimet
1500 2462 1549 2502 de
1570 2463 1806 2521 competenti
1837 2461 1999 2513 jurisdi-

526 2514 661 2557 ctione
687 2514 753 2572 jus
770 2514 946 2560 dicerent
967 2515 1240 2568 Tribunalia;
1268 2518 1367 2562 hinc
1385 2520 1595 2566 Accurst'us
1610 2523 1833 2581 glossatoris
1848 2535 2002 2566 munus

1927 2595 2000 2639 se-
