1952 3167
384 309 449 332 loo
743 300 803 333 DE
831 300 942 340 JURE
972 300 1254 336 SIGNATURAE
1280 302 1491 343 JUSTITIAE

379 358 416 380 ac
433 345 459 380 si
476 345 641 390 praedictae
656 345 775 382 Literae
787 361 846 393 per
861 359 1031 384 extensum
1049 351 1264 395 praesentibus
1283 351 1517 390 insererentur,
1535 351 1783 392 confirmamus,
1796 352 1842 387 in-

377 405 536 428 novamus
552 419 561 434 ,
591 407 627 429 ac
642 397 682 430 de
696 408 783 430 novo
809 398 983 432 statuimus
997 423 1007 432 .

473 443 512 476 Et
529 445 680 487 quamvis
711 455 784 489 post
799 448 975 480 earundem
1027 447 1212 480 [iterarunt
1240 446 1437 480 Nostrarum
1478 445 1733 488 publicationem
1749 472 1758 486 ‚
1791 450 1841 483 de-

377 489 450 523 latis
465 492 504 524 ad
521 491 594 526 Nos
609 495 816 538 quorundam
846 495 1150 537 conquaestionibus
1167 517 1176 531 ‚
1204 503 1235 526 et
1253 494 1434 536 pracsertim
1466 505 1505 526 ex
1523 493 1700 527 Provincia
1717 495 1840 530 Nostra

372 537 601 574 Romandiolae
634 553 735 584 super
750 543 853 575 abusu
879 541 1088 574 Citationum
1108 541 1211 586 Typis
1230 539 1461 574 Cameralibus
1478 540 1712 584 impressarurn
1732 566 1740 580 ‚
1764 556 1835 587 quae

374 587 478 631 vulgo
493 587 680 622 Citationes
699 589 891 622 Camerales
922 598 1176 632 nuncupantur3
1210 597 1384 632 propterea
1411 590 1500 633 quod
1517 601 1534 622 a
1550 588 1678 624 nemine
1692 601 1734 623 ex
1748 591 1837 625 Iudi-

371 634 464 669 cibus
493 636 652 670 Romanae
666 636 781 670 Curiae
809 636 994 676 subscribi,
1031 649 1086 670 seu
1103 635 1225 671 firmari
1240 636 1368 670 soleant
1385 660 1395 673 ‚
1424 645 1457 671 et
1473 635 1690 672 nihilominus
1706 647 1782 682 post
1798 639 1842 674 le-

373 681 522 726 gitimam
539 695 650 718 earum
678 685 938 728 exequutionem
960 685 1126 719 inhibendi
1151 684 1218 718 vim
1237 686 1358 718 habere
1377 685 1594 726 dicerentur;
1623 686 1696 719 Nos
1720 697 1797 720 tunc
1829 711 1838 726 ,

371 738 408 763 ut
422 730 454 764 in
475 742 508 764 re
532 731 622 776 gravi
639 740 734 765 caute
749 755 759 770 ‚
786 733 983 777 matureque
1012 733 1270 779 procederemus
1285 756 1295 771 ,
1324 744 1380 777 per
1397 734 1550 778 quasdam
1578 733 1702 768 Literas
1722 735 1839 768 Secre-

371 778 461 812 tariae
494 779 628 814 Nostrae
656 780 766 814 Status
792 792 989 825 nuncupatae
1016 781 1287 824 provisiona-liter
1310 780 1469 816 declarari
1496 781 1675 817 fecerimus
1698 806 1708 820 ‚
1745 782 1840 817 Cita-

370 824 479 860 tiones
495 828 687 865 hujusmodi
718 840 735 861 a
751 828 842 863 nullo
861 842 901 863 ex
919 830 1089 864 Iudicibus
1118 829 1272 863 Romanae
1285 830 1398 864 Curiae
1427 831 1559 874 propria
1575 842 1671 864 manu
1689 831 1837 866 subscri·

368 882 439 918 ptus
454 897 465 914 ‚
495 875 525 908 in
541 876 698 919 praedicta
723 886 834 911 nostra
855 877 1109 912 Constitutione
1140 877 1274 912 minime
1290 878 1553 920 comprehendi:
1583 879 1700 912 Postea
1727 888 1836 913 tamen

368 922 526 955 universo
567 923 709 966 negocio
740 925 918 958 occasione
947 925 1114 969 praesentis
1151 926 1408 960 Reformationis
1439 927 1697 972 diligentissime
1714 927 1839 961 discus-

365 980 404 1002 so
422 992 432 1007 ‚
461 980 537 1002 cum
553 969 662 1003 Nobis
677 972 893 1010 constiterit,
922 985 1018 1008 usum
1036 974 1267 1018 praedictarum
1282 974 1493 1008 Citationum
1523 976 1642 1009 nedum
1660 975 1837 1010 doctorum

363 1017 539 1051 hominum
568 1017 734 1063 suffragiis
754 1043 764 1058 ,
790 1021 847 1054 sed
865 1020 967 1055 etiam
990 1032 1202 1066 pervetusta,
1232 1030 1264 1056 et
1281 1035 1446 1067 nunquam
1466 1022 1543 1057 alias
1565 1025 1750 1067 interrupta
1764 1033 1836 1058 tum

363 1064 523 1100 Romana:
543 1066 658 1101 Curiae
676 1091 686 1107 ‚
713 1075 785 1103 tum
802 1069 903 1112 ipsius
931 1070 1122 1105 Provincia:
1152 1071 1380 1105 Romandiolae
1400 1095 1410 1110 ‚
1434 1080 1534 1116 atque
1561 1070 1697 1106 aliarum
1726 1072 1833 1106 Status

361 1112 479 1147 Nostri
499 1114 718 1150 Ecclesiastici
735 1118 990 1153 provinciarum
1007 1119 1215 1153 observantia
1230 1121 1441 1163 comprobari
1457 1132 1466 1159 ;
1481 1130 1513 1154 et
1529 1129 1689 1164 quatenus
1705 1122 1835 1164 specia-

363 1161 401 1195 lis
416 1163 620 1207 subscriptio
647 1164 678 1198 in
694 1164 738 1198 eis
759 1166 948 1200 indistincte
965 1168 1156 1211 exigeretur
1171 1178 1272 1205 ‚ffnon
1292 1167 1460 1201 modicum
1494 1168 1568 1202 inde
1583 1171 1738 1217 damnum
1758 1191 1768 1207 ‚
1795 1179 1832 1202 ac

360 1209 569 1254 dispendium
589 1213 620 1246 in
634 1213 791 1249 Subditos
805 1239 815 1254 ,
844 1225 942 1262 atque
959 1216 1086 1250 Incolas
1111 1217 1288 1251 earundem
1308 1215 1558 1251 Provinciarum
1581 1217 1652 1250 fore
1668 1217 1838 1261 profectu·

359 1269 432 1292 rum
450 1281 458 1292 .
486 1260 588 1294 Nunc
606 1261 739 1296 demum
773 1263 984 1306 praesentium
1003 1265 1188 1299 Literarum
1220 1274 1333 1298 tenore
1352 1273 1479 1298 certum
1497 1288 1506 1304 ,
1533 1277 1569 1298 ac
1586 1264 1737 1298 stabilem
1757 1275 1838 1298 cur-

360 1318 433 1341 sum
466 1307 696 1343 Citationibus
726 1312 822 1351 hujus
838 1313 969 1357 generis
994 1314 1092 1353 dare,
1121 1323 1152 1346 et
1170 1325 1233 1346 una
1249 1312 1347 1346 simul
1374 1313 1643 1358 quibuscumque
1662 1313 1834 1347 fraudibus

362 1367 433 1400 quae
448 1367 508 1400 per
526 1368 578 1391 eas
598 1359 668 1392 fieri
698 1369 853 1402 possent,
882 1370 1043 1405 quantum
1064 1361 1094 1395 in
1121 1361 1268 1396 Domino
1299 1373 1497 1405 possumus,
1529 1371 1704 1395 occurrere
1717 1360 1832 1394 volen-

361 1412 410 1437 tes
425 1427 434 1442 ‚
463 1405 644 1439 statuimus
673 1406 703 1440 in
721 1408 836 1451 primis
850 1433 860 1448 ‚
892 1409 1086 1444 ordinamus
1102 1434 1111 1449 ,-
1144 1422 1179 1444 ac
1196 1408 1401 1444 declaramus
1416 1432 1425 1447 ,
1456 1411 1545 1453 quod
1562 1408 1658 1442 sicuti
1677 1409 1832 1441 hactenus

357 1459 389 1485 et
406 1463 422 1484 a
440 1461 590 1495 tempore
605 1455 835 1498 antiquissimo
852 1480 862 1494 ‚
894 1456 936 1489 ita
963 1469 1098 1501 quoque
1133 1457 1163 1489 in
1181 1467 1352 1498 posterum
1387 1456 1571 1500 unicuique
1602 1467 1665 1500 pro
1694 1454 1831 1489 arbitrio

356 1510 418 1533 suo
446 1497 542 1534 liceat
560 1511 620 1543 per
636 1503 798 1541 eiusmodi
831 1503 1017 1542 Citationes
1041 1504 1146 1550 Typis
1162 1504 1394 1540 Cameralibus
1425 1504 1600 1547 impressas
1643 1503 1832 1537 debitorem

357 1559 454 1581 suum
475 1548 641 1582 absentem
660 1573 670 1588 ‚
700 1550 771 1583 sive
787 1551 882 1584 aliter
894 1551 956 1590 s'bi
973 1551 1157 1598 obligatum
1186 1564 1303 1587 coram
1338 1552 1507 1586 Auditore
1535 1550 1691 1584 Generali
1708 1550 1834 1584 Causa⁴

354 1605 427 1629 rum
445 1595 558 1630 Curiae
577 1596 730 1631 Camerae
744 1597 877 1632 Nostrae
893 1600 1097 1641 Apostolicee
1111 1624 1120 1639 ,
1155 1601 1209 1634 vel
1230 1600 1336 1634 altero
1352 1611 1391 1634 ex
1407 1599 1479 1637 ejus
1511 1598 1832 1633 Locumtenentibus

354 1643 385 1676 in
407 1643 461 1677 Ius
478 1667 486 1682 ‚
506 1651 540 1677 et
555 1643 719 1680 Iudicium
742 1657 888 1680 *evocare
904 1669 914 1685 ,
932 1647 1060 1681 etiamsi
1076 1647 1152 1690 ipsae
1171 1647 1360 1682 Citationes
1378 1659 1394 1681 a
1421 1647 1514 1681 nullo
1533 1660 1576 1681 ex
1594 1646 1759 1692 praedictis
1775 1647 1832 1681 Iu-

353 1690 483 1726 dicibus
499 1715 509 1729 ‚
538 1692 644 1727 immo
659 1705 719 1728 nec
736 1694 863 1729 etiamsi
878 1695 916 1730 ab
931 1706 1046 1730 eorum
1067 1696 1217 1730 Notarils
1247 1695 1439 1739 subscriptae
1467 1695 1594 1729 fuerint
1611 1701 1623 1739 (
1639 1695 1832 1729 memoratis

355 1739 478 1774 Literis
496 1740 686 1777 Secretariae
702 1744 810 1777 Status
825 1767 835 1783 ‚
867 1743 989 1778 Edictis
1007 1743 1244 1778 Cardinalium
1274 1755 1335 1789 pro
1356 1753 1509 1788 tempore
1539 1744 1742 1787 Legatorum
1761 1767 1771 1783 ‚
1799 1751 1833 1778 et

354 1787 425 1822 aliis
440 1788 708 1836 quibuscumque
730 1792 901 1827 contrariis
929 1804 991 1826 non
1008 1791 1215 1827 obstantibus
1240 1797 1277 1833 );
1307 1793 1492 1826 dummodo
1522 1802 1630 1827 tamen
1658 1800 1776 1837 agatur
1789 1792 1833 1826 de

353 1837 460 1871 causis
475 1861 483 1876 ‚
514 1837 544 1871 in
559 1840 677 1883 quibus
707 1840 774 1885 ipse
792 1841 833 1874 A.
851 1842 897 1874 C.
914 1841 1033 1886 vigore
1061 1853 1194 1876 suarum
1216 1841 1415 1876 facultatum
1432 1865 1441 1881 ,
1473 1850 1529 1875 aut
1544 1840 1670 1875 virtute
1687 1840 1831 1880 alicuius

353 1884 528 1929 Brivilegii
546 1910 555 1925 ,
586 1889 677 1931 quod
695 1889 832 1923 Instanti
848 1891 888 1923 de
908 1892 982 1930 jure
997 1898 1190 1935 competat,
1218 1890 1261 1924 sit
1275 1890 1381 1924 Iudex
1397 1898 1592 1935 con-,petens
1609 1888 1670 1923 Rei
1687 1900 1833 1923 conven-

353 1934 376 1965 ti
395 1957 405 1973 ‚
432 1946 488 1968 seu
505 1935 610 1970 Partis
627 1936 733 1972 citatae
748 1938 844 1972 etiam
862 1938 893 1972 in
910 1938 1015 1982 prima
1042 1938 1200 1973 Instantia
1213 1951 1223 1978 3
1237 1937 1314 1973 alias
1333 1938 1502 1982 praedictae
1518 1938 1707 1972 Citationes
1723 1947 1832 1981 neque

352 1981 504 2022 valeant,
538 1996 645 2028 neque
675 1987 841 2025 afficiant,
870 1987 1006 2031 perinde
1019 1999 1055 2022 ac
1079 1989 1106 2022 si
1125 1988 1240 2025 factat,
1268 1988 1321 2022 vel
1337 1995 1514 2032 exequutae
1553 1998 1618 2021 non
1647 1984 1791 2037 fuissent
1816 1996 1826 2016 ε

351 2029 439 2064 Cum
459 2031 592 2066 enimin
610 2036 802 2074 hujusmodi
830 2033 949 2076 Causis
968 2036 1195 2081 unusquisque
1224 2036 1353 2074 dejure
1378 2035 1566 2070 debitorem
1594 2045 1692 2068 suum
1726 2040 1826 2066 etiam

348 2079 528 2114 verbaliter
542 2093 652 2117 coram
670 2085 713 2117 A.
734 2084 777 2119 C.
802 2085 831 2118 in
851 2085 902 2122 jus
919 2096 1041 2119 vocare
1060 2085 1188 2129 possit,
1215 2083 1296 2118 nihil
1312 2084 1388 2117 53οὲ
1405 2083 1548 2125 proponi
1597 2087 1707 2132 POPe⁵²
1724 2103 1735 2118 ²
1761 2089 1823 2134 cut·

349 2124 444 2160 illum
465 2128 535 2170 pari
559 2132 659 2164 modo
673 2143 732 2176 per
744 2133 848 2166 dictas
865 2132 1054 2166 Citationes
1096 2130 1288 2165 Camerales
1314 2129 1413 2174 etjam
1441 2139 1505 2162 non
1521 2129 1724 2170 subscriptas
1739 2136 1817 2161 cita-

343 2182 378 2205 re
398 2195 408 2211 ‚
435 2182 467 2206 et
487 2174 516 2207 in
535 2177 586 2214 ius
607 2189 727 2211 vocare
738 2191 799 2212 non
820 2179 927 2212 valeat
946 2201 956 2211 .
1053 2220 1056 2223 v
1752 2208 1753 2211 =

443 2220 547 2266 Quod
563 2224 589 2257 si
606 2223 714 2269 aliqua
732 2236 772 2259 ex
788 2225 952 2269 praedictis
977 2226 1097 2260 Causis
1116 2250 1125 2265 ,
1144 2234 1179 2260 ut
1196 2227 1366 2269 praefertur
1383 2248 1394 2264 ‚
1436 2225 1655 2271 privilegiatis
1668 2250 1679 2266 ‚
1707 2225 1739 2259 in
1755 2223 1827 2269 qui-

344 2269 404 2303 bus
422 2269 579 2305 nimirum
612 2274 654 2306 A.
673 2274 717 2306 C.
734 2282 780 2306 est
799 2274 910 2313 Judex
924 2283 1118 2316 competens
1137 2273 1234 2307 etiam
1254 2273 1283 2306 in
1300 2274 1407 2317 prima
1428 2273 1584 2308 Instantia
1601 2298 1612 2313 ‚
1641 2273 1826 2318 reperiatur

345 2317 408 2353 jam
426 2327 610 2353 contestata
625 2344 634 2359 ‚
674 2329 708 2354 et
726 2321 915 2355 introducta
944 2332 1057 2355 coram
1090 2322 1156 2355 alio
1169 2321 1288 2361 judice
1304 2323 1343 2355 de
1359 2322 1512 2356 Partibus
1526 2345 1536 2360 ‚
1561 2329 1595 2355 et
1611 2320 1826 2356 nihilominus

346 2363 426 2400 alter
440 2378 479 2399 ex
497 2365 702 2412 litigantibus
720 2393 730 2408 ‚
758 2369 810 2403 cui
829 2377 998 2413 competat
1025 2369 1164 2404 variatio
1189 2368 1265 2403 Fori
1280 2393 1290 2409 ,
1319 2369 1371 2403 vel
1388 2371 1503 2415 vigore
1526 2368 1739 2415 obligationis
1756 2368 1826 2402 Ca·

346 2414 474 2448 meralis
492 2439 502 2453 ‚
531 2415 585 2450 vel
602 2417 730 2451 virtute
748 2421 827 2463 Leg.
848 2418 938 2451 unic.
958 2418 1032 2451 cod.
1049 2419 1182 2460 Quanti.
1197 2422 1317 2464 Imper.
1336 2418 1420 2451 inter
1447 2417 1596 2464 'Pupillos
1611 2443 1621 2458 ,
1648 2426 1681 2452 et
1706 2418 1826 2452 Viduas
1866 2463 1869 2465 Β

347 2461 496 2497 citaverit
526 2476 636 2499 coram
665 2467 706 2499 A.
731 2465 866 2500 C.cum
887 2466 984 2500 dictis
1008 2465 1237 2500 Citationibus
1266 2464 1454 2510 impressis,
1481 2475 1514 2499 et
1529 2477 1595 2499 non
1610 2464 1822 2509 subscriptis,

345 2518 420 2543 tunc
442 2511 535 2546 etiam
552 2514 710 2549 volumus
739 2537 750 2553 ‚
784 2523 817 2549 et
833 2516 1027 2549 mandamus
1041 2526 1093 2549 eas
1108 2514 1253 2560 exequi,
1278 2522 1311 2548 et
1324 2514 1450 2549 attendi
1469 2514 1616 2556 debere;
1645 2514 1702 2551 sed
1718 2525 1757 2549 eo
1769 2523 1822 2546 ca-

1783 2569 1823 2593 su
