1993 3195
637 291 674 333 C
708 291 749 331 A
777 293 807 331 P
840 290 879 331 U
912 290 950 330 T
1014 289 1060 328 Π.
1532 302 1554 328 (-

155 390 158 393 .
251 347 564 400 Commissiones
594 349 647 392 ita
677 349 920 405 subscriptae
941 380 953 397 ‚
982 347 1062 389 sive
1082 375 1095 393 ,
1130 358 1175 387 ut
1199 343 1388 385 Forenses
1412 300 1591 399 loquulna-

135 425 199 454 tur
216 441 229 458 ,
265 408 613 451 Referendariatae
631 440 644 458 ‚
677 408 1005 450 transmittuntur
1020 418 1088 460 per
1106 403 1304 445 Cursores
1321 400 1589 458 Collitiganti,

131 468 293 524 ejusque
331 468 586 511 Procuratori
618 483 711 510 cum
737 467 925 509 citatione
953 464 1100 506 eisdem
1131 475 1291 504 annexa
1310 492 1323 511 ‚
1358 459 1475 512 cujus
1508 461 1589 503 sor⁴¹

129 525 236 567 mula
255 532 424 582 sequens
442 541 498 570 est
516 557 526 568 .

657 585 868 643 Signatum
891 580 1069 632 Iustitiae

631 646 680 686 R.
700 646 743 685 Ρ.
761 646 817 686 D.
847 643 1059 685 Simonetto
1080 671 1090 681 .

253 704 283 746 C
285 703 399 746 itetur
412 704 454 746 N
458 705 514 748 ,Ν
519 737 527 746 .
545 718 596 747 ex
607 706 767 746 adverso
778 712 1015 761 procurator
1028 710 1200 742 assertas
1216 695 1473 740 addicendum
1492 696 1521 740 C
1522 713 1590 739 ιω-

129 779 210 807 sam
225 778 345 821 quare
364 763 394 805 C
395 763 585 806 ommissz‘o
601 792 614 810 ‚
642 761 751 818 cujas
767 761 873 817 copia
888 761 963 803 siln'
976 758 1251 802 transmittitur
1263 754 1427 810 proponi
1440 786 1451 803 ,
1485 767 1522 796 et
1538 756 1588 797 si-

124 825 247 878 gnari
261 839 337 865 non
353 825 487 866 debeat
505 824 544 865 ἱη
558 821 688 878 prima
706 822 882 876 proxima
903 820 1115 878 Signatum
1134 849 1149 869 ³
1174 829 1212 859 er
1230 818 1421 858 decretum
1443 825 1514 857 etc.
1533 814 1594 856 in-

128 891 252 924 stante
271 883 326 924 N.
343 883 397 925 N.
413 882 625 941 principali
640 913 653 933 ,
679 881 754 925 sive
773 892 831 924 etc
850 910 859 923 η

1219 934 1439 981 Arcln'vium
1461 965 1469 974 .

246 999 309 1041 Ex
329 1001 403 1044 hac
424 1004 573 1060 quippe
605 1004 804 1048 citationis
829 1003 1006 1046 formula
1033 1000 1267 1056 unicuique
1294 1008 1354 1037 sat
1379 992 1592 1057 innotescit

129 1070 216 1098 non
234 1059 444 1115 originales
463 1062 797 1112 Commissiones‚
814 1064 883 1104 sed
901 1060 1184 1104 tantummodo
1197 1069 1338 1099 earum
1356 1064 1492 1107 coplas
1508 1064 1589 1112 esse

127 1118 455 1158 transmittendas
477 1135 489 1165 3
522 1134 560 1160 et
578 1122 619 1160 in
651 1121 778 1174 eapite
795 1138 834 1163 v.
855 1123 1089 1162 decretorum
1110 1118 1206 1158 anni
1226 1126 1350 1168 1741·
1373 1110 1443 1165 (Ι)
1458 1109 1591 1151 sassei-

126 1180 215 1213 tum
247 1171 412 1228 legimus
443 1204 456 1222 ,
487 1175 681 1230 originale
716 1176 864 1220 folium
911 1175 1198 1230 propositionis
1230 1185 1357 1210 manu
1391 1167 1552 1222 propria
1574 1195 1591 1213 ‚

128 1234 273 1272 etcum
309 1232 501 1275 adnotata
536 1233 794 1275 distinctione
825 1249 847 1275 a
876 1231 1169 1274 Referendario
1204 1227 1385 1285 quolibet
1418 1224 1592 1265 subscri-

127 1300 243 1343 ptum
259 1321 271 1338 ³
303 1291 343 1330 in
364 1307 447 1346 quo
468 1292 587 1334 etiarn
610 1292 803 1334 adnotari
832 1293 951 1335 debet
970 1288 1268 1334 commissionis
1299 1284 1439 1328 titulus
1463 1314 1475 1332 ,
1518 1284 1593 1323 Re-

81 1369 87 1373 ·
125 1346 342 1390 ferendarii
377 1365 554 1401 nomen,
588 1365 625 1393 et
645 1352 686 1391 in
717 1351 820 1395 calce
854 1351 1036 1406 ejusdem
1068 1348 1168 1390 illud
1187 1341 1462 1389 Procuratoris
1490 1355 1589 1397 pro-

126 1406 216 1461 prio
246 1407 429 1463 ejusdem
452 1413 677 1452 charactere
706 1404 944 1467 inscriptum
968 1440 976 1454 ,
1013 1424 1082 1463 per
1101 1408 1295 1463 integram
1313 1404 1373 1443 die
1392 1398 1587 1441 Mercurii

128 1463 354 1509 immediate
390 1470 703 1525 subsequentem
734 1467 1027 1510 transmissioni
1050 1464 1398 1507 Commissionum
1429 1490 1442 1508 2
1478 1457 1592 1498 (1693·-

128 1526 302 1568 rendum
331 1542 409 1570 esse
437 1529 490 1570 ad
509 1527 780 1577 Auditorem3
808 1529 839 1571 si
872 1544 984 1571 secus
1025 1543 1046 1569 a
1067 1521 1404 1567 procuratoribus
1433 1518 1587 1582 factum

126 1579 249 1627 fuerit
264 1618 277 1636 ,
305 1586 532 1643 plectendos
558 1603 625 1631 eos
646 1603 727 1630 esse
747 1588 887 1630 eadem
904 1602 1035 1645 poena
1051 1598 1259 1627 scutorum
1290 1592 1467 1637 quatuor
1482 1607 1496 1626 2
1528 1589 1588 1618 iti-

129 1641 219 1684 dem
252 1646 491 1702 applicanda
524 1646 847 1704 Congregationi
882 1649 921 1688 S.
944 1645 1109 1690 lvonis.

126 1756 138 1766 ·
246 1704 392 1748 Evenit
411 1706 634 1762 aliquando
663 1704 1005 1749 Commissionem
1031 1703 1236 1747 continere
1265 1695 1461 1740 clausulas
1480 1709 1588 1760 prae-

126 1760 332 1815 judiciales
346 1794 359 1813 ,
384 1778 422 1807 et
449 1766 619 1822 proinde
654 1777 752 1808 tunc
772 1767 866 1807 Pars
899 1767 1062 1809 adversa
1081 1773 1211 1819 potest
1228 1771 1364 1802 coram
1385 1753 1584 1819 Auclitore

130 1818 253 1859 citare
283 1823 337 1861 ad
354 1822 556 1862 videndum
578 1824 770 1876 reportari
787 1824 1129 1865 Cot-omissionem
1151 1849 1164 1866 ,
1186 1820 1246 1861 vel
1280 1814 1507 1875 moderari-3
1539 1825 1587 1851 eo

127 1877 275 1919 etenim
309 1893 404 1920 casu
429 1878 657 1934 Signaturae
677 1877 859 1920 Auditor
877 1911 889 1929 ,
909 1881 971 1922 vel
1002 1877 1169 1919 relaxari
1188 1875 1331 1927 jubet,
1350 1871 1411 1912 vel
1437 1883 1588 1913 retme-

124 1932 189 1981 τί,
212 1936 273 1976 vel
299 1936 500 1976 moderari
531 1936 678 1976 dictam
697 1935 1040 1980 commissionem
1070 1951 1082 1986 3
1124 1936 1281 1976 decreto
1314 1931 1476 1971 demum
1503 1943 1585 1968 mo-

124 1989 372 2042 derationis,
397 1993 460 2036 vel
486 1992 720 2035 retentionis
748 2009 833 2036 non
866 1999 1046 2039 obstante
1065 2026 1078 2044 ‚
1126 1994 1158 2034 si
1192 1991 1331 2032 eadem
1360 1985 1585 2029 commissio

121 2049 318 2107 signanda
351 2052 590 2095 exhibeatur
617 2051 659 2093 in
688 2052 807 2109 plena
832 2054 1048 2111 Signatura
1067 2083 1080 2101 ‚
1110 2059 1149 2094 ‘et
1182 2049 1304 2106 hujus
1336 2045 1524 2089 resolutio
1562 2059 1584 2085 a

120 2112 396 2154 commissione
427 2111 645 2168 discrepet,
674 2111 778 2155 itaut
798 2127 884 2154 non
902 2114 1135 2155 obtineatur
1150 2107 1350 2166 quicquid
1381 2106 1421 2146 in
1451 2119 1494 2144 ea
1516 2118 1586 2160 pe-
1607 2120 1609 2123 ·

122 2169 219 2213 titur
235 2202 249 2222 ,
277 2172 466 2216 solvenda
484 2184 583 2213 tunc
600 2184 699 2214 sunt
718 2185 831 2214 scuta
852 2185 1033 2227 quatuor
1048 2170 1154 2217 Parti
1186 2170 1373 2211 adversae
1392 2178 1464 2221 pro
1484 2162 1585 2205 refe-

126 2230 255 2274 ctione
272 2245 567 2290 expensarum3
595 2230 832 2288 hujusmodi
862 2231 1065 2273 citationis
1097 2227 1292 2284 formulas¹
1309 2238 1482 2280 sequens
1499 2234 1579 2265 est.

539 2289 752 2347 Signatum
769 2290 952 2338 ,Iustitiae
967 2320 980 2338 ,
1003 2289 1079 2332 sive
1098 2300 1170 2331 etc.

573 2349 792 2406 Anagnino
809 2349 1107 2393 Fideicommissi
1125 2379 1134 2388 .

243 2405 385 2449 Citetur
411 2408 465 2450 D.
478 2407 524 2449 N
527 2438 534 2447 .
557 2406 613 2448 N.
633 2422 683 2449 ex
701 2409 860 2451 adverso
877 2410 1109 2450 Procurator
1126 2418 1289 2448 assertas
1307 2404 1360 2443 D.
1383 2402 1439 2442 N.
1458 2399 1513 2440 N.
1530 2413 1583 2497 alz-

1515 2473 1555 2500 ac
1570 2480 1581 2490 ι

149 2537 773 2552 *m—
777 2531 1560 2551 —q—*ss

175 2596 229 2638 (ι)
253 2596 401 2642 Append.
418 2605 498 2640 pag.
525 2595 578 2634 84.
