1993 3195
618 331 931 373 CAPUT
994 333 1079 376 111.’
1252 384 1256 390 .
1499 349 1590 394 215.

135 408 220 436 nem
241 421 255 440 ‚
286 393 347 433 vel
367 389 478 447 quasi
491 388 672 448 exigendi
690 393 878 431 assertam
899 406 1072 432 annuam
1096 389 1316 446 pensionem
1336 420 1348 438 ‚
1376 393 1477 433 alias
1493 425 1506 442 ,
1534 409 1580 440 ut

131 451 275 494 dicitur
292 481 305 499 ,
334 450 385 491 ad
400 448 570 502 favorem
592 447 648 489 N.
671 451 727 491 N.
744 464 862 506 super
873 447 1065 502 fructibus
1082 450 1207 490 dictae
1227 449 1462 492 Parocltialis
1488 467 1574 495 cum

132 509 303 554 clausula
328 538 340 556 ‚
375 511 586 551 dummodo
606 521 833 552 remaneant
864 521 1014 552 centum
1026 526 1099 566 pro
1114 508 1280 551 Rectore
1311 522 1543 553 reservatam
1565 544 1578 564 ,

129 584 165 611 et
192 569 233 610 in
249 583 452 625 personam
475 570 567 611 dicti
584 571 637 611 Ν.
673 572 728 611 Ν.
760 569 989 612 Adversarii
1005 602 1017 620 ,
1042 583 1087 611 ut
1115 569 1301 612 asseritur
1326 573 1549 613 translatam
1567 604 1580 623 ‚

127 627 309 685 illiusque
328 628 582 672 terminorum
619 628 810 672 solutione
828 662 838 679 ‚
872 633 1055 688 rebusque
1083 628 1172 672 aliis
1204 641 1274 672 etc.
1302 630 1400 672 idem
1420 633 1582 679 Judex,

126 688 233 730 dicta
261 691 435 733 clausula
456 691 666 732 dummodo
685 705 760 731 non
773 689 991 747 justificata
1011 723 1023 740 ‚
1056 705 1129 732 nec
1153 692 1266 733 docto
1284 691 1519 744 sufficienter
1531 692 1577 732 de

128 750 351 794 adversarii
375 749 563 796 Clericatu
586 780 600 798 ‚
629 749 839 807 litterisque
865 750 1097 807 Apostolicis
1130 750 1389 807 originalibus
1422 752 1582 793 nullate·

126 822 205 850 nus,
218 809 399 854 exhibitis
414 810 468 848 ad
489 811 664 863 favorem
685 810 853 866 ejusdem
874 810 1089 852 aduersarii
1104 843 1125 860 ,,
1146 826 1224 854 non
1242 811 1381 853 minus:
1406 810 1580 859 nulliter,

125 881 242 924 quam
265 867 406 925 injuste
420 869 664 911 sententiavit
678 902 689 919 ,
709 884 758 911 ac
785 869 1078 912 declaratoriam
1107 870 1398 928 promulgavit,
1417 873 1584 912 manda-

56 961 64 966 „
126 935 283 982 tumque
298 929 344 968 de
369 927 614 970 immittendo
637 961 650 979 ,
682 939 720 970 et
739 930 1010 986 exequutiuum
1031 961 1044 978 ,
1073 945 1121 973 ac
1137 930 1270 971 literas
1303 930 1591 973 declaratorias·

123 985 296 1028 decrevit
313 1016 332 1033 „
359 1001 395 1028 et
413 988 637 1037 relaxavit3
667 989 713 1030 ob
733 987 775 1028 icl
804 990 905 1031 idem
927 988 1071 1031 Orator
1089 993 1144 1031 ad
1171 991 1216 1030 S.
1254 989 1300 1031 V.
1331 990 1576 1046 appellavit,

125 1045 223 1087 etde
240 1046 418 1088 nullitate
435 1048 539 1089 dixit
557 1077 565 1084 -
586 1048 786 1104 Dignetur
801 1048 925 1104 igitur
940 1050 983 1088 S.
1005 1049 1053 1090 V.
1088 1063 1158 1090 etc.
1183 1063 1277 1090 curn
1311 1049 1478 1104 reliquis
1499 1057 1578 1092 etc..

426 1105 673 1149 Commissio
695 1106 973 1149 Restitutionis
1004 1107 1045 1148 in
1066 1108 1297 1165 integrum.

751 1166 929 1208 Romana
949 1197 964 1206 2*

659 1222 882 1264 Beatissime
900 1226 1013 1264 Pater
1031 1254 1040 1263 .

187 1280 372 1330 Vertente
384 1279 450 1322 lite
464 1293 591 1322 coram
615 1279 666 1321 A:
691 1280 735 1322 C.
758 1281 814 1322 N.
833 1282 872 1323 in
888 1282 1018 1338 prima
1037 1282 1221 1324 instantia
1241 1282 1343 1324 inter
1360 1284 1404 1324 S.
1414 1284 1460 1327 V.
1483 1284 1580 1327 ()ra=¹

121 1348 244 1384 torem
275 1341 325 1382 A.
350 1370 361 1386 ‚
395 1350 434 1382 et
461 1340 739 1382 Atlve'rsarium
774 1343 828 1383 N.
847 1344 894 1382 de
911 1372 922 1388 ‚
943 1354 980 1383 et
1001 1353 1120 1398 super
1135 1354 1206 1384 etc.
1227 1343 1379 1399 placuit
1395 1343 1496 1385 dicto
1516 1344 1567 1386 Α.

123 1399 158 1442 C
160 1401 220 1441 ,Ν
241 1430 252 1447 ‚
270 1400 312 1440 S.
324 1401 371 1442 V.
384 1401 587 1441 Oratorem
609 1401 864 1442 condemnare
883 1402 938 1441 ad
961 1402 1185 1443 solvendum
1207 1403 1312 1444 dicto
1331 1402 1572 1445 Adversario

120 1472 392 1503 scutavcentum
413 1487 426 1503 ‚
457 1469 496 1499 et
510 1458 742 1500 Procurator
758 1459 935 1501 Oratoris
964 1461 1144 1517 neglexit
1168 1461 1272 1514 infra
1288 1461 1460 1516 legitima
1482 1476 1579 1502 tem-

117 1534 217 1577 pora.
232 1519 454 1576 appellare3
484 1517 670 1576 dignetur
683 1518 809 1575 igitur
835 1520 879 1560 S.
903 1518 952 1560 V.
977 1518 1149 1560 Causam
1170 1551 1182 1569 ,
1210 1531 1247 1562 et
1272 1519 1423 1562 Causas
1447 1520 1580 1576 appel-

120 1577 309 1627 lationis,
345 1590 382 1621 et
410 1576 716 1635 appellationum
751 1609 764 1627 ‚
795 1594 819 1620 a
854 1589 1024 1635 tempore
1052 1595 1128 1636 quo
1162 1578 1320 1622 Oratort'
1341 1578 1581 1638 permissum

111 1637 194 1693 fuit
213 1669 226 1686 ‚
248 1637 495 1695 interpositae
513 1632 528 1688 ,’
552 1647 589 1680 et
609 1637 949 1696 interpositarum,
965 1654 1118 1681 necnon
1130 1639 1325 1682 nullitatis
1338 1669 1355 1687 ‚.
1370 1651 1407 1682 et
1420 1638 1504 1680 null
1510 1638 1581 1679 ita-

119 1706 204 1739 tum
226 1712 279 1738 ex
300 1699 424 1740 tribus
451 1696 671 1756 iniquitatis
683 1731 697 1749 ,
730 1709 767 1740 et
783 1696 954 1740 notoriae
973 1698 1191 1754 injustitiae
1206 1729 1218 1747 ‚
1247 1715 1293 1741 ac
1304 1700 1501 1755 gratiosae
1516 1711 1579 1737 re-

119 1756 334 1800 stitutionis
351 1758 391 1799 in
410 1758 606 1816 integrum
628 1786 640 1805 ,
653 1768 799 1801 attento
818 1759 920 1815 quod
935 1759 1170 1817 negligentia
1189 1757 1452 1800 Procuratoris
1472 1754 1580 1797 Prin-

92 1815 242 1873 θοῑρηὶῐ
264 1819 391 1857 obesse
419 1832 494 1857 non
512 1819 622 1857 debet
637 1848 657 1865 „
678 1833 731 1859 ac
743 1832 861 1873 quam
881 1849 893 1866 ,
919 1829 957 1859 et
973 1835 1071 1875 quas
1086 1830 1158 1860 etc.
1179 1834 1256 1861 una
1275 1833 1360 1860 cum
1381 1814 1587 1863 omnibus„

121 1886 160 1918 et
177 1873 342 1932 singulis
372 1873 630 1915 incidentibus
651 1905 665 1922 ,
701 1875 868 1916 annexis
886 1906 899 1922 ‚
927 1887 970 1915 et*
992 1877 1179 1918 connexis
1197 1908 1215 1924 ,
1240 1887 1389 1932 totoque
1421 1872 1586 1931 negotia·
1610 1898 1613 1899 ν

118 1932 466 1992 principali'alicui
489 1931 604 1974 Sacri
631 1932 772 1974 Palatii
790 1932 910 1974 vestri
926 1933 1116 1975 Auditori
1137 1936 1349 1977 summarie
1365 1967 1377 1985 ,
1391 1946 1516 1991 prout·
1535 1932 1578 1974 in

103 1992 442 2049 ,Beneficialibus‚
456 1990 695 2034 committere
714 2023 727 2041 ,
741 2004 780 2034 et
794 1993 995 2041 mandare,
1014 2004 1057 2034 ut
1070 1993 1194 2051 ipsum
1220 1994 1427 2036 Oratorem
1445 1994 1496 2033 ad
1511 2007 1581 2047 ap·

117 2052 349 2112 pellandum
381 2082 393 2100 ,
419 2052 705 2107 provocandum
732 2083 745 2101 ‚
780 2063 817 2094 et
844 2052 1047 2094 dicendum
1085 2055 1131 2095 de
1162 2054 1335 2095 nullitate
1360 2051 1581 2100 admittat;

114 2112 278 2170 perinde
297 2125 344 2153 ac
363 2110 398 2151 si
416 2112 580 2152 duraret
610 2121 764 2168 tempus.
778 2111 995 2167 legitimum
1013 2114 1067 2155 ad
1086 2113 1368 2170 appellandum:
1382 2144 1402 2162 ,.
1425 2110 1587 2166 aliaquev

121 2171 255 2213 omnia
277 2184 315 2213 et
353 2169 507 2227 singula
527 2168 657 2222 jaciat
681 2199 694 2217 ,
726 2182 858 2226 gerat,
885 2183 923 2209 et
947 2184 1169 2226 exequatur
1202 2173 1242 2213 in
1271 2170 1482 2229 praedictis
1500 2201 1512 2218 ,
1545 2179 1582 2211 et

122 2229 227 2272 circa
241 2246 285 2272 ea
302 2228 593 2287 quomodolibet
608 2226 829 2271 necessaria
849 2258 862 2277 ,
896 2228 958 2269 vel
992 2242 1208 2287 opportuna
1230 2260 1242 2276 ‚
1279 2247 1364 2273 cum
1391 2238 1588 2288 potestate·

123 2288 293 2339 citandi,
325 2300 362 2330 et
380 2287 573 2329 inhibendi
604 2299 675 2330 etc.
698 2287 1014 2330 contradictores
1032 2321 1044 2338 ‚
1076 2301 1112 2332 et
1127 2290 1284 2332 rebelles
1303 2302 1377 2333 etc.
1411 2304 1458 2331 ac
1474 2289 1580 2330 Ora-

124 2357 246 2390 torem
272 2359 361 2391 ante
379 2346 513 2390 omnia
547 2361 602 2388 ex
617 2348 795 2389 clausula
827 2347 964 2388 saltem
993 2350 1198 2405 generali,
1229 2349 1351 2406 siqua
1388 2347 1485 2389 mihi
1500 2360 1576 2387 etr.

126 2418 352 2463 caeteraque
379 2407 511 2448 omnia
540 2418 619 2448 etc..
633 2408 673 2449 in
686 2405 824 2464 primis
844 2436 857 2455 ‚
881 2417 919 2447 et
932 2416 1022 2447 ante
1037 2409 1166 2449 omnia
1187 2437 1199 2454 ‚
1210 2420 1332 2465 prout
1335 2407 1443 2465 juris
1449 2403 1578 2455 fuerit

126 2466 357 2509 restituendi
372 2495 384 2513 ,
414 2466 590 2522 plenarie
607 2464 816 2525 reponendi
831 2495 844 2514 ,
863 2475 900 2507 et
915 2463 1181 2524 reintegrandi
1197 2498 1216 2517 ,
1245 2483 1294 2509 ac
1309 2468 1388 2510 alia
1403 2464 1586 2520 hujusce-1

125 2526 234 2569 modi
242 2525 418 2581 faciendi
436 2536 515 2568 etc-⁷
1401 2538 1423 2551 '⁸

245 2590 308 2630 Ex
324 2587 397 2629 hae
413 2583 722 2630 Commissi'onis
734 2583 912 2628 formula
927 2583 997 2628 etsi
1015 2583 1197 2645 perfacile
1222 2585 1272 2631 sit
1288 2584 1435 2644 cuique
1446 2614 1464 2634 ,
1485 2597 1582 2626 con·

1535 2642 1589 2692 fit*
