1952 3167
350 299 435 339 280
634 293 714 338 DE
738 293 870 342 JURE
903 291 1250 336 SIGNATURAE
1276 290 1534 341 mSTlTIAE

349 368 446 399 tasse
467 384 480 405 ‚
520 368 592 396 nec
612 354 814 397 excessisse
834 355 874 395 in
895 355 1170 408 exequutione
1185 384 1197 401 ‚
1226 353 1348 394 etiam
1379 364 1506 394 stante
1543 349 1649 392 dicto
1668 349 1809 393 resctia

352 428 421 472 pto
449 446 461 464 ,
495 414 582 457 licet
603 414 775 456 creditor
801 413 904 455 dotis
932 414 1083 455 fecisset
1116 414 1430 468 exequutionem
1448 425 1565 467 super
1586 412 1699 453 certis
1730 424 1814 451 cora

351 473 517 531 poribus
537 504 549 523 ,
583 473 682 515 dum
717 474 757 513 in
778 473 861 513 aliis
875 473 1026 528 possint
1054 486 1257 512 remanere
1291 471 1475 511 alimenta
1504 483 1683 525 congrua
1703 468 1776 526 (1)
1796 497 1804 510 .

468 532 596 575 Nunc
618 534 737 576 verba
759 533 884 572 facere
906 530 1179 571 existimamus
1202 529 1248 569 de
1270 529 1461 583 rescripto
1479 557 1492 575 ‚
1520 542 1605 582 quo
1621 528 1804 583 Signatu-

351 606 394 634 ra
417 593 542 635 utitur
568 592 609 633 in
629 592 698 633 illis
728 594 857 632 causis
875 620 887 636 ,
924 589 964 628 in
984 590 1134 642 quibus
1149 587 1305 640 Judex,
1322 587 1525 629 stantibus
1546 586 1803 628 solummodo
1824 590 1829 598 ‘

350 666 484 695 coram
512 666 559 693 eo
589 649 769 692 deductis
785 679 797 698 ‚
818 648 978 691 videtur
1008 646 1109 699 juste
1127 647 1414 704 pronunciasse
1432 678 1444 696 ,
1463 657 1500 687 et
1516 658 1677 703 propter
1696 644 1800 701 jura,

349 711 504 754 noviter
531 709 702 752 deducta
735 708 778 748 in
799 706 939 748 eadem
959 707 1175 763 Signatura
1195 738 1207 757 ‚
1246 705 1436 748 reddatur
1460 704 1562 747 illius
1596 705 1813 746 decretum·

349 768 546 823 injustum
563 801 575 819 ‚
615 782 651 810 et
671 764 903 825 appellabile
923 798 935 815 ,
969 779 1067 808 tunc
1082 765 1190 807 enim
1220 764 1429 807 rescribere
1461 765 1557 807 solet
1573 779 1666 806 cum
1690 763 1801 804 clau-

348 829 461 878 sula,
490 829 629 870 iterum
659 828 828 876 attaliam
860 825 975 880 quod
1007 837 1064 868 est
1082 825 1292 881 quoddam
1326 824 1505 865 medium
1537 823 1639 866 inter
1667 822 1801 865 rescri-

347 899 462 944 ptum
494 889 542 928 de
578 886 838 943 appellatione
865 912 877 930 ,
914 897 1119 926 etcaetera
1143 884 1356 939 rescripta·‚
1387 883 1512 937 idque
1532 882 1607 929 fit,
1630 883 1680 922 ne
1712 882 1798 923 Par·

344 957 400 986 tes
424 944 677 999 gravioribus
702 943 890 999 impensis
922 955 1144 983 onerentur
1164 971 1176 988 ‚
1209 943 1308 982 dutn
1329 941 1464 996 vigore
1501 940 1603 982 illius
1623 937 1802 996 rescripti
1845 955 1857 966 ⁰

345 1001 451 1042 idem
475 1001 640 1054 Judex,
667 999 851 1058 inspectis
884 998 969 1040 aliis
1005 999 1188 1051 juribus,
1223 1013 1344 1042 antea
1379 1013 1515 1040 coram
1555 1013 1602 1039 eo
1636 1013 1720 1039 non
1741 999 1806 1039 de-

348 1061 478 1103 ductis
497 1092 510 1109 ,
540 1072 578 1102 et
595 1059 758 1116 cognita
786 1073 835 1100 ex
860 1057 931 1098 illis
962 1056 1161 1111 injustitia
1180 1057 1326 1100 decreti
1345 1090 1358 1108 ,
1389 1069 1515 1114 potest
1533 1057 1738 1100 decretum
1751 1055 1806 1098 la-

344 1132 432 1162 tum
454 1131 661 1162 retractare
675 1150 685 1160 .
707 1118 792 1160 Hac
811 1117 950 1159 eadem
965 1117 1144 1159 clausula
1166 1117 1284 1159 etiam
1307 1117 1364 1159 uti
1381 1114 1591 1160 con'suevit
1616 1116 1808 1173 Signatu-

346 1193 413 1228 ra,
442 1178 611 1235 quando
641 1177 845 1219 decretum
873 1176 914 1217 in
934 1189 1043 1232 parte
1075 1176 1124 1217 sit
1139 1176 1321 1230 justum,
1354 1189 1391 1218 et
1409 1176 1556 1232 partim
1582 1189 1802 1232 gravamen

348 1239 582 1286 contineat,
611 1235 661 1277 ne
684 1237 837 1278 ratione
870 1234 1165 1279 individuitatis
1200 1235 1345 1277 decreti
1374 1234 1646 1276 committatur
1673 1233 1804 1289 appel-

345 1295 442 1338 latio
467 1296 588 1338 etiam
604 1296 645 1336 in
665 1295 725 1336 illa
743 1307 850 1352 parte
871 1325 883 1343 ‚
919 1308 992 1350 pro
1007 1308 1091 1349 qua
1115 1307 1200 1333 non
1217 1307 1314 1336 esset
1341 1292 1625 1335 committenda
1647 1320 1660 1340 ,
1694 1292 1725 1333 si
1742 1293 1809 1340 Ju-

289 1392 292 1395 Α
347 1355 423 1398 dex
457 1356 498 1397 in
521 1356 595 1396 alia
613 1367 723 1412 parte
755 1368 837 1395 non
858 1365 1088 1411 gravasset.

467 1413 893 1456 Animadvertendum
911 1426 1042 1454 tamen
1078 1413 1141 1454 hic
1169 1425 1263 1459 est,
1294 1413 1550 1468 Signaturam
1581 1412 1634 1453 ita
1669 1412 1810 1453 rescri-

349 1473 441 1514 bere
477 1472 595 1515 etiam
615 1472 656 1511 in
675 1471 822 1512 Causis
850 1485 918 1527 per
939 1471 1207 1521 contradiCtas
1225 1470 1444 1526 expeditis;
1492 1470 1594 1512 itaut
1624 1470 1664 1513 vi
1682 1468 1806 1522 hujus

347 1530 523 1589 rescripti
552 1529 713 1572 servatis
729 1529 937 1571 servandis
973 1527 1107 1581 Judex
1139 1542 1323 1573 revocare
1344 1542 1471 1586 potest
1501 1529 1804 1570 sententiamla·

347 1603 430 1633 tam
446 1620 459 1639 ,
480 1604 571 1631 nam
586 1588 817 1636 jurisdictio
831 1617 843 1635 ,
857 1602 938 1644 qua
958 1587 1018 1627 ille
1033 1587 1200 1629 functus
1220 1601 1277 1630 est
1295 1616 1307 1634 ,
1331 1589 1405 1629 hoc
1426 1588 1588 1642 praevio
1603 1587 1808 1644 rescripto,

351 1648 580 1697 excitatum
599 1662 683 1688 non
705 1659 833 1704 potest
850 1647 997 1704 quippe
1018 1647 1148 1694 Judex
1166 1647 1402 1690 sententiam
1423 1648 1538 1688 latam
1556 1647 1810 1689 circumscri-

350 1709 441 1750 bere
461 1720 654 1763 tanquam
672 1706 821 1749 nullam
837 1738 850 1756 ‚
865 1720 911 1748 ut
930 1706 1005 1748 fuit
1023 1705 1176 1749 dictum
1195 1722 1331 1749 coram
1360 1706 1533 1750 Molines
1548 1706 1634 1762 (2)
1654 1738 1662 1747 .
1684 1706 1810 1748 Secus

348 1781 443 1811 vero
461 1778 530 1816 est,
543 1767 712 1821 quando
729 1766 965 1822 Signaturae
977 1765 1183 1807 Tribunal
1200 1766 1386 1822 rescripto
1403 1767 1449 1806 de
1466 1766 1601 1817 iterum
1618 1765 1808 1807 audiendo

353 1824 515 1881 adjiciat
534 1825 753 1867 clausulam
767 1838 845 1871 ,ex
859 1825 967 1882 integ
978 1837 1034 1873 tog
1054 1838 1146 1865 nam
1164 1825 1202 1867 vi
1230 1823 1408 1880 ejusdem
1441 1824 1587 1865 dicitur
1618 1823 1814 1867 sententia

351 1884 646 1941 circumscripta
664 1916 677 1934 ,
691 1884 783 1926 acsi
804 1884 878 1925 lata
895 1898 979 1924 non
1000 1882 1151 1934 suisset,
1170 1898 1216 1925 ut
1231 1883 1521 1940 distinguendo
1539 1883 1645 1925 inter
1665 1898 1811 1933 unum,

351 1955 389 1984 et
408 1944 574 1986 alterum
605 1943 838 2000 rescriptum
858 1943 1072 1986 declaravit
1099 1943 1239 1984 eadem
1251 1943 1463 1999 Signatum
1487 1944 1575 1984 sub
1589 1943 1649 1985 elie
1666 1942 1808 1998 30.ja-

349 2001 485 2044 nuarii
499 2002 619 2059 1690.
645 2005 744 2061 Qua
780 2005 827 2044 de
848 2016 885 2043 re
905 2002 1082 2045 videnda
1099 2014 1155 2045 est
1170 2002 1323 2044 Decisio
1341 2016 1470 2044 coram
1483 2002 1656 2058 Capram
1672 2001 1744 2057 (3)
1759 2028 1769 2039 .

378 2072 381 2073 ’
466 2063 528 2105 Ex
544 2077 592 2106 eo
608 2062 704 2117 quia
722 2060 902 2103 Auditor
923 2061 1123 2104 Camerae
1139 2090 1151 2108 ‚
1181 2074 1219 2103 et
1236 2061 1338 2102 illius
1350 2059 1806 2111 Locumtenentesgnul-

350 2121 431 2160 Iam
467 2122 619 2164 habent
644 2121 685 2161 in
699 2118 1005 2161 Beneficialibus
1035 2118 1354 2168 jurisdictionem
1394 2117 1687 2158 manutenendi
1707 2148 1719 2166 ‚
1759 2129 1805 2160 ut

350 2177 495 2233 pluries
529 2181 633 2219 Rota
653 2176 833 2217 definivit
866 2175 965 2229 (4),
994 2174 1148 2215 etiamsi
1177 2175 1305 2213 Partes
1325 2173 1366 2214 in
1396 2173 1676 2228 jurisdictione
1709 2191 1803 2219 con-

346 2235 516 2278 veniant
542 2235 613 2292 (5)
644 2262 657 2282 ,
687 2232 918 2289 ⁴signatura
952 2231 992 2272 in
1031 2230 1267 2285 hujusmodi
1312 2232 1594 2290 contingentiis
1628 2236 1808 2293 expresse

1679 2293 1814 2350 prohi-

361 2378 672 2393 qffl—
835 2373 1302 2388 *βψ-
1313 2390 1316 2394 ⁴

421 2437 471 2476 (ι)
497 2436 686 2470 constantin.
703 2437 787 2469 Ann-
802 2445 853 2476 52.
868 2442 928 2468 art.
939 2445 966 2466 1.
980 2433 1089 2468 sect-8.
1182 2434 1236 2473 (4)
1258 2435 1294 2464 In
1309 2437 1452 2467 Hortante
1470 2435 1660 2470 Parachialis
1676 2447 1736 2469 cor.
1753 2437 1809 2468 Pe—

400 2494 431 2513 n.
446 2492 523 2521 429.
541 2490 570 2513 et
583 2491 661 2524 430.
1136 2481 1258 2520 regrina
1288 2490 1338 2522 ap.
1354 2479 1595 2514 Marchesanum
1612 2482 1650 2514 de
1666 2482 1808 2514 Commis.

397 2528 452 2565 (2)
475 2529 660 2560 Recanaten.
695 2526 866 2560 Fideicom.
902 2534 958 2565 27.
986 2523 1074 2565 junii
1112 2522 1248 2565 p.1.fol.
1267 2526 1345 2564 464.
1377 2536 1463 2557 num.
1479 2529 1511 2558 6.
1539 2529 1665 2569 Gregor.
1677 2537 1730 2558 xv.
1746 2528 1808 2558 De—

359 2571 454 2610 1689.
1120 2570 1171 2601 cis.
1187 2577 1260 2607 119.
1286 2579 1408 2609 num.4.

398 2618 454 2657 (33
477 2615 911 2652 Recanaten·Fideic0mmissi
926 2622 1069 2658 73.n.17.
1165 2615 1218 2653 (ς)
1241 2617 1343 2648 Decis.
1369 2617 1447 2645 160.
1472 2616 1704 2649 num-20Decis.
1729 2623 1806 2657 224.

352 2670 436 2704 pan.
451 2670 481 2692 ι.
1118 2666 1149 2693 η
1165 2667 1219 2701 32.
1237 2659 1533 2699 coram-cavalerio.
