2075 3167
456 254 490 298 6
724 247 804 289 DE
834 247 973 294 JURE
1005 244 1349 292 SIGNATURAE
1383 244 1644 295 JUSTITIAE

457 321 689 353 nostrorum
707 306 1112 357 Referendariomm
1144 307 1454 365 supplicationes
1471 307 1579 349 enim
1597 337 1611 357 ,
1643 319 1681 349 et
1706 303 1852 350 libellos
1882 310 1946 346 red

459 367 662 425 cipiebant
681 366 734 407 illi
749 395 762 412 ‚
796 380 834 408 et
851 380 993 408 causas
1010 381 1146 408 coram
1166 367 1345 423 Principe
1362 368 1676 424 proponebant,
1708 378 1830 421 prout
1865 364 1944 405 Cu-

448 427 583 484 jact'us
599 427 672 484 (1)
690 427 792 468 hisce
812 426 941 468 verbis
961 439 1125 468 testatur
1143 440 1155 468 ι
1187 426 1228 467 lu·
1244 437 1334 467 sunt
1352 457 1364 476 ,
1397 425 1463 482 qui
1476 425 1639 467 recitant
1668 423 1838 481 Principi
1853 437 1946 478 sup-

454 486 599 543 plicum
630 485 815 527 desideria
851 516 864 534 ,
896 495 932 525 et
963 487 1144 527 mandata
1177 485 1365 542 Principis
1373 484 1574 541 judicibus
1602 483 1803 526 insinuant
1821 514 1834 532 ,
1857 482 1948 524 Pro·

456 545 605 601 copiam
625 546 696 602 (2)
717 573 728 591 ‚
759 555 796 585 et
826 543 1077 598 Ammonium
1111 556 1307 600 sequutus
1324 545 1422 600 (3);
1453 558 1491 587 et
1520 559 1568 587 ex
1603 558 1742 586 eorum
1774 554 1944 582 numero

455 603 575 646 fuisse
595 636 608 654 ‚
643 604 815 645 affirmat
838 633 851 652 ,
889 604 961 658 qui
983 601 1257 644 Referendarii
1276 604 1471 645 dicuntur
1504 603 1664 659 majoris
1691 601 1876 645 Ecclesiae
1896 599 1940 640 in

458 663 612 704 Novell.
632 662 674 704 6.
693 692 706 710 ‚
738 662 810 718 qui
830 661 1104 719 peculiariter,
1134 675 1273 717 nempe
1290 692 1303 711 ,
1335 674 1450 703 erant
1476 662 1660 705 destinati
1695 662 1747 703 ad
1783 658 1944 716 majoris

460 720 647 762 Ecclesiae
667 721 827 778 negotia
841 719 1020 777 Principi
1040 720 1275 769 referenda;
1307 733 1344 762 et
1367 721 1399 762 C
1399 720 1615 764 assioclorus
1634 721 1708 778 (4)
1740 734 1823 762 non
1842 716 1944 758 male

458 792 513 820 ex
532 795 676 823 eorum
691 779 868 823 formula
888 778 1135 820 demonstrat
1149 807 1162 826 ,
1180 793 1247 819 eos
1265 792 1482 820 causarum
1494 780 1657 821 ordines
1672 776 1845 835 Principi
1866 788 1942 818 ex-

457 840 635 894 posuisse
655 869 668 888 ,
700 835 1044 894 interpellantium
1061 847 1158 882 vota
1178 839 1414 894 cognovisse
1437 852 1500 886 ‚et
1517 838 1587 879 illis
1605 851 1842 896 responsum
1862 833 1946 876 red-

458 896 602 939 didisse
622 928 632 938 .
666 899 767 939 Haec
792 910 970 951 namque
988 896 1197 952 provincia
1230 897 1473 939 demandata
1503 898 1686 955 primitus
1715 897 1793 938 fuit
1826 894 1944 937 Refe-

458 954 654 995 rendariis
684 956 724 994 S.
745 955 867 994 Sedis
884 985 896 1002 ‚
929 953 1033 995 itaut
1049 970 1213 1011 operam
1238 971 1405 997 omnem
1437 956 1691 999 adhibebant
1731 952 1910 1006 legendis
1928 978 1943 1000 ,

459 1026 505 1053 ac
526 1010 808 1054 examinandis
824 1011 1188 1067 supplicationibus
1204 1040 1216 1057 ,
1251 1028 1375 1059 num,
1389 1028 1528 1067 nempe
1543 1039 1556 1058 ,
1583 1025 1678 1065 quae
1696 1010 1737 1050 in
1754 1008 1826 1050 illis
1845 1021 1949 1050 con-

458 1069 712 1118 tinebantur,
725 1070 924 1112 aSummo
942 1069 1132 1108 pontifice
1146 1068 1319 1109 concedi
1333 1081 1493 1124 possent
1512 1070 1666 1120 absque
1686 1066 1858 1120 alicujm
1879 1066 1945 1108 in-

457 1126 625 1183 juria,in
640 1141 818 1185 quorum
829 1126 947 1168 fidem
957 1126 1059 1167 visas
1075 1125 1386 1182 supplicationes
1398 1126 1691 1183 subscriptione
1706 1125 1856 1182 proprii
1872 1138 1947 1166 no·

456 1187 576 1229 minis
595 1188 906 1243 quisquemanu
924 1200 994 1226 sua
1010 1185 1199 1240 signaret,
1213 1185 1327 1240 quod
1342 1184 1565 1228 hodiedum
1583 1184 1910 1227 Referendariare
1931 1212 1946 1232 ‚

458 1257 505 1287 ut
520 1247 698 1288 suolloco
715 1245 904 1293 dicemus,
922 1244 963 1284 in
986 1243 1117 1284 Curia
1136 1244 1356 1301 appellatur
1370 1274 1380 1285 .

574 1304 731 1347 Habuit
747 1302 866 1346 etiam
892 1302 1352 1359 Constantinopolitana
1372 1303 1539 1347 Ecclesia
1568 1319 1664 1346 suos
1696 1303 1946 1346 Referenda-

456 1361 550 1412 rios,
567 1363 682 1422 longe
701 1377 921 1419 antequam
939 1365 1119 1405 Romana
1141 1377 1209 1404 eos
1222 1362 1459 1407 'instituisset
1473 1395 1486 1414 ‚
1503 1378 1542 1407 et
1577 1363 1627 1404 illi
1646 1363 1946 1420 Episcoporum

457 1422 617 1478 negotia
632 1454 648 1472 ‚
671 1436 721 1466 :ut
736 1421 1212 1479 celeriusexpeditionem
1229 1422 1444 1472 sortirent,
1476 1424 1587 1480 apud
1607 1421 1814 1465 Caesarem
1848 1437 1945 1478 pro-

456 1483 669 1538 ponebant
683 1512 695 1532 ,
724 1495 850 1540 prout
862 1482 992 1537 liquet
1009 1496 1058 1523 ex
1075 1480 1303 1523 Autlientica
1324 1510 1336 1529 ,
1354 1483 1553 1536 Quomodo
1568 1494 1743 1538 oporteat
1759 1480 1941 1538 Episcop.

455 1553 543 1593 cap.
556 1555 621 1583 12.
641 1542 683 1583 in
699 1541 794 1591 fine,
812 1553 850 1584 et
866 1556 913 1582 ex
933 1541 1086 1582 Meurs.
1099 1540 1173 1597 (5)
1192 1571 1205 1590 ,
1222 1550 1260 1582 et
1277 1542 1343 1582 Du
1361 1543 1502 1584 Fresne
1534 1542 1632 1599 (6),
1663 1542 1815 1597 quibus
1842 1553 1947 1582 acce-

460 1595 520 1648 dit
537 1599 764 1641 Orelli-serus
780 1602 832 1642 acl
849 1599 983 1643 Codin.
1003 1602 1053 1643 de
1071 1598 1180 1654 Offic.
1200 1600 1232 1642 C
1233 1600 1330 1642 uriae
1340 1632 1353 1652 ‚
1370 1613 1407 1644 et
1421 1602 1601 1645 Ecclesia
1622 1600 1944 1656 Constantinopo-

461 1655 594 1698 litanae
611 1656 683 1712 (7)
703 1685 713 1696 .

584 1715 711 1756 Gallia
742 1714 812 1757 etsi
830 1745 842 1764 ,
861 1727 908 1757 ut
926 1728 1048 1772 supra
1068 1714 1244 1759 diximus
1265 1747 1276 1763 ‚
1295 1719 1414 1762 etiarn
1443 1721 1749 1764 Referendarios
1769 1731 1946 1775 agnove-

462 1773 541 1824 rit,
574 1786 612 1816 et
646 1775 722 1816 sub
753 1773 881 1830 prima
916 1775 1072 1830 Regum
1098 1776 1349 1818 Francorum
1367 1780 1550 1831 dynastia
1572 1777 1844 1821 Referendarii
1875 1790 1949 1832 ap-

461 1831 734 1889 pellitarentur
751 1864 766 1881 ,
802 1846 977 1875 attamen
1008 1831 1153 1874 deinde
1180 1834 1425 1875 Cancellarii
1458 1850 1607 1877 nomen
1637 1834 1767 1877 sortiti
1800 1834 1910 1873 fuere
1930 1847 1944 1881 ;

461 1889 688 1948 Gregorium
700 1891 967 1931 ‚Turonensem
986 1889 1067 1944 (8)
1084 1918 1095 1936 ‚
1108 1901 1153 1930 :et
1167 1891 1376 1930 Concilium
1390 1891 1600 1931 secundum
1621 1889 1870 1932 Valentinum
1898 1891 1946 1932 de

463 1949 511 1991 iis
527 1949 772 1992 mentionem
785 1949 922 1990 fecisse
935 1975 948 1994 ,
980 1959 1018 1988 et
1036 1948 1257 2003 praesertim
1276 1946 1323 1988 de
1347 1946 1638 2004 Asclepiadoro
1657 1947 1944 1991 Referendario

466 2007 707 2051 Guntranni
740 2007 882 2065 Regis,
918 2005 1034 2048 refert
1069 2006 1319 2048 doctissimus
1354 2005 1627 2048 Thomas-sinus
1655 2008 1702 2048 de
1731 2006 1849 2049 veteri
1862 2038 1876 2056 ‚
1908 2018 1947 2051 et

465 2081 576 2109 novae
591 2068 777 2109 Ecclesiae
794 2064 992 2122 disciplina
1009 2065 1080 2120 (9)
1101 2094 1115 2113 ,
1149 2079 1186 2108 et
1203 2065 1433 2106 Hadrianus
1456 2065 1636 2108 Valesius
1651 2097 1664 2115 ,
1697 2065 1867 2123 loquens
1892 2067 1940 2109 de

460 2125 686 2168 Seminario
702 2128 862 2183 Regum
879 2126 1131 2166 Francorum
1152 2125 1208 2167 ad
1225 2138 1385 2165 annum
1410 2124 1678 2167 DLXXXXI.

1842 2184 1933 2228 Lau

509 2316 565 2353 (1)
587 2313 824 2347 AdNovell.X.
1282 2313 1337 2354 (6)
1359 2316 1396 2345 In
1415 2314 1571 2349 Glossario
1603 2317 1718 2348 mediae
1744 2337 1756 2352 ‚
1781 2322 1811 2346 et
1830 2311 1946 2352 infimae

513 2360 566 2398 (25
591 2361 637 2390 De
652 2359 737 2390 Bello
753 2362 876 2393 Persico
895 2382 902 2391 .
1235 2358 1400 2392 latinitatis
1427 2369 1503 2392 tom.
1516 2372 1547 2403 3.
1560 2361 1671 2394 colum.
1684 2371 1759 2401 549.
1812 2395 1815 2397 ,

512 2404 566 2444 (3)
590 2412 658 2445 cap.
674 2413 730 2443 41.
1281 2406 1338 2445 (7)
1363 2404 1429 2436 Lib.
1452 2416 1557 2449 1.cap.
1578 2416 1715 2449 17.pag.
1736 2414 1807 2444 125.
1822 2412 1853 2436 et
1871 2413 1941 2445 ¹34.

513 2448 566 2486 (4)
591 2447 659 2478 Lib.
684 2450 852 2483 Variarum
883 2450 914 2479 6-
1278 2449 1333 2488 (8·
1357 2449 1572 2493 Lib.10.cap.
1592 2462 1642 2492 3¹-

513 2491 566 2532 (5)
591 2494 627 2524 In
643 2492 1015 2528 Glossar.Graecobarbaro
1025 2500 1181 2539 pag-590·
1282 2493 1334 2534 (9)
1360 2497 1442 2527 Part.
1460 2505 1488 2538 3.
1506 2496 1559 2531 lib.
1577 2506 1606 2539 3.
1619 2505 1686 2540 cap.
1719 2504 1774 2536 25·
1787 2503 1872 2532 num·
1892 2502 1921 2525 1·
