1993 3195
638 313 676 355 C
707 313 745 355 A
777 316 805 356 P
839 315 878 354 U
908 313 953 354 Τ’
1009 314 1038 354 1.
1552 341 1554 345 v

97 372 326 414 Fattinellus
342 369 414 427 (1)
436 372 553 412 etiam
571 372 671 414 inter
690 388 884 416 extremos
904 372 1025 413 Indos
1042 387 1090 413 ex
1109 370 1377 414 declaratione
1398 330 1579 419 Alexa?-

100 431 159 471 dri
182 431 272 470 Vll.
293 431 335 470 in
353 428 439 481 ejus
459 430 608 479 litteris,
628 433 821 490 impressis
840 434 879 473 in
897 431 1094 488 opusculo
1105 431 1268 478 Joatznis
1283 433 1329 472 cle
1343 434 1480 474 Marsa
1497 437 1580 490 (2);

97 501 137 528 et
153 503 225 530 sua
250 502 373 531 aetate
392 505 478 530 eam
495 492 712 532 exercuisse
732 492 903 541 docet‚in
925 490 1061 532 Causa
1081 489 1241 531 Limana
1255 493 1449 548 praetensi
1469 493 1580 533 Cam-

93 546 147 588 bii
176 548 277 590 inter
293 549 532 605 Capitulum
565 550 758 591 Ecclesiae
777 550 1116 607 Metropolitanae
1143 548 1330 591 Civitatis
1355 549 1486 591 Liuiae
1505 584 1516 600 ,
1543 565 1580 593 et

94 605 286 659 Equitem
318 609 574 650 Franciscum
601 608 811 651 Nicolaum
847 611 894 650 cle
923 610 1064 666 Sylva,
1092 618 1344 666 proponente
1364 611 1410 651 R.
1444 612 1487 651 P.
1524 610 1577 650 D.

94 666 290 709 Mas-serio
312 681 379 721 29.
413 668 545 724 aprilis
571 668 696 724 1694.

212 727 262 768 Et
288 727 385 782 quia
419 728 660 783 Signaturae
692 727 864 781 justitiae
893 727 1148 780 jurisdictio,
1181 743 1227 772 ut
1255 730 1430 774 diximus
1448 762 1463 780 ,
1494 747 1581 776 ver-

91 796 203 826 satur
245 785 492 842 potissimum
532 788 573 829 in
625 787 965 845 appellationibus
1033 804 1137 844 quae
1183 804 1474 847 proponuntur
1491 822 1503 840 ,
1533 804 1580 833 ut

98 842 337 886 Causarum
371 847 548 901 cognitio
566 846 852 899 coramjudice
885 847 1087 889 secundae
1122 849 1335 891 instantiae
1386 850 1579 892 instaure-

93 912 191 950 tur,
224 900 629 948 animadvertendum
651 906 799 949 idcirco
829 907 1051 956 duximus,
1088 908 1204 962 quod
1238 923 1322 949 non
1351 922 1495 950 omnes
1515 908 1582 964 ju-

95 959 229 1009 dices,
260 965 332 1019 qui
365 964 405 1005 in
428 963 618 1009 universa
638 966 849 1008 Pontificia
888 966 1053 1007 Ditione
1073 965 1289 1022 potiuntur
1304 967 1581 1023 praerogativa

93 1022 364 1075 cognoscendi
383 1022 541 1066 Causas
556 1025 602 1065 in
617 1026 799 1067 secunda
819 1025 1010 1067 instantia
1032 1025 1180 1068 habent
1196 1026 1424 1067 facultatem
1444 1025 1583 1067 admit-

93 1079 205 1120 tendi
237 1081 514 1135 appellationes
541 1083 794 1138 interpositas
830 1084 885 1124 ad
912 1082 1134 1125 Summum
1164 1082 1428 1133 Pontificem,
1461 1095 1581 1139 atque

93 1135 356 1176 inhibitiones
373 1140 623 1176 concedendi
646 1166 656 1176 .
690 1139 1011 1179 Ordinariorum
1034 1142 1144 1180 enim
1173 1142 1367 1191 judicum
1385 1143 1581 1183 secundae

91 1192 306 1236 instantiae
324 1207 401 1235 tres
418 1208 515 1235 sunt
533 1195 697 1237 classes..
731 1195 800 1235 Ad
838 1196 1009 1251 primam
1037 1197 1208 1252 pertinet
1238 1198 1426 1237 Trilm-nal
1438 1201 1584 1239 Sacrae

91 1251 246 1302 Rotae,
281 1253 400 1307 quod
436 1253 505 1295 etsi
539 1253 747 1295 ordinaria
782 1254 925 1310 polleat
959 1252 1237 1307 jurisdictione
1261 1282 1273 1301 ‚
1306 1255 1411 1296 hanc
1446 1268 1584 1298 tamen

93 1311 148 1353 ad
172 1327 306 1356 actum
324 1313 404 1355 sive
423 1313 659 1355 exercitium
678 1313 874 1354 deducere
895 1314 1035 1368 nequit
1053 1313 1127 1354 nisi
1145 1313 1186 1357 in
1207 1328 1462 1370 unaquaque
1483 1330 1585 1358 cau-

90 1385 135 1412 sa
152 1402 165 1419 ‚
183 1373 236 1413 ad
260 1372 392 1428 ipsum
415 1372 457 1412 in
488 1374 665 1414 secund-a
684 1372 874 1414 instantia
902 1372 1132 1420 deferenda,
1149 1374 1401 1429 praecesserit
1427 1374 1583 1415 Summi

91 1430 296 1476 Pontificis
314 1432 476 1486 ejusque
496 1432 734 1488 Signaturae
762 1431 943 1484 Justitiae
962 1431 1139 1487 specialis
1159 1431 1382 1473 commissio
1400 1432 1472 1488 (3)
1490 1462 1499 1473 .
1516 1434 1585 1474 Al-

89 1500 175 1530 tera·
192 1492 270 1532 sub
289 1490 426 1531 Classe
455 1491 629 1533 veniunt
659 1492 684 1532 ii
701 1489 911 1533 Ordinatii
929 1488 1084 1542 judices
1117 1492 1320 1532 secundae
1354 1491 1585 1542 instantiae,

89 1551 164 1606 qui
180 1551 430 1606 Signaturam
447 1582 458 1599 ,
480 1562 526 1592 ut
550 1550 727 1593 forenses
761 1550 989 1606 loquuntur
1012 1579 1024 1596 ‚
1060 1550 1211 1592 habent
1237 1551 1279 1592 in
1297 1563 1443 1598 ventre,
1462 1562 1587 1607 prou—t

89 1624 188 1652 sunt
206 1609 394 1652 Tribunal
423 1610 464 1650 S.
485 1609 612 1662 Officii
629 1641 642 1659 ,
676 1608 862 1652 Fabricae
879 1639 892 1657 ‚
924 1609 1123 1657 Gamerae,
1140 1623 1178 1652 et
1207 1610 1284 1651 alia
1315 1610 1347 1651 si
1366 1625 1471 1664 quae
1489 1621 1586 1652 sunt

89 1668 133 1711 in
154 1669 283 1716 Urbe,
303 1684 408 1725 quae
425 1669 592 1725 quidem
611 1669 852 1712 Tribunalia
872 1699 885 1717 ‚
917 1668 1049 1723 quum
1083 1683 1104 1709 a
1141 1668 1285 1722 prioris
1324 1668 1471 1723 judicis
1496 1683 1588 1710 sen-

89 1729 210 1770 tentia
234 1729 442 1786 appellatio
474 1743 728 1787 proponatur
746 1761 759 1778 ,
778 1742 816 1770 et
843 1743 965 1770 causa
996 1728 1050 1769 ad
1071 1728 1204 1769 unum
1229 1741 1277 1768 ex
1294 1726 1352 1780 giis
1371 1727 1586 1776 deferatur,

89 1786 295 1829 Tribunal
313 1788 444 1846 ipsum
476 1789 518 1829 in
539 1804 587 1831 ea<
613 1804 699 1830 non
719 1787 899 1844 procedit
919 1817 932 1836 ,
965 1786 1035 1828 sed
1072 1798 1273 1842 assumpta
1309 1785 1420 1841 prius
1441 1785 1583 1841 figura

88 1846 328 1904 Signaturae
363 1849 568 1900 cognoscit
602 1862 676 1891 an,
710 1860 748 1886 et
777 1861 882 1898 quae
912 1844 1123 1899 appellatio
1161 1843 1406 1884 admittenda
1440 1843 1514 1892 sit;
1548 1856 1587 1886 et

88 1905 166 1944 hac
199 1903 430 1956 cognitione
462 1902 675 1956 praemissa
707 1902 839 1957 signat
869 1901 1188 1942 commissionem
1208 1931 1220 1950 ‚
1251 1916 1340 1942 eam
1375 1900 1584 1957 dirigendo

92 1960 211 2002 alicui
240 1973 288 2000 ex
327 1958 512 1998 Praelatis
559 1959 779 2009 ejusdemet
805 1958 1042 2000 Tribunalis
1062 1989 1075 2006 ,
1106 1960 1176 2012 qui
1210 1971 1306 1999 tunc
1339 1961 1581 2001 assumendo

90 2033 201 2061 suam
227 2016 490 2059 Ordinariam
518 2015 837 2071 jurisdictionem
880 2016 927 2057 de
959 2016 1098 2058 Causa
1131 2015 1364 2072 cognoscit.
1405 2017 1454 2058 Et
1487 2018 1581 2060 haec

92 2091 148 2120 est
161 2077 295 2136 praxis
315 2075 542 2132 praesertim
564 2074 787 2118 Tribunalis
805 2074 990 2117 Gamerae
1005 2107 1018 2124 ‚
1036 2075 1076 2115 in
1108 2088 1192 2131 quo
1212 2073 1450 2131 priusquam
1469 2077 1586 2119 Cau-

92 2151 155 2180 sae
185 2135 362 2193 cognitio
397 2135 632 2178 instituatur
665 2149 800 2176 coram
829 2133 964 2188 aliquo
996 2148 1015 2174 e
1038 2133 1205 2176 Clericis
1234 2135 1430 2176 Gamerae
1467 2137 1508 2176 in
1528 2150 1583 2176 se-

93 2197 226 2239 cunda
249 2195 439 2236 instantia
455 2226 468 2244 ,
499 2209 520 2236 a
537 2196 705 2237 Decano
723 2193 816 2235 dicti
848 2191 1082 2234 Tribunalis
1107 2193 1191 2234 fieri
1228 2193 1342 2236 debet
1357 2194 1582 2251 Propositio,

95 2257 160 2297 cui
185 2254 446 2299 subscribunt
478 2254 620 2295 caeteri
656 2252 839 2300 Clerici,
868 2264 904 2293 et
922 2250 1009 2303 ejus
1041 2251 1177 2308 vigore
1196 2250 1337 2295 Causa
1370 2253 1583 2295 committi-

95 2326 160 2356 tur
182 2316 256 2357 uni
274 2330 322 2357 ex
343 2313 496 2355 eisdem
524 2312 693 2356 Clericis
710 2312 785 2370 (4)
807 2340 816 2352 .
862 2309 934 2351 Ad
953 2311 1107 2353 tertiam
1146 2311 1308 2355 classem
1325 2313 1528 2368 pertinent
1555 2312 1582 2353 ii

99 2440 1577 2458 ——n———u—-ss————————

143 2476 198 2513 (1)
226 2477 298 2516 Cap.
317 2474 441 2513 7.n'um.
466 2484 515 2513 ¹5·
893 2472 948 2510 (4)
972 2473 1021 2501 De
1033 2473 1118 2504 Luca
1130 2473 1163 2504 in
1181 2469 1284 2504 Relat.
1302 2472 1361 2502 Ro.
1376 2469 1482 2501 Curiae
1504 2468 1584 2500 dise.

142 2519 195 2556 (2)
219 2523 293 2561 Pag.
319 2518 372 2549 82.
395 2540 404 2553 ‚
432 2520 525 2558 et85.
851 2525 905 2558 33·
931 2525 962 2546 n.
983 2524 1034 2554 14.

143 2563 196 2607 (3)
221 2562 354 2599 Tuschus
371 2562 503 2597 conclus.
522 2572 599 2603 554.
