<?xml version="1.0" encoding="UTF-8"?>
<!DOCTYPE html PUBLIC "-//W3C//DTD XHTML 1.0 Transitional//EN"
    "http://www.w3.org/TR/xhtml1/DTD/xhtml1-transitional.dtd">
<html xmlns="http://www.w3.org/1999/xhtml" xml:lang="en" lang="en">
 <head>
  <title>
</title>
<meta http-equiv="Content-Type" content="text/html;charset=utf-8" />
  <meta name='ocr-system' content='tesseract 3.04.00' />
  <meta name='ocr-capabilities' content='ocr_page ocr_carea ocr_par ocr_line ocrx_word'/>
</head>
<body>
  <div class='ocr_page' id='page_1' title='image "./dejuresignaturae00vita_0422.png"; bbox 0 0 1952 3167; ppageno 0'>
   <div class='ocr_carea' id='block_1_1' title="bbox 317 293 1837 2617">
    <p class='ocr_par' dir='ltr' id='par_1_1' title="bbox 319 293 1450 340">
     <span class='ocr_line' id='line_1_1' title="bbox 319 293 1450 340; baseline -0.011 0"><span class='ocrx_word' id='word_1_1' title='bbox 319 304 387 340; x_wconf 71' lang='lat'>118</span> <span class='ocrx_word' id='word_1_2' title='bbox 700 300 760 334; x_wconf 83' lang='lat' dir='ltr'>DE</span> <span class='ocrx_word' id='word_1_3' title='bbox 788 296 900 340; x_wconf 78' lang='lat' dir='ltr'>JURE</span> <span class='ocrx_word' id='word_1_4' title='bbox 929 294 1212 334; x_wconf 79' lang='lat' dir='ltr'>SIGNATURAE</span> <span class='ocrx_word' id='word_1_5' title='bbox 1238 293 1450 336; x_wconf 84' lang='lat' dir='ltr'>JUSTITIAE</span> 
     </span>
    </p>

    <p class='ocr_par' dir='ltr' id='par_1_2' title="bbox 317 341 1812 727">
     <span class='ocr_line' id='line_1_2' title="bbox 317 341 1804 398; baseline -0.009 -10"><span class='ocrx_word' id='word_1_6' title='bbox 317 360 616 398; x_wconf 83' lang='lat' dir='ltr'>quorumcumque</span> <span class='ocrx_word' id='word_1_7' title='bbox 635 347 795 389; x_wconf 75' lang='lat' dir='ltr'>judicum</span> <span class='ocrx_word' id='word_1_8' title='bbox 816 349 857 383; x_wconf 90' lang='lat' dir='ltr'>de</span> <span class='ocrx_word' id='word_1_9' title='bbox 873 347 1026 382; x_wconf 85' lang='lat' dir='ltr'>Partibus</span> <span class='ocrx_word' id='word_1_10' title='bbox 1041 369 1051 385; x_wconf 90' lang='lat'><strong>,</strong></span> <span class='ocrx_word' id='word_1_11' title='bbox 1072 344 1281 380; x_wconf 83' lang='lat' dir='ltr'>decernimus</span> <span class='ocrx_word' id='word_1_12' title='bbox 1293 367 1303 384; x_wconf 90' lang='lat'>,</span> <span class='ocrx_word' id='word_1_13' title='bbox 1323 343 1464 378; x_wconf 86' lang='lat' dir='ltr'>liberum</span> <span class='ocrx_word' id='word_1_14' title='bbox 1481 341 1618 388; x_wconf 87' lang='lat' dir='ltr'>quidem</span> <span class='ocrx_word' id='word_1_15' title='bbox 1635 352 1708 376; x_wconf 85' lang='lat' dir='ltr'>esse</span> <span class='ocrx_word' id='word_1_16' title='bbox 1725 341 1804 375; x_wconf 85' lang='lat' dir='ltr'>Par-</span> 
     </span>
     <span class='ocr_line' id='line_1_3' title="bbox 320 390 1805 445; baseline -0.009 -8"><span class='ocrx_word' id='word_1_17' title='bbox 320 402 346 437; x_wconf 89' lang='lat' dir='ltr'>ti</span> <span class='ocrx_word' id='word_1_18' title='bbox 363 398 540 445; x_wconf 84' lang='lat' dir='ltr'>appellanti</span> <span class='ocrx_word' id='word_1_19' title='bbox 563 422 572 438; x_wconf 93' lang='lat'>,</span> <span class='ocrx_word' id='word_1_20' title='bbox 610 408 670 442; x_wconf 87' lang='lat' dir='ltr'>pro</span> <span class='ocrx_word' id='word_1_21' title='bbox 687 409 748 432; x_wconf 89' lang='lat' dir='ltr'>suo</span> <span class='ocrx_word' id='word_1_22' title='bbox 769 394 908 432; x_wconf 89' lang='lat' dir='ltr'>arbitrio</span> <span class='ocrx_word' id='word_1_23' title='bbox 925 419 935 435; x_wconf 86' lang='lat'><strong>,</strong></span> <span class='ocrx_word' id='word_1_24' title='bbox 965 395 1017 429; x_wconf 88' lang='lat' dir='ltr'>vel</span> <span class='ocrx_word' id='word_1_25' title='bbox 1034 406 1085 428; x_wconf 86' lang='lat' dir='ltr'>eas</span> <span class='ocrx_word' id='word_1_26' title='bbox 1101 393 1294 428; x_wconf 74' lang='lat' dir='ltr'>immediate</span> <span class='ocrx_word' id='word_1_27' title='bbox 1338 392 1378 426; x_wconf 86' lang='lat' dir='ltr'>ad</span> <span class='ocrx_word' id='word_1_28' title='bbox 1399 392 1507 436; x_wconf 87' lang='lat' dir='ltr'>ipsum</span> <span class='ocrx_word' id='word_1_29' title='bbox 1538 391 1632 425; x_wconf 68' lang='lat' dir='ltr'>Rotae</span> <span class='ocrx_word' id='word_1_30' title='bbox 1664 390 1805 425; x_wconf 75' lang='lat' dir='ltr'>Audito-</span> 
     </span>
     <span class='ocr_line' id='line_1_4' title="bbox 321 438 1803 485; baseline -0.008 0"><span class='ocrx_word' id='word_1_31' title='bbox 321 450 407 485; x_wconf 87' lang='lat' dir='ltr'>rium</span> <span class='ocrx_word' id='word_1_32' title='bbox 427 447 592 482; x_wconf 85' lang='lat' dir='ltr'>committi</span> <span class='ocrx_word' id='word_1_33' title='bbox 616 447 749 485; x_wconf 86' lang='lat' dir='ltr'>facere,</span> <span class='ocrx_word' id='word_1_34' title='bbox 774 446 829 481; x_wconf 91' lang='lat' dir='ltr'>vel</span> <span class='ocrx_word' id='word_1_35' title='bbox 847 445 873 479; x_wconf 91' lang='lat' dir='ltr'>si</span> <span class='ocrx_word' id='word_1_36' title='bbox 896 443 1078 481; x_wconf 83' lang='lat' dir='ltr'>maluerit,</span> <span class='ocrx_word' id='word_1_37' title='bbox 1105 444 1144 476; x_wconf 86' lang='lat' dir='ltr'>ad</span> <span class='ocrx_word' id='word_1_38' title='bbox 1163 441 1363 485; x_wconf 65' lang='lat' dir='ltr'>praedictum</span> <span class='ocrx_word' id='word_1_39' title='bbox 1392 438 1610 473; x_wconf 84' lang='lat' dir='ltr'>Cardinalem</span> <span class='ocrx_word' id='word_1_40' title='bbox 1631 438 1803 473; x_wconf 83' lang='lat' dir='ltr'>Vicarium</span> 
     </span>
     <span class='ocr_line' id='line_1_5' title="bbox 322 486 1806 534; baseline -0.008 -1"><span class='ocrx_word' id='word_1_41' title='bbox 322 511 379 534; x_wconf 90' lang='lat' dir='ltr'>seu</span> <span class='ocrx_word' id='word_1_42' title='bbox 394 499 433 532; x_wconf 84' lang='lat' dir='ltr'>ad</span> <span class='ocrx_word' id='word_1_43' title='bbox 449 497 637 530; x_wconf 79' lang='lat' dir='ltr'>Causarum</span> <span class='ocrx_word' id='word_1_44' title='bbox 672 495 787 529; x_wconf 79' lang='lat' dir='ltr'>Curiae</span> <span class='ocrx_word' id='word_1_45' title='bbox 826 494 980 527; x_wconf 67' lang='lat' dir='ltr'>Camerce</span> <span class='ocrx_word' id='word_1_46' title='bbox 1009 489 1178 534; x_wconf 76' lang='lat' dir='ltr'>praedictae</span> <span class='ocrx_word' id='word_1_47' title='bbox 1215 486 1400 532; x_wconf 79' lang='lat' dir='ltr'><strong>generalem</strong></span> <span class='ocrx_word' id='word_1_48' title='bbox 1441 486 1646 521; x_wconf 88' lang='lat' dir='ltr'>Auditorem</span> <span class='ocrx_word' id='word_1_49' title='bbox 1662 509 1672 525; x_wconf 93' lang='lat'>‚</span> <span class='ocrx_word' id='word_1_50' title='bbox 1713 489 1806 527; x_wconf 83' lang='lat' dir='ltr'>iuxta</span> 
     </span>
     <span class='ocr_line' id='line_1_6' title="bbox 322 533 1812 583; baseline -0.007 -2"><span class='ocrx_word' id='word_1_51' title='bbox 322 551 444 582; x_wconf 86' lang='lat' dir='ltr'>horum</span> <span class='ocrx_word' id='word_1_52' title='bbox 461 546 605 579; x_wconf 86' lang='lat' dir='ltr'>duorum</span> <span class='ocrx_word' id='word_1_53' title='bbox 620 542 851 577; x_wconf 87' lang='lat' dir='ltr'>Tribunalium</span> <span class='ocrx_word' id='word_1_54' title='bbox 877 550 1043 583; x_wconf 82' lang='lat' dir='ltr'>congruas</span> <span class='ocrx_word' id='word_1_55' title='bbox 1070 536 1246 571; x_wconf 86' lang='lat' dir='ltr'>facultates</span> <span class='ocrx_word' id='word_1_56' title='bbox 1261 558 1272 575; x_wconf 91' lang='lat'>,</span> <span class='ocrx_word' id='word_1_57' title='bbox 1292 533 1550 580; x_wconf 84' lang='lat' dir='ltr'>appellationem</span> <span class='ocrx_word' id='word_1_58' title='bbox 1574 535 1785 579; x_wconf 86' lang='lat' dir='ltr'>interponere</span> <span class='ocrx_word' id='word_1_59' title='bbox 1799 549 1812 571; x_wconf 63' lang='lat'>2</span> 
     </span>
     <span class='ocr_line' id='line_1_7' title="bbox 324 582 1811 632; baseline -0.013 -2"><span class='ocrx_word' id='word_1_60' title='bbox 324 596 453 629; x_wconf 89' lang='lat' dir='ltr'>Verum</span> <span class='ocrx_word' id='word_1_61' title='bbox 474 594 595 628; x_wconf 85' lang='lat' dir='ltr'>deinde</span> <span class='ocrx_word' id='word_1_62' title='bbox 609 617 619 632; x_wconf 89' lang='lat'>‚</span> <span class='ocrx_word' id='word_1_63' title='bbox 643 592 668 626; x_wconf 91' lang='lat' dir='ltr'>si</span> <span class='ocrx_word' id='word_1_64' title='bbox 686 589 836 625; x_wconf 86' lang='lat' dir='ltr'>ulteriori</span> <span class='ocrx_word' id='word_1_65' title='bbox 858 584 1075 632; x_wconf 71' lang='lat' dir='ltr'>appellationi</span> <span class='ocrx_word' id='word_1_66' title='bbox 1101 584 1195 619; x_wconf 91' lang='lat' dir='ltr'>locus</span> <span class='ocrx_word' id='word_1_67' title='bbox 1213 585 1255 619; x_wconf 89' lang='lat' dir='ltr'>sit</span> <span class='ocrx_word' id='word_1_68' title='bbox 1278 606 1288 622; x_wconf 90' lang='lat'>‚</span> <span class='ocrx_word' id='word_1_69' title='bbox 1314 583 1476 620; x_wconf 87' lang='lat' dir='ltr'>volumus</span> <span class='ocrx_word' id='word_1_70' title='bbox 1493 595 1546 618; x_wconf 88' lang='lat' dir='ltr'>eas</span> <span class='ocrx_word' id='word_1_71' title='bbox 1560 582 1726 629; x_wconf 78' lang='lat' dir='ltr'>praedictae</span> <span class='ocrx_word' id='word_1_72' title='bbox 1740 583 1811 617; x_wconf 85' lang='lat' dir='ltr'>Ro.</span> 
     </span>
     <span class='ocr_line' id='line_1_8' title="bbox 324 631 1806 683; baseline -0.009 -4"><span class='ocrx_word' id='word_1_73' title='bbox 324 653 364 680; x_wconf 85' lang='lat' dir='ltr'>tae</span> <span class='ocrx_word' id='word_1_74' title='bbox 381 642 563 678; x_wconf 87' lang='lat' dir='ltr'>Auditorio</span> <span class='ocrx_word' id='word_1_75' title='bbox 579 665 588 680; x_wconf 96' lang='lat'><strong>‚</strong></span> <span class='ocrx_word' id='word_1_76' title='bbox 606 650 774 683; x_wconf 87' lang='lat' dir='ltr'>nunquam</span> <span class='ocrx_word' id='word_1_77' title='bbox 790 646 900 672; x_wconf 83' lang='lat' dir='ltr'>antem</span> <span class='ocrx_word' id='word_1_78' title='bbox 915 634 1059 670; x_wconf 77' lang='lat' dir='ltr'>Praelatis</span> <span class='ocrx_word' id='word_1_79' title='bbox 1077 643 1172 669; x_wconf 83' lang='lat' dir='ltr'>extra</span> <span class='ocrx_word' id='word_1_80' title='bbox 1188 633 1327 672; x_wconf 76' lang='lat' dir='ltr'>Rotam,</span> <span class='ocrx_word' id='word_1_81' title='bbox 1351 645 1459 680; x_wconf 88' lang='lat' dir='ltr'>neque</span> <span class='ocrx_word' id='word_1_82' title='bbox 1487 632 1564 678; x_wconf 87' lang='lat' dir='ltr'>ipsis</span> <span class='ocrx_word' id='word_1_83' title='bbox 1580 631 1719 679; x_wconf 86' lang='lat' dir='ltr'>quidem</span> <span class='ocrx_word' id='word_1_84' title='bbox 1738 633 1806 667; x_wconf 80' lang='lat' dir='ltr'>Ro-</span> 
     </span>
     <span class='ocr_line' id='line_1_9' title="bbox 329 683 1244 727; baseline -0.013 1"><span class='ocrx_word' id='word_1_85' title='bbox 329 701 370 727; x_wconf 87' lang='lat' dir='ltr'>tae</span> <span class='ocrx_word' id='word_1_86' title='bbox 386 690 607 726; x_wconf 81' lang='lat' dir='ltr'>Auditoribus</span> <span class='ocrx_word' id='word_1_87' title='bbox 625 711 635 727; x_wconf 88' lang='lat'>,</span> <span class='ocrx_word' id='word_1_88' title='bbox 665 687 712 720; x_wconf 92' lang='lat' dir='ltr'>uti</span> <span class='ocrx_word' id='word_1_89' title='bbox 728 685 873 720; x_wconf 70' lang='lat' dir='ltr'>Praelatis</span> <span class='ocrx_word' id='word_1_90' title='bbox 888 709 898 724; x_wconf 94' lang='lat'>,</span> <span class='ocrx_word' id='word_1_91' title='bbox 932 683 1102 719; x_wconf 87' lang='lat' dir='ltr'>committi</span> <span class='ocrx_word' id='word_1_92' title='bbox 1119 694 1216 727; x_wconf 89' lang='lat' dir='ltr'>posse</span> <span class='ocrx_word' id='word_1_93' title='bbox 1234 707 1244 716; x_wconf 91' lang='lat'><strong><em>.</em></strong></span> 
     </span>
    </p>

    <p class='ocr_par' dir='ltr' id='par_1_3' title="bbox 330 728 1834 1806">
     <span class='ocr_line' id='line_1_10' title="bbox 414 728 1808 779; baseline -0.006 -5"><span class='ocrx_word' id='word_1_94' title='bbox 414 742 558 774; x_wconf 49' lang='lat' dir='ltr'>‘Contra</span> <span class='ocrx_word' id='word_1_95' title='bbox 572 737 788 772; x_wconf 78' lang='lat' dir='ltr'>veroCausae</span> <span class='ocrx_word' id='word_1_96' title='bbox 803 735 912 769; x_wconf 73' lang='lat' dir='ltr'>minus</span> <span class='ocrx_word' id='word_1_97' title='bbox 942 743 1058 779; x_wconf 80' lang='lat' dir='ltr'>graves</span> <span class='ocrx_word' id='word_1_98' title='bbox 1073 757 1083 772; x_wconf 91' lang='lat'>‚</span> <span class='ocrx_word' id='word_1_99' title='bbox 1110 742 1213 777; x_wconf 81' lang='lat' dir='ltr'>super</span> <span class='ocrx_word' id='word_1_100' title='bbox 1227 731 1349 777; x_wconf 84' lang='lat' dir='ltr'>quibus</span> <span class='ocrx_word' id='word_1_101' title='bbox 1365 730 1396 765; x_wconf 91' lang='lat' dir='ltr'>in</span> <span class='ocrx_word' id='word_1_102' title='bbox 1413 728 1521 775; x_wconf 81' lang='lat' dir='ltr'>prima</span> <span class='ocrx_word' id='word_1_103' title='bbox 1537 731 1693 766; x_wconf 79' lang='lat' dir='ltr'>instantia</span> <span class='ocrx_word' id='word_1_104' title='bbox 1706 730 1738 765; x_wconf 91' lang='lat' dir='ltr'>in</span> <span class='ocrx_word' id='word_1_105' title='bbox 1757 730 1808 765; x_wconf 86' lang='lat' dir='ltr'>al-</span> 
     </span>
     <span class='ocr_line' id='line_1_11' title="bbox 331 778 1815 830; baseline -0.007 -5"><span class='ocrx_word' id='word_1_106' title='bbox 331 797 462 826; x_wconf 87' lang='lat' dir='ltr'>terutro</span> <span class='ocrx_word' id='word_1_107' title='bbox 489 784 721 821; x_wconf 86' lang='lat' dir='ltr'>Tribunalium</span> <span class='ocrx_word' id='word_1_108' title='bbox 748 784 984 830; x_wconf 63' lang='lat' dir='ltr'>praedictorum</span> <span class='ocrx_word' id='word_1_109' title='bbox 1017 782 1175 816; x_wconf 83' lang='lat' dir='ltr'>Romanae</span> <span class='ocrx_word' id='word_1_110' title='bbox 1204 780 1345 819; x_wconf 80' lang='lat' dir='ltr'>Curiae,</span> <span class='ocrx_word' id='word_1_111' title='bbox 1367 778 1527 815; x_wconf 87' lang='lat' dir='ltr'>nimirum</span> <span class='ocrx_word' id='word_1_112' title='bbox 1548 780 1736 815; x_wconf 81' lang='lat' dir='ltr'>Cardinalis</span> <span class='ocrx_word' id='word_1_113' title='bbox 1752 779 1815 814; x_wconf 90' lang='lat' dir='ltr'>Vi-</span> 
     </span>
     <span class='ocr_line' id='line_1_12' title="bbox 332 827 1815 876; baseline -0.007 -2"><span class='ocrx_word' id='word_1_114' title='bbox 332 839 438 876; x_wconf 85' lang='lat' dir='ltr'>carii,</span> <span class='ocrx_word' id='word_1_115' title='bbox 466 848 520 871; x_wconf 89' lang='lat' dir='ltr'>aut</span> <span class='ocrx_word' id='word_1_116' title='bbox 539 837 729 870; x_wconf 78' lang='lat' dir='ltr'>Causarum</span> <span class='ocrx_word' id='word_1_117' title='bbox 757 832 873 868; x_wconf 68' lang='lat' dir='ltr'>Curiae</span> <span class='ocrx_word' id='word_1_118' title='bbox 898 833 1052 867; x_wconf 78' lang='lat' dir='ltr'>Camerae</span> <span class='ocrx_word' id='word_1_119' title='bbox 1072 830 1280 875; x_wconf 78' lang='lat' dir='ltr'>Apostolicae</span> <span class='ocrx_word' id='word_1_120' title='bbox 1296 827 1470 864; x_wconf 75' lang='lat' dir='ltr'>Generalis</span> <span class='ocrx_word' id='word_1_121' title='bbox 1499 828 1673 863; x_wconf 88' lang='lat' dir='ltr'>Auditoris</span> <span class='ocrx_word' id='word_1_122' title='bbox 1692 853 1702 869; x_wconf 94' lang='lat'>‚</span> <span class='ocrx_word' id='word_1_123' title='bbox 1732 829 1815 863; x_wconf 80' lang='lat' dir='ltr'>deti-</span> 
     </span>
     <span class='ocr_line' id='line_1_13' title="bbox 330 877 1816 931; baseline -0.007 -9"><span class='ocrx_word' id='word_1_124' title='bbox 330 887 437 923; x_wconf 76' lang='lat' dir='ltr'>nitive</span> <span class='ocrx_word' id='word_1_125' title='bbox 465 884 724 931; x_wconf 72' lang='lat' dir='ltr'>pronunciatum</span> <span class='ocrx_word' id='word_1_126' title='bbox 755 882 883 920; x_wconf 84' lang='lat' dir='ltr'>fuerit,</span> <span class='ocrx_word' id='word_1_127' title='bbox 914 880 1072 915; x_wconf 84' lang='lat' dir='ltr'>volumus</span> <span class='ocrx_word' id='word_1_128' title='bbox 1096 889 1196 924; x_wconf 85' lang='lat' dir='ltr'>atque</span> <span class='ocrx_word' id='word_1_129' title='bbox 1223 878 1425 918; x_wconf 85' lang='lat' dir='ltr'>statuimus,</span> <span class='ocrx_word' id='word_1_130' title='bbox 1456 886 1490 913; x_wconf 88' lang='lat' dir='ltr'>ut</span> <span class='ocrx_word' id='word_1_131' title='bbox 1522 878 1553 921; x_wconf 88' lang='lat' dir='ltr'>in</span> <span class='ocrx_word' id='word_1_132' title='bbox 1571 879 1677 922; x_wconf 80' lang='lat' dir='ltr'>gradu</span> <span class='ocrx_word' id='word_1_133' title='bbox 1699 877 1816 921; x_wconf 87' lang='lat' dir='ltr'>appel-</span> 
     </span>
     <span class='ocr_line' id='line_1_14' title="bbox 332 924 1815 975; baseline -0.007 -5"><span class='ocrx_word' id='word_1_134' title='bbox 332 935 465 970; x_wconf 78' lang='lat' dir='ltr'>lationis</span> <span class='ocrx_word' id='word_1_135' title='bbox 481 957 490 973; x_wconf 93' lang='lat'><strong>,</strong></span> <span class='ocrx_word' id='word_1_136' title='bbox 522 942 588 967; x_wconf 88' lang='lat' dir='ltr'>tam</span> <span class='ocrx_word' id='word_1_137' title='bbox 608 930 788 971; x_wconf 89' lang='lat' dir='ltr'>injudicio</span> <span class='ocrx_word' id='word_1_138' title='bbox 802 930 963 975; x_wconf 85' lang='lat' dir='ltr'>petitorio</span> <span class='ocrx_word' id='word_1_139' title='bbox 978 953 988 968; x_wconf 91' lang='lat'><strong>,</strong></span> <span class='ocrx_word' id='word_1_140' title='bbox 1022 940 1121 974; x_wconf 86' lang='lat' dir='ltr'>quam</span> <span class='ocrx_word' id='word_1_141' title='bbox 1150 929 1182 962; x_wconf 91' lang='lat' dir='ltr'>in</span> <span class='ocrx_word' id='word_1_142' title='bbox 1209 927 1416 973; x_wconf 85' lang='lat' dir='ltr'>possessorio</span> <span class='ocrx_word' id='word_1_143' title='bbox 1431 951 1440 966; x_wconf 93' lang='lat'>‚</span> <span class='ocrx_word' id='word_1_144' title='bbox 1481 926 1622 961; x_wconf 81' lang='lat' dir='ltr'>omnino</span> <span class='ocrx_word' id='word_1_145' title='bbox 1639 924 1815 961; x_wconf 80' lang='lat' dir='ltr'>committi</span> 
     </span>
     <span class='ocr_line' id='line_1_15' title="bbox 330 975 1817 1022; baseline -0.007 -2"><span class='ocrx_word' id='word_1_146' title='bbox 330 985 470 1019; x_wconf 81' lang='lat' dir='ltr'>debeant</span> <span class='ocrx_word' id='word_1_147' title='bbox 487 981 634 1015; x_wconf 80' lang='lat' dir='ltr'>Praelatis</span> <span class='ocrx_word' id='word_1_148' title='bbox 654 988 747 1015; x_wconf 81' lang='lat' dir='ltr'>extra</span> <span class='ocrx_word' id='word_1_149' title='bbox 762 979 883 1013; x_wconf 81' lang='lat' dir='ltr'>Rotam</span> <span class='ocrx_word' id='word_1_150' title='bbox 905 1002 915 1017; x_wconf 91' lang='lat'>‚</span> <span class='ocrx_word' id='word_1_151' title='bbox 945 977 996 1012; x_wconf 84' lang='lat' dir='ltr'>vel</span> <span class='ocrx_word' id='word_1_152' title='bbox 1015 977 1112 1011; x_wconf 82' lang='lat' dir='ltr'>etiam</span> <span class='ocrx_word' id='word_1_153' title='bbox 1128 976 1207 1022; x_wconf 91' lang='lat' dir='ltr'>ipsis</span> <span class='ocrx_word' id='word_1_154' title='bbox 1225 977 1323 1012; x_wconf 82' lang='lat' dir='ltr'>Rotae</span> <span class='ocrx_word' id='word_1_155' title='bbox 1339 975 1562 1011; x_wconf 80' lang='lat' dir='ltr'>Auditoribus</span> <span class='ocrx_word' id='word_1_156' title='bbox 1581 1001 1591 1016; x_wconf 86' lang='lat'>‚</span> <span class='ocrx_word' id='word_1_157' title='bbox 1619 987 1684 1010; x_wconf 87' lang='lat' dir='ltr'>non</span> <span class='ocrx_word' id='word_1_158' title='bbox 1703 983 1817 1010; x_wconf 86' lang='lat' dir='ltr'>tamen</span> 
     </span>
     <span class='ocr_line' id='line_1_16' title="bbox 332 1024 1817 1071; baseline -0.006 -4"><span class='ocrx_word' id='word_1_159' title='bbox 332 1033 382 1068; x_wconf 90' lang='lat' dir='ltr'>uti</span> <span class='ocrx_word' id='word_1_160' title='bbox 409 1030 637 1066; x_wconf 87' lang='lat' dir='ltr'>Auditoribus</span> <span class='ocrx_word' id='word_1_161' title='bbox 655 1052 665 1068; x_wconf 88' lang='lat'>‚</span> <span class='ocrx_word' id='word_1_162' title='bbox 695 1030 754 1063; x_wconf 89' lang='lat' dir='ltr'>sed</span> <span class='ocrx_word' id='word_1_163' title='bbox 769 1030 943 1062; x_wconf 81' lang='lat' dir='ltr'>dumtaxat</span> <span class='ocrx_word' id='word_1_164' title='bbox 963 1026 1009 1061; x_wconf 87' lang='lat' dir='ltr'>uti</span> <span class='ocrx_word' id='word_1_165' title='bbox 1025 1026 1195 1061; x_wconf 78' lang='lat' dir='ltr'>Praelatis=</span> <span class='ocrx_word' id='word_1_166' title='bbox 1224 1026 1330 1071; x_wconf 89' lang='lat' dir='ltr'>Quod</span> <span class='ocrx_word' id='word_1_167' title='bbox 1349 1024 1375 1060; x_wconf 89' lang='lat' dir='ltr'>si</span> <span class='ocrx_word' id='word_1_168' title='bbox 1388 1036 1494 1060; x_wconf 83' lang='lat' dir='ltr'>causae</span> <span class='ocrx_word' id='word_1_169' title='bbox 1513 1024 1710 1064; x_wconf 83' lang='lat' dir='ltr'>hujusmodi</span> <span class='ocrx_word' id='word_1_170' title='bbox 1727 1036 1745 1058; x_wconf 88' lang='lat' dir='ltr'>a</span> <span class='ocrx_word' id='word_1_171' title='bbox 1761 1024 1817 1059; x_wconf 85' lang='lat' dir='ltr'>Iu-</span> 
     </span>
     <span class='ocr_line' id='line_1_17' title="bbox 332 1074 1825 1120; baseline -0.006 -4"><span class='ocrx_word' id='word_1_172' title='bbox 332 1080 448 1117; x_wconf 89' lang='lat' dir='ltr'>dicatis</span> <span class='ocrx_word' id='word_1_173' title='bbox 476 1090 507 1114; x_wconf 88' lang='lat' dir='ltr'>et</span> <span class='ocrx_word' id='word_1_174' title='bbox 538 1076 716 1113; x_wconf 84' lang='lat' dir='ltr'>Sententiis</span> <span class='ocrx_word' id='word_1_175' title='bbox 749 1076 901 1111; x_wconf 89' lang='lat' dir='ltr'>ludicum</span> <span class='ocrx_word' id='word_1_176' title='bbox 932 1078 973 1110; x_wconf 92' lang='lat' dir='ltr'>de</span> <span class='ocrx_word' id='word_1_177' title='bbox 991 1075 1145 1111; x_wconf 85' lang='lat' dir='ltr'>Partibus</span> <span class='ocrx_word' id='word_1_178' title='bbox 1182 1076 1220 1109; x_wconf 81' lang='lat' dir='ltr'>ad</span> <span class='ocrx_word' id='word_1_179' title='bbox 1240 1076 1343 1120; x_wconf 87' lang='lat' dir='ltr'>ipsam</span> <span class='ocrx_word' id='word_1_180' title='bbox 1374 1075 1562 1110; x_wconf 84' lang='lat' dir='ltr'>Romanam</span> <span class='ocrx_word' id='word_1_181' title='bbox 1594 1074 1738 1108; x_wconf 83' lang='lat' dir='ltr'>Curiam</span> <span class='ocrx_word' id='word_1_182' title='bbox 1767 1074 1825 1108; x_wconf 84' lang='lat' dir='ltr'>de·</span> 
     </span>
     <span class='ocr_line' id='line_1_18' title="bbox 335 1122 1819 1173; baseline -0.005 -8"><span class='ocrx_word' id='word_1_183' title='bbox 335 1131 406 1166; x_wconf 75' lang='lat' dir='ltr'>latae</span> <span class='ocrx_word' id='word_1_184' title='bbox 426 1129 514 1167; x_wconf 81' lang='lat' dir='ltr'>sint,</span> <span class='ocrx_word' id='word_1_185' title='bbox 555 1127 667 1173; x_wconf 77' lang='lat' dir='ltr'>primo</span> <span class='ocrx_word' id='word_1_186' title='bbox 693 1126 829 1171; x_wconf 80' lang='lat' dir='ltr'>quidem</span> <span class='ocrx_word' id='word_1_187' title='bbox 861 1125 891 1159; x_wconf 91' lang='lat' dir='ltr'>in</span> <span class='ocrx_word' id='word_1_188' title='bbox 908 1127 1011 1171; x_wconf 86' lang='lat' dir='ltr'>gradu</span> <span class='ocrx_word' id='word_1_189' title='bbox 1038 1124 1270 1169; x_wconf 83' lang='lat' dir='ltr'>appellationis</span> <span class='ocrx_word' id='word_1_190' title='bbox 1287 1134 1401 1159; x_wconf 85' lang='lat' dir='ltr'>earum</span> <span class='ocrx_word' id='word_1_191' title='bbox 1430 1124 1585 1170; x_wconf 83' lang='lat' dir='ltr'>cognitio</span> <span class='ocrx_word' id='word_1_192' title='bbox 1600 1125 1640 1158; x_wconf 87' lang='lat' dir='ltr'>ad</span> <span class='ocrx_word' id='word_1_193' title='bbox 1657 1122 1819 1158; x_wconf 75' lang='lat' dir='ltr'>cardina-</span> 
     </span>
     <span class='ocr_line' id='line_1_19' title="bbox 334 1169 1817 1221; baseline -0.007 -7"><span class='ocrx_word' id='word_1_194' title='bbox 334 1179 373 1215; x_wconf 91' lang='lat' dir='ltr'>lis</span> <span class='ocrx_word' id='word_1_195' title='bbox 405 1177 529 1212; x_wconf 82' lang='lat' dir='ltr'>Vicarii</span> <span class='ocrx_word' id='word_1_196' title='bbox 544 1201 554 1217; x_wconf 91' lang='lat'>,</span> <span class='ocrx_word' id='word_1_197' title='bbox 579 1186 635 1211; x_wconf 88' lang='lat' dir='ltr'>aut</span> <span class='ocrx_word' id='word_1_198' title='bbox 652 1175 780 1221; x_wconf 67' lang='lat' dir='ltr'>praefati</span> <span class='ocrx_word' id='word_1_199' title='bbox 807 1175 984 1209; x_wconf 81' lang='lat' dir='ltr'>Auditoris</span> <span class='ocrx_word' id='word_1_200' title='bbox 1003 1173 1181 1208; x_wconf 80' lang='lat' dir='ltr'>Generalis</span> <span class='ocrx_word' id='word_1_201' title='bbox 1198 1171 1360 1208; x_wconf 89' lang='lat' dir='ltr'>Tribunal</span> <span class='ocrx_word' id='word_1_202' title='bbox 1376 1197 1386 1213; x_wconf 90' lang='lat'>‚</span> <span class='ocrx_word' id='word_1_203' title='bbox 1425 1172 1520 1212; x_wconf 80' lang='lat' dir='ltr'>iuxta</span> <span class='ocrx_word' id='word_1_204' title='bbox 1548 1171 1722 1220; x_wconf 88' lang='lat' dir='ltr'>utriusque</span> <span class='ocrx_word' id='word_1_205' title='bbox 1741 1169 1817 1205; x_wconf 85' lang='lat' dir='ltr'>Tri-</span> 
     </span>
     <span class='ocr_line' id='line_1_20' title="bbox 333 1219 1821 1271; baseline -0.007 -7"><span class='ocrx_word' id='word_1_206' title='bbox 333 1226 464 1264; x_wconf 85' lang='lat' dir='ltr'>bunalis</span> <span class='ocrx_word' id='word_1_207' title='bbox 492 1226 693 1271; x_wconf 83' lang='lat' dir='ltr'>respectivas</span> <span class='ocrx_word' id='word_1_208' title='bbox 707 1225 885 1259; x_wconf 78' lang='lat' dir='ltr'>facultates</span> <span class='ocrx_word' id='word_1_209' title='bbox 899 1247 908 1262; x_wconf 89' lang='lat'>‚</span> <span class='ocrx_word' id='word_1_210' title='bbox 937 1231 1066 1267; x_wconf 86' lang='lat' dir='ltr'>spectet</span> <span class='ocrx_word' id='word_1_211' title='bbox 1082 1232 1183 1268; x_wconf 85' lang='lat' dir='ltr'>atque</span> <span class='ocrx_word' id='word_1_212' title='bbox 1200 1223 1364 1266; x_wconf 86' lang='lat' dir='ltr'>pertineat</span> <span class='ocrx_word' id='word_1_213' title='bbox 1382 1233 1392 1262; x_wconf 93' lang='lat'>;</span> <span class='ocrx_word' id='word_1_214' title='bbox 1421 1222 1458 1255; x_wconf 93' lang='lat' dir='ltr'>In</span> <span class='ocrx_word' id='word_1_215' title='bbox 1493 1220 1714 1256; x_wconf 89' lang='lat' dir='ltr'>ulterioribus</span> <span class='ocrx_word' id='word_1_216' title='bbox 1734 1219 1821 1253; x_wconf 67' lang='lat' dir='ltr'>vero</span> 
     </span>
     <span class='ocr_line' id='line_1_21' title="bbox 335 1269 1827 1320; baseline -0.007 -8"><span class='ocrx_word' id='word_1_217' title='bbox 335 1276 503 1312; x_wconf 83' lang='lat' dir='ltr'>Instantiis</span> <span class='ocrx_word' id='word_1_218' title='bbox 517 1299 529 1315; x_wconf 88' lang='lat'>‚</span> <span class='ocrx_word' id='word_1_219' title='bbox 555 1285 717 1320; x_wconf 83' lang='lat' dir='ltr'>quatenus</span> <span class='ocrx_word' id='word_1_220' title='bbox 733 1272 811 1317; x_wconf 85' lang='lat' dir='ltr'>ipsis</span> <span class='ocrx_word' id='word_1_221' title='bbox 840 1272 934 1307; x_wconf 85' lang='lat' dir='ltr'>Iocus</span> <span class='ocrx_word' id='word_1_222' title='bbox 949 1271 1016 1311; x_wconf 86' lang='lat' dir='ltr'>sit,</span> <span class='ocrx_word' id='word_1_223' title='bbox 1057 1271 1250 1311; x_wconf 83' lang='lat' dir='ltr'>huiusmodi</span> <span class='ocrx_word' id='word_1_224' title='bbox 1272 1271 1395 1305; x_wconf 81' lang='lat' dir='ltr'>Causae</span> <span class='ocrx_word' id='word_1_225' title='bbox 1413 1269 1556 1304; x_wconf 71' lang='lat' dir='ltr'>omnint&gt;</span> <span class='ocrx_word' id='word_1_226' title='bbox 1573 1269 1743 1304; x_wconf 86' lang='lat' dir='ltr'>committi</span> <span class='ocrx_word' id='word_1_227' title='bbox 1763 1269 1827 1302; x_wconf 88' lang='lat' dir='ltr'>de-</span> 
     </span>
     <span class='ocr_line' id='line_1_22' title="bbox 334 1318 1822 1366; baseline -0.006 -6"><span class='ocrx_word' id='word_1_228' title='bbox 334 1328 435 1360; x_wconf 91' lang='lat' dir='ltr'>beant</span> <span class='ocrx_word' id='word_1_229' title='bbox 461 1323 606 1360; x_wconf 83' lang='lat' dir='ltr'>Praelatis</span> <span class='ocrx_word' id='word_1_230' title='bbox 622 1333 712 1359; x_wconf 87' lang='lat' dir='ltr'>extra</span> <span class='ocrx_word' id='word_1_231' title='bbox 725 1324 849 1357; x_wconf 73' lang='lat' dir='ltr'>Rotam</span> <span class='ocrx_word' id='word_1_232' title='bbox 867 1346 877 1361; x_wconf 92' lang='lat'>‚</span> <span class='ocrx_word' id='word_1_233' title='bbox 912 1322 964 1355; x_wconf 85' lang='lat' dir='ltr'>vel</span> <span class='ocrx_word' id='word_1_234' title='bbox 981 1320 1082 1355; x_wconf 91' lang='lat' dir='ltr'>etiam</span> <span class='ocrx_word' id='word_1_235' title='bbox 1108 1319 1186 1366; x_wconf 87' lang='lat' dir='ltr'>ipsis</span> <span class='ocrx_word' id='word_1_236' title='bbox 1215 1320 1311 1354; x_wconf 74' lang='lat' dir='ltr'>Rotae</span> <span class='ocrx_word' id='word_1_237' title='bbox 1340 1318 1565 1354; x_wconf 79' lang='lat' dir='ltr'>Auditoribus</span> <span class='ocrx_word' id='word_1_238' title='bbox 1586 1343 1595 1358; x_wconf 94' lang='lat'>‚</span> <span class='ocrx_word' id='word_1_239' title='bbox 1629 1318 1677 1352; x_wconf 89' lang='lat' dir='ltr'>uti</span> <span class='ocrx_word' id='word_1_240' title='bbox 1709 1326 1822 1351; x_wconf 87' lang='lat' dir='ltr'>tamen</span> 
     </span>
     <span class='ocr_line' id='line_1_23' title="bbox 335 1366 1825 1417; baseline -0.007 -8"><span class='ocrx_word' id='word_1_241' title='bbox 335 1374 483 1409; x_wconf 85' lang='lat' dir='ltr'>Praelatis</span> <span class='ocrx_word' id='word_1_242' title='bbox 502 1398 512 1413; x_wconf 90' lang='lat'>‚</span> <span class='ocrx_word' id='word_1_243' title='bbox 541 1385 708 1417; x_wconf 89' lang='lat' dir='ltr'>nunquam</span> <span class='ocrx_word' id='word_1_244' title='bbox 741 1380 850 1407; x_wconf 82' lang='lat' dir='ltr'>autem</span> <span class='ocrx_word' id='word_1_245' title='bbox 870 1369 974 1415; x_wconf 87' lang='lat' dir='ltr'>ipsius</span> <span class='ocrx_word' id='word_1_246' title='bbox 993 1371 1089 1405; x_wconf 79' lang='lat' dir='ltr'>Rotae</span> <span class='ocrx_word' id='word_1_247' title='bbox 1121 1369 1304 1404; x_wconf 88' lang='lat' dir='ltr'>Auditorio</span> <span class='ocrx_word' id='word_1_248' title='bbox 1330 1382 1338 1401; x_wconf 77' lang='lat' dir='ltr'>z</span> <span class='ocrx_word' id='word_1_249' title='bbox 1385 1368 1483 1402; x_wconf 79' lang='lat' dir='ltr'>Salva</span> <span class='ocrx_word' id='word_1_250' title='bbox 1499 1366 1720 1401; x_wconf 82' lang='lat' dir='ltr'>nihilominus</span> <span class='ocrx_word' id='word_1_251' title='bbox 1750 1366 1825 1399; x_wconf 89' lang='lat' dir='ltr'>Par-</span> 
     </span>
     <span class='ocr_line' id='line_1_24' title="bbox 337 1412 1824 1467; baseline -0.007 -10"><span class='ocrx_word' id='word_1_252' title='bbox 337 1423 425 1457; x_wconf 89' lang='lat' dir='ltr'>tibus</span> <span class='ocrx_word' id='word_1_253' title='bbox 453 1421 715 1467; x_wconf 77' lang='lat' dir='ltr'>collitigantibus</span> <span class='ocrx_word' id='word_1_254' title='bbox 738 1419 897 1455; x_wconf 85' lang='lat' dir='ltr'>facultate</span> <span class='ocrx_word' id='word_1_255' title='bbox 927 1418 1124 1453; x_wconf 85' lang='lat' dir='ltr'>recurrendi</span> <span class='ocrx_word' id='word_1_256' title='bbox 1153 1419 1193 1452; x_wconf 85' lang='lat' dir='ltr'>ad</span> <span class='ocrx_word' id='word_1_257' title='bbox 1207 1418 1420 1463; x_wconf 86' lang='lat' dir='ltr'>Signaturam</span> <span class='ocrx_word' id='word_1_258' title='bbox 1447 1417 1608 1450; x_wconf 86' lang='lat' dir='ltr'>Nostram</span> <span class='ocrx_word' id='word_1_259' title='bbox 1628 1413 1774 1448; x_wconf 88' lang='lat' dir='ltr'>Iustitiae</span> <span class='ocrx_word' id='word_1_260' title='bbox 1791 1412 1824 1447; x_wconf 89' lang='lat' dir='ltr'>in</span> 
     </span>
     <span class='ocr_line' id='line_1_25' title="bbox 336 1461 1829 1515; baseline -0.007 -9"><span class='ocrx_word' id='word_1_261' title='bbox 336 1470 468 1506; x_wconf 88' lang='lat' dir='ltr'>casibus</span> <span class='ocrx_word' id='word_1_262' title='bbox 498 1470 704 1515; x_wconf 83' lang='lat' dir='ltr'>purgationis</span> <span class='ocrx_word' id='word_1_263' title='bbox 733 1468 860 1512; x_wconf 77' lang='lat' dir='ltr'>spolii,</span> <span class='ocrx_word' id='word_1_264' title='bbox 880 1475 1145 1504; x_wconf 84' lang='lat' dir='ltr'>attentatorum,</span> <span class='ocrx_word' id='word_1_265' title='bbox 1177 1475 1211 1499; x_wconf 89' lang='lat' dir='ltr'>et</span> <span class='ocrx_word' id='word_1_266' title='bbox 1234 1464 1395 1499; x_wconf 85' lang='lat' dir='ltr'>nullitatis</span> <span class='ocrx_word' id='word_1_267' title='bbox 1426 1462 1662 1507; x_wconf 86' lang='lat' dir='ltr'>praedictorum</span> <span class='ocrx_word' id='word_1_268' title='bbox 1696 1461 1829 1496; x_wconf 87' lang='lat' dir='ltr'>ludica-</span> 
     </span>
     <span class='ocr_line' id='line_1_26' title="bbox 337 1510 1826 1562; baseline -0.006 -9"><span class='ocrx_word' id='word_1_269' title='bbox 337 1529 449 1553; x_wconf 85' lang='lat' dir='ltr'>torum</span> <span class='ocrx_word' id='word_1_270' title='bbox 472 1542 481 1558; x_wconf 92' lang='lat'><strong>,</strong></span> <span class='ocrx_word' id='word_1_271' title='bbox 515 1517 724 1562; x_wconf 81' lang='lat' dir='ltr'>aliorumque</span> <span class='ocrx_word' id='word_1_272' title='bbox 742 1516 968 1550; x_wconf 86' lang='lat' dir='ltr'>Decretorum</span> <span class='ocrx_word' id='word_1_273' title='bbox 985 1537 997 1553; x_wconf 87' lang='lat'>‚</span> <span class='ocrx_word' id='word_1_274' title='bbox 1023 1522 1057 1547; x_wconf 91' lang='lat' dir='ltr'>et</span> <span class='ocrx_word' id='word_1_275' title='bbox 1072 1516 1237 1548; x_wconf 85' lang='lat' dir='ltr'>Actorum</span> <span class='ocrx_word' id='word_1_276' title='bbox 1253 1538 1262 1553; x_wconf 95' lang='lat'>,</span> <span class='ocrx_word' id='word_1_277' title='bbox 1292 1523 1438 1558; x_wconf 87' lang='lat' dir='ltr'>quorum</span> <span class='ocrx_word' id='word_1_278' title='bbox 1455 1520 1635 1554; x_wconf 78' lang='lat' dir='ltr'>propterea</span> <span class='ocrx_word' id='word_1_279' title='bbox 1677 1510 1826 1544; x_wconf 87' lang='lat' dir='ltr'>circum·</span> 
     </span>
     <span class='ocr_line' id='line_1_27' title="bbox 337 1558 1827 1612; baseline -0.007 -10"><span class='ocrx_word' id='word_1_280' title='bbox 337 1567 478 1612; x_wconf 87' lang='lat' dir='ltr'>scriptio</span> <span class='ocrx_word' id='word_1_281' title='bbox 505 1576 617 1599; x_wconf 85' lang='lat' dir='ltr'>coram</span> <span class='ocrx_word' id='word_1_282' title='bbox 648 1565 762 1598; x_wconf 79' lang='lat' dir='ltr'>eadem</span> <span class='ocrx_word' id='word_1_283' title='bbox 782 1565 958 1606; x_wconf 68' lang='lat' dir='ltr'>Signatmra</span> <span class='ocrx_word' id='word_1_284' title='bbox 991 1562 1131 1597; x_wconf 64' lang='lat' dir='ltr'>Iustitiae</span> <span class='ocrx_word' id='word_1_285' title='bbox 1160 1571 1320 1606; x_wconf 66' lang='lat' dir='ltr'>petatur-3</span> <span class='ocrx_word' id='word_1_286' title='bbox 1357 1560 1389 1592; x_wconf 88' lang='lat' dir='ltr'>in</span> <span class='ocrx_word' id='word_1_287' title='bbox 1405 1558 1526 1602; x_wconf 88' lang='lat' dir='ltr'>quibus</span> <span class='ocrx_word' id='word_1_288' title='bbox 1554 1559 1632 1592; x_wconf 81' lang='lat' dir='ltr'>sane</span> <span class='ocrx_word' id='word_1_289' title='bbox 1651 1558 1784 1593; x_wconf 84' lang='lat' dir='ltr'>casibus</span> <span class='ocrx_word' id='word_1_290' title='bbox 1815 1580 1827 1597; x_wconf 92' lang='lat'><strong>,</strong></span> 
     </span>
     <span class='ocr_line' id='line_1_28' title="bbox 340 1606 1828 1660; baseline -0.006 -10"><span class='ocrx_word' id='word_1_291' title='bbox 340 1617 507 1660; x_wconf 78' lang='lat' dir='ltr'>integrum</span> <span class='ocrx_word' id='word_1_292' title='bbox 525 1612 568 1647; x_wconf 83' lang='lat' dir='ltr'>sit</span> <span class='ocrx_word' id='word_1_293' title='bbox 584 1611 917 1656; x_wconf 79' lang='lat' dir='ltr'>eidemSignaturae,</span> <span class='ocrx_word' id='word_1_294' title='bbox 961 1610 1135 1654; x_wconf 70' lang='lat' dir='ltr'>praedictas</span> <span class='ocrx_word' id='word_1_295' title='bbox 1168 1611 1297 1643; x_wconf 86' lang='lat' dir='ltr'>Causas</span> <span class='ocrx_word' id='word_1_296' title='bbox 1325 1607 1433 1641; x_wconf 87' lang='lat' dir='ltr'>minus</span> <span class='ocrx_word' id='word_1_297' title='bbox 1465 1617 1583 1652; x_wconf 81' lang='lat' dir='ltr'>graves</span> <span class='ocrx_word' id='word_1_298' title='bbox 1610 1606 1828 1642; x_wconf 86' lang='lat' dir='ltr'>committere</span> 
     </span>
     <span class='ocr_line' id='line_1_29' title="bbox 343 1654 1832 1700; baseline -0.005 -1"><span class='ocrx_word' id='word_1_299' title='bbox 343 1664 444 1699; x_wconf 85' lang='lat' dir='ltr'>alicui</span> <span class='ocrx_word' id='word_1_300' title='bbox 464 1674 504 1697; x_wconf 85' lang='lat' dir='ltr'>ex</span> <span class='ocrx_word' id='word_1_301' title='bbox 525 1660 672 1696; x_wconf 81' lang='lat' dir='ltr'>Praelatis</span> <span class='ocrx_word' id='word_1_302' title='bbox 689 1684 699 1700; x_wconf 86' lang='lat'>,</span> <span class='ocrx_word' id='word_1_303' title='bbox 736 1668 792 1694; x_wconf 86' lang='lat' dir='ltr'>aut</span> <span class='ocrx_word' id='word_1_304' title='bbox 807 1671 860 1693; x_wconf 88' lang='lat' dir='ltr'>eas</span> <span class='ocrx_word' id='word_1_305' title='bbox 885 1658 1057 1692; x_wconf 85' lang='lat' dir='ltr'>remittere</span> <span class='ocrx_word' id='word_1_306' title='bbox 1083 1658 1123 1692; x_wconf 89' lang='lat' dir='ltr'>ad</span> <span class='ocrx_word' id='word_1_307' title='bbox 1141 1655 1356 1691; x_wconf 81' lang='lat' dir='ltr'>Cardinalem</span> <span class='ocrx_word' id='word_1_308' title='bbox 1393 1654 1564 1690; x_wconf 89' lang='lat' dir='ltr'>Vicarium</span> <span class='ocrx_word' id='word_1_309' title='bbox 1580 1679 1592 1696; x_wconf 93' lang='lat'>‚</span> <span class='ocrx_word' id='word_1_310' title='bbox 1628 1664 1685 1690; x_wconf 87' lang='lat' dir='ltr'>aut</span> <span class='ocrx_word' id='word_1_311' title='bbox 1701 1656 1832 1691; x_wconf 80' lang='lat' dir='ltr'>Causa-</span> 
     </span>
     <span class='ocr_line' id='line_1_30' title="bbox 342 1704 1833 1753; baseline -0.006 -5"><span class='ocrx_word' id='word_1_312' title='bbox 342 1725 416 1748; x_wconf 88' lang='lat' dir='ltr'>rum</span> <span class='ocrx_word' id='word_1_313' title='bbox 436 1710 554 1746; x_wconf 86' lang='lat' dir='ltr'>Curiae</span> <span class='ocrx_word' id='word_1_314' title='bbox 584 1710 738 1744; x_wconf 78' lang='lat' dir='ltr'>Camerae</span> <span class='ocrx_word' id='word_1_315' title='bbox 757 1706 1136 1753; x_wconf 69' lang='lat' dir='ltr'>praedictae&#39;Generalem</span> <span class='ocrx_word' id='word_1_316' title='bbox 1157 1704 1358 1740; x_wconf 87' lang='lat' dir='ltr'>Auditorem</span> <span class='ocrx_word' id='word_1_317' title='bbox 1375 1725 1385 1741; x_wconf 70' lang='lat'>2</span> <span class='ocrx_word' id='word_1_318' title='bbox 1418 1714 1521 1750; x_wconf 83' lang='lat' dir='ltr'>prout</span> <span class='ocrx_word' id='word_1_319' title='bbox 1542 1704 1686 1750; x_wconf 86' lang='lat' dir='ltr'>ipsarum</span> <span class='ocrx_word' id='word_1_320' title='bbox 1702 1706 1833 1740; x_wconf 88' lang='lat' dir='ltr'>Causa-</span> 
     </span>
     <span class='ocr_line' id='line_1_31' title="bbox 343 1754 1834 1806; baseline -0.006 -9"><span class='ocrx_word' id='word_1_321' title='bbox 343 1773 416 1797; x_wconf 88' lang='lat' dir='ltr'>rum</span> <span class='ocrx_word' id='word_1_322' title='bbox 447 1760 620 1806; x_wconf 87' lang='lat' dir='ltr'>qualitates</span> <span class='ocrx_word' id='word_1_323' title='bbox 638 1783 648 1798; x_wconf 94' lang='lat'>‚</span> <span class='ocrx_word' id='word_1_324' title='bbox 682 1766 715 1792; x_wconf 90' lang='lat' dir='ltr'>et</span> <span class='ocrx_word' id='word_1_325' title='bbox 734 1757 901 1792; x_wconf 86' lang='lat' dir='ltr'>dictorum</span> <span class='ocrx_word' id='word_1_326' title='bbox 934 1754 1166 1790; x_wconf 86' lang='lat' dir='ltr'>Tribunalium</span> <span class='ocrx_word' id='word_1_327' title='bbox 1194 1754 1372 1789; x_wconf 83' lang='lat' dir='ltr'>facultates</span> <span class='ocrx_word' id='word_1_328' title='bbox 1401 1754 1591 1799; x_wconf 76' lang='lat' dir='ltr'>respective</span> <span class='ocrx_word' id='word_1_329' title='bbox 1617 1754 1792 1800; x_wconf 84' lang='lat' dir='ltr'>exegerint</span> <span class='ocrx_word' id='word_1_330' title='bbox 1822 1776 1834 1787; x_wconf 82' lang='grc'><strong>.</strong></span> 
     </span>
    </p>

    <p class='ocr_par' dir='ltr' id='par_1_4' title="bbox 342 1802 1837 2383">
     <span class='ocr_line' id='line_1_32' title="bbox 439 1802 1836 1852; baseline -0.006 -8"><span class='ocrx_word' id='word_1_331' title='bbox 439 1811 547 1844; x_wconf 78' lang='lat' dir='ltr'>Porro</span> <span class='ocrx_word' id='word_1_332' title='bbox 572 1809 691 1843; x_wconf 84' lang='lat' dir='ltr'>Causae</span> <span class='ocrx_word' id='word_1_333' title='bbox 710 1806 880 1852; x_wconf 84' lang='lat' dir='ltr'>graviores</span> <span class='ocrx_word' id='word_1_334' title='bbox 900 1828 910 1844; x_wconf 92' lang='lat'>,</span> <span class='ocrx_word' id='word_1_335' title='bbox 929 1813 961 1839; x_wconf 91' lang='lat' dir='ltr'>et</span> <span class='ocrx_word' id='word_1_336' title='bbox 976 1812 1223 1849; x_wconf 80' lang='lat' dir='ltr'>consequenter</span> <span class='ocrx_word' id='word_1_337' title='bbox 1242 1802 1377 1839; x_wconf 85' lang='lat' dir='ltr'>Rotales</span> <span class='ocrx_word' id='word_1_338' title='bbox 1393 1827 1403 1843; x_wconf 88' lang='lat'>,</span> <span class='ocrx_word' id='word_1_339' title='bbox 1434 1812 1467 1838; x_wconf 91' lang='lat' dir='ltr'>et</span> <span class='ocrx_word' id='word_1_340' title='bbox 1483 1814 1548 1838; x_wconf 91' lang='lat' dir='ltr'>non</span> <span class='ocrx_word' id='word_1_341' title='bbox 1564 1803 1751 1840; x_wconf 81' lang='lat' dir='ltr'>Praelatitiae</span> <span class='ocrx_word' id='word_1_342' title='bbox 1766 1827 1776 1843; x_wconf 89' lang='lat'>‚</span> <span class='ocrx_word' id='word_1_343' title='bbox 1798 1809 1836 1837; x_wconf 88' lang='lat' dir='ltr'>ut</span> 
     </span>
     <span class='ocr_line' id='line_1_33' title="bbox 342 1851 1836 1905; baseline -0.006 -10"><span class='ocrx_word' id='word_1_344' title='bbox 342 1870 441 1905; x_wconf 87' lang='lat' dir='ltr'>supra</span> <span class='ocrx_word' id='word_1_345' title='bbox 458 1883 469 1899; x_wconf 90' lang='lat'>‚</span> <span class='ocrx_word' id='word_1_346' title='bbox 496 1866 691 1894; x_wconf 87' lang='lat' dir='ltr'>censeantur</span> <span class='ocrx_word' id='word_1_347' title='bbox 706 1879 716 1896; x_wconf 91' lang='lat'><strong>,</strong></span> <span class='ocrx_word' id='word_1_348' title='bbox 742 1864 775 1889; x_wconf 89' lang='lat' dir='ltr'>et</span> <span class='ocrx_word' id='word_1_349' title='bbox 790 1853 914 1890; x_wconf 87' lang='lat' dir='ltr'>censeri</span> <span class='ocrx_word' id='word_1_350' title='bbox 928 1854 1070 1888; x_wconf 85' lang='lat' dir='ltr'>debeant</span> <span class='ocrx_word' id='word_1_351' title='bbox 1088 1854 1209 1888; x_wconf 83' lang='lat' dir='ltr'>Causae</span> <span class='ocrx_word' id='word_1_352' title='bbox 1232 1864 1348 1887; x_wconf 90' lang='lat' dir='ltr'>omnes</span> <span class='ocrx_word' id='word_1_353' title='bbox 1363 1852 1394 1886; x_wconf 91' lang='lat' dir='ltr'>in</span> <span class='ocrx_word' id='word_1_354' title='bbox 1407 1853 1529 1898; x_wconf 91' lang='lat' dir='ltr'>quibus</span> <span class='ocrx_word' id='word_1_355' title='bbox 1545 1851 1653 1898; x_wconf 84' lang='lat' dir='ltr'>agitur</span> <span class='ocrx_word' id='word_1_356' title='bbox 1667 1854 1707 1887; x_wconf 88' lang='lat' dir='ltr'>de</span> <span class='ocrx_word' id='word_1_357' title='bbox 1725 1852 1836 1894; x_wconf 76' lang='lat' dir='ltr'>juris-</span> 
     </span>
     <span class='ocr_line' id='line_1_34' title="bbox 343 1899 1837 1950; baseline -0.006 -6"><span class='ocrx_word' id='word_1_358' title='bbox 343 1908 574 1948; x_wconf 82' lang='lat' dir='ltr'>dictionibus,</span> <span class='ocrx_word' id='word_1_359' title='bbox 601 1904 898 1950; x_wconf 84' lang='lat' dir='ltr'>exemptionibus,</span> <span class='ocrx_word' id='word_1_360' title='bbox 928 1903 1165 1949; x_wconf 88' lang='lat' dir='ltr'>adoptionibns</span> <span class='ocrx_word' id='word_1_361' title='bbox 1180 1926 1190 1942; x_wconf 94' lang='lat'>‚</span> <span class='ocrx_word' id='word_1_362' title='bbox 1217 1901 1428 1948; x_wconf 88' lang='lat' dir='ltr'>sponsalibus</span> <span class='ocrx_word' id='word_1_363' title='bbox 1445 1925 1455 1942; x_wconf 91' lang='lat'>‚</span> <span class='ocrx_word' id='word_1_364' title='bbox 1486 1901 1727 1941; x_wconf 85' lang='lat' dir='ltr'>filiationibus,</span> <span class='ocrx_word' id='word_1_365' title='bbox 1757 1899 1837 1947; x_wconf 79' lang='lat' dir='ltr'>legi-</span> 
     </span>
     <span class='ocr_line' id='line_1_35' title="bbox 343 1949 1830 2001; baseline -0.006 -9"><span class='ocrx_word' id='word_1_366' title='bbox 343 1957 544 1993; x_wconf 84' lang='lat' dir='ltr'>timitatibus</span> <span class='ocrx_word' id='word_1_367' title='bbox 561 1981 572 1997; x_wconf 90' lang='lat'>,</span> <span class='ocrx_word' id='word_1_368' title='bbox 603 1952 889 2001; x_wconf 82' lang='lat' dir='ltr'>praeeminentiis,</span> <span class='ocrx_word' id='word_1_369' title='bbox 931 1962 962 1988; x_wconf 93' lang='lat' dir='ltr'>et</span> <span class='ocrx_word' id='word_1_370' title='bbox 977 1951 1235 1998; x_wconf 81' lang='lat' dir='ltr'>praecedentiis,</span> <span class='ocrx_word' id='word_1_371' title='bbox 1268 1949 1408 1993; x_wconf 80' lang='lat' dir='ltr'>juribus</span> <span class='ocrx_word' id='word_1_372' title='bbox 1429 1962 1567 1997; x_wconf 88' lang='lat' dir='ltr'>quoque</span> <span class='ocrx_word' id='word_1_373' title='bbox 1594 1951 1792 1986; x_wconf 87' lang='lat' dir='ltr'>Patronatus</span> <span class='ocrx_word' id='word_1_374' title='bbox 1819 1970 1830 1987; x_wconf 91' lang='lat'>,</span> 
     </span>
     <span class='ocr_line' id='line_1_36' title="bbox 344 1996 1834 2050; baseline -0.009 -8"><span class='ocrx_word' id='word_1_375' title='bbox 344 2006 485 2050; x_wconf 85' lang='lat' dir='ltr'>aliisque</span> <span class='ocrx_word' id='word_1_376' title='bbox 519 2004 711 2041; x_wconf 86' lang='lat' dir='ltr'>honorificis</span> <span class='ocrx_word' id='word_1_377' title='bbox 736 2001 955 2042; x_wconf 76' lang='lat' dir='ltr'>nomi-nandi,</span> <span class='ocrx_word' id='word_1_378' title='bbox 984 2001 1153 2047; x_wconf 81' lang='lat' dir='ltr'>eligendi,</span> <span class='ocrx_word' id='word_1_379' title='bbox 1180 2000 1373 2036; x_wconf 87' lang='lat' dir='ltr'>conferendi</span> <span class='ocrx_word' id='word_1_380' title='bbox 1391 2024 1400 2040; x_wconf 84' lang='lat'><strong>,</strong></span> <span class='ocrx_word' id='word_1_381' title='bbox 1428 2009 1462 2035; x_wconf 91' lang='lat' dir='ltr'>et</span> <span class='ocrx_word' id='word_1_382' title='bbox 1480 2000 1675 2036; x_wconf 84' lang='lat' dir='ltr'>similibus:</span> <span class='ocrx_word' id='word_1_383' title='bbox 1704 2007 1760 2034; x_wconf 85' lang='lat' dir='ltr'>aut</span> <span class='ocrx_word' id='word_1_384' title='bbox 1791 1996 1834 2030; x_wconf 88' lang='lat' dir='ltr'>de</span> 
     </span>
     <span class='ocr_line' id='line_1_37' title="bbox 345 2044 1832 2100; baseline -0.008 -10"><span class='ocrx_word' id='word_1_385' title='bbox 345 2055 482 2097; x_wconf 73' lang='lat' dir='ltr'>=iuribus</span> <span class='ocrx_word' id='word_1_386' title='bbox 503 2054 690 2091; x_wconf 87' lang='lat' dir='ltr'>decimandi</span> <span class='ocrx_word' id='word_1_387' title='bbox 707 2076 718 2093; x_wconf 92' lang='lat'>‚</span> <span class='ocrx_word' id='word_1_388' title='bbox 746 2050 943 2100; x_wconf 88' lang='lat' dir='ltr'>quotizandi</span> <span class='ocrx_word' id='word_1_389' title='bbox 956 2074 967 2091; x_wconf 94' lang='lat'>,</span> <span class='ocrx_word' id='word_1_390' title='bbox 995 2051 1135 2096; x_wconf 87' lang='lat' dir='ltr'>aliisque</span> <span class='ocrx_word' id='word_1_391' title='bbox 1151 2049 1343 2086; x_wconf 88' lang='lat' dir='ltr'>similibus:</span> <span class='ocrx_word' id='word_1_392' title='bbox 1373 2050 1494 2085; x_wconf 84' lang='lat' dir='ltr'>Causae</span> <span class='ocrx_word' id='word_1_393' title='bbox 1508 2060 1646 2095; x_wconf 89' lang='lat' dir='ltr'>quoque</span> <span class='ocrx_word' id='word_1_394' title='bbox 1660 2044 1832 2081; x_wconf 87' lang='lat' dir='ltr'>servitutis</span> 
     </span>
     <span class='ocr_line' id='line_1_38' title="bbox 346 2095 1834 2149; baseline -0.007 -11"><span class='ocrx_word' id='word_1_395' title='bbox 346 2103 525 2149; x_wconf 89' lang='lat' dir='ltr'>personalis</span> <span class='ocrx_word' id='word_1_396' title='bbox 540 2117 550 2146; x_wconf 77' lang='lat'><em>3</em></span> <span class='ocrx_word' id='word_1_397' title='bbox 577 2113 610 2139; x_wconf 89' lang='lat' dir='ltr'>et</span> <span class='ocrx_word' id='word_1_398' title='bbox 627 2102 829 2149; x_wconf 81' lang='lat' dir='ltr'>generaliter</span> <span class='ocrx_word' id='word_1_399' title='bbox 857 2112 974 2136; x_wconf 89' lang='lat' dir='ltr'>omnes</span> <span class='ocrx_word' id='word_1_400' title='bbox 991 2123 1002 2139; x_wconf 87' lang='lat'>‚</span> <span class='ocrx_word' id='word_1_401' title='bbox 1027 2108 1060 2134; x_wconf 91' lang='lat' dir='ltr'>et</span> <span class='ocrx_word' id='word_1_402' title='bbox 1080 2100 1221 2145; x_wconf 80' lang='lat' dir='ltr'>singulae</span> <span class='ocrx_word' id='word_1_403' title='bbox 1236 2100 1356 2133; x_wconf 85' lang='lat' dir='ltr'>Causae</span> <span class='ocrx_word' id='word_1_404' title='bbox 1372 2097 1596 2140; x_wconf 69' lang='lat' dir='ltr'>pecuniariae,</span> <span class='ocrx_word' id='word_1_405' title='bbox 1616 2103 1650 2129; x_wconf 88' lang='lat' dir='ltr'>et</span> <span class='ocrx_word' id='word_1_406' title='bbox 1665 2095 1810 2139; x_wconf 85' lang='lat' dir='ltr'>profanae</span> <span class='ocrx_word' id='word_1_407' title='bbox 1825 2115 1834 2131; x_wconf 85' lang='lat'>‚</span> 
     </span>
     <span class='ocr_line' id='line_1_39' title="bbox 346 2143 1831 2189; baseline -0.007 -3"><span class='ocrx_word' id='word_1_408' title='bbox 346 2162 418 2186; x_wconf 88' lang='lat' dir='ltr'>tum</span> <span class='ocrx_word' id='word_1_409' title='bbox 435 2153 702 2187; x_wconf 80' lang='lat' dir='ltr'>Citramontanae</span> <span class='ocrx_word' id='word_1_410' title='bbox 715 2175 725 2189; x_wconf 89' lang='lat'>‚</span> <span class='ocrx_word' id='word_1_411' title='bbox 750 2159 821 2184; x_wconf 88' lang='lat' dir='ltr'>tum</span> <span class='ocrx_word' id='word_1_412' title='bbox 837 2152 879 2184; x_wconf 90' lang='lat' dir='ltr'>de</span> <span class='ocrx_word' id='word_1_413' title='bbox 893 2150 1047 2182; x_wconf 87' lang='lat' dir='ltr'>Partibus</span> <span class='ocrx_word' id='word_1_414' title='bbox 1068 2149 1156 2179; x_wconf 88' lang='lat' dir='ltr'>ultra</span> <span class='ocrx_word' id='word_1_415' title='bbox 1171 2148 1304 2179; x_wconf 91' lang='lat' dir='ltr'>Montes</span> <span class='ocrx_word' id='word_1_416' title='bbox 1316 2144 1434 2188; x_wconf 87' lang='lat' dir='ltr'>positis</span> <span class='ocrx_word' id='word_1_417' title='bbox 1448 2166 1459 2182; x_wconf 89' lang='lat'>,</span> <span class='ocrx_word' id='word_1_418' title='bbox 1477 2143 1719 2188; x_wconf 79' lang='lat' dir='ltr'>infrascriptam</span> <span class='ocrx_word' id='word_1_419' title='bbox 1738 2155 1831 2177; x_wconf 91' lang='lat' dir='ltr'>sum-</span> 
     </span>
     <span class='ocr_line' id='line_1_40' title="bbox 345 2191 1834 2244; baseline -0.006 -10"><span class='ocrx_word' id='word_1_420' title='bbox 345 2211 431 2234; x_wconf 85' lang='lat' dir='ltr'>mam</span> <span class='ocrx_word' id='word_1_421' title='bbox 454 2200 642 2244; x_wconf 76' lang='lat' dir='ltr'>respective</span> <span class='ocrx_word' id='word_1_422' title='bbox 663 2198 870 2241; x_wconf 70' lang='lat' dir='ltr'>‚attingentes</span> <span class='ocrx_word' id='word_1_423' title='bbox 887 2217 897 2232; x_wconf 91' lang='lat'><strong>,</strong></span> <span class='ocrx_word' id='word_1_424' title='bbox 924 2194 1185 2227; x_wconf 85' lang='lat' dir='ltr'>Citramontanae</span> <span class='ocrx_word' id='word_1_425' title='bbox 1200 2192 1359 2227; x_wconf 86' lang='lat' dir='ltr'>nimirum</span> <span class='ocrx_word' id='word_1_426' title='bbox 1374 2215 1384 2230; x_wconf 90' lang='lat'>‚</span> <span class='ocrx_word' id='word_1_427' title='bbox 1410 2191 1461 2230; x_wconf 83' lang='lat' dir='ltr'>si,</span> <span class='ocrx_word' id='word_1_428' title='bbox 1490 2201 1522 2225; x_wconf 79' lang='lat' dir='ltr'>et</span> <span class='ocrx_word' id='word_1_429' title='bbox 1538 2200 1702 2236; x_wconf 88' lang='lat' dir='ltr'>quatenus</span> <span class='ocrx_word' id='word_1_430' title='bbox 1720 2202 1834 2226; x_wconf 86' lang='lat' dir='ltr'>earum</span> 
     </span>
     <span class='ocr_line' id='line_1_41' title="bbox 345 2239 1835 2287; baseline -0.005 -5"><span class='ocrx_word' id='word_1_431' title='bbox 345 2247 439 2282; x_wconf 89' lang='lat' dir='ltr'>valor</span> <span class='ocrx_word' id='word_1_432' title='bbox 454 2272 463 2287; x_wconf 91' lang='lat'>‚</span> <span class='ocrx_word' id='word_1_433' title='bbox 491 2257 525 2282; x_wconf 90' lang='lat' dir='ltr'>et</span> <span class='ocrx_word' id='word_1_434' title='bbox 537 2245 713 2282; x_wconf 86' lang='lat' dir='ltr'>aestimatio</span> <span class='ocrx_word' id='word_1_435' title='bbox 729 2245 770 2278; x_wconf 87' lang='lat' dir='ltr'>ad</span> <span class='ocrx_word' id='word_1_436' title='bbox 782 2253 946 2278; x_wconf 82' lang='lat' dir='ltr'>summam</span> <span class='ocrx_word' id='word_1_437' title='bbox 959 2265 970 2280; x_wconf 92' lang='lat'>‚</span> <span class='ocrx_word' id='word_1_438' title='bbox 1004 2251 1036 2275; x_wconf 90' lang='lat' dir='ltr'>et</span> <span class='ocrx_word' id='word_1_439' title='bbox 1052 2240 1268 2284; x_wconf 88' lang='lat' dir='ltr'>quantitatem</span> <span class='ocrx_word' id='word_1_440' title='bbox 1294 2239 1556 2284; x_wconf 83' lang='lat' dir='ltr'>quingentorum</span> <span class='ocrx_word' id='word_1_441' title='bbox 1586 2248 1759 2275; x_wconf 88' lang='lat' dir='ltr'>scutorum</span> <span class='ocrx_word' id='word_1_442' title='bbox 1775 2251 1835 2274; x_wconf 87' lang='lat' dir='ltr'>au-</span> 
     </span>
     <span class='ocr_line' id='line_1_42' title="bbox 347 2287 1837 2335; baseline -0.004 -5"><span class='ocrx_word' id='word_1_443' title='bbox 347 2295 399 2335; x_wconf 83' lang='lat' dir='ltr'>ri,</span> <span class='ocrx_word' id='word_1_444' title='bbox 427 2295 496 2331; x_wconf 78' lang='lat' dir='ltr'>aliae</span> <span class='ocrx_word' id='word_1_445' title='bbox 518 2296 605 2330; x_wconf 72' lang='lat' dir='ltr'>vero</span> <span class='ocrx_word' id='word_1_446' title='bbox 626 2295 666 2326; x_wconf 90' lang='lat' dir='ltr'>de</span> <span class='ocrx_word' id='word_1_447' title='bbox 683 2293 838 2326; x_wconf 85' lang='lat' dir='ltr'>Partibus</span> <span class='ocrx_word' id='word_1_448' title='bbox 858 2290 944 2324; x_wconf 89' lang='lat' dir='ltr'>ultra</span> <span class='ocrx_word' id='word_1_449' title='bbox 959 2289 1093 2322; x_wconf 87' lang='lat' dir='ltr'>Montes</span> <span class='ocrx_word' id='word_1_450' title='bbox 1108 2312 1118 2327; x_wconf 92' lang='lat'>‚</span> <span class='ocrx_word' id='word_1_451' title='bbox 1158 2288 1349 2322; x_wconf 75' lang='lat' dir='ltr'>dummodo</span> <span class='ocrx_word' id='word_1_452' title='bbox 1375 2287 1521 2334; x_wconf 86' lang='lat' dir='ltr'>ipsarum</span> <span class='ocrx_word' id='word_1_453' title='bbox 1547 2288 1645 2323; x_wconf 87' lang='lat' dir='ltr'>valor</span> <span class='ocrx_word' id='word_1_454' title='bbox 1659 2312 1669 2328; x_wconf 87' lang='lat'>‚</span> <span class='ocrx_word' id='word_1_455' title='bbox 1702 2299 1736 2324; x_wconf 81' lang='lat' dir='ltr'>et</span> <span class='ocrx_word' id='word_1_456' title='bbox 1750 2287 1837 2326; x_wconf 84' lang='lat' dir='ltr'>aesti-</span> 
     </span>
     <span class='ocr_line' id='line_1_43' title="bbox 348 2336 1687 2383; baseline -0.006 -4"><span class='ocrx_word' id='word_1_457' title='bbox 348 2344 451 2380; x_wconf 88' lang='lat' dir='ltr'>matio</span> <span class='ocrx_word' id='word_1_458' title='bbox 467 2345 506 2378; x_wconf 86' lang='lat' dir='ltr'>ad</span> <span class='ocrx_word' id='word_1_459' title='bbox 522 2352 686 2378; x_wconf 89' lang='lat' dir='ltr'>summam</span> <span class='ocrx_word' id='word_1_460' title='bbox 705 2338 796 2374; x_wconf 89' lang='lat' dir='ltr'>mille</span> <span class='ocrx_word' id='word_1_461' title='bbox 808 2346 982 2374; x_wconf 88' lang='lat' dir='ltr'>scutorum</span> <span class='ocrx_word' id='word_1_462' title='bbox 999 2336 1070 2371; x_wconf 88' lang='lat' dir='ltr'>auri</span> <span class='ocrx_word' id='word_1_463' title='bbox 1085 2336 1246 2372; x_wconf 86' lang='lat' dir='ltr'>similium</span> <span class='ocrx_word' id='word_1_464' title='bbox 1264 2361 1274 2377; x_wconf 92' lang='lat'>‚</span> <span class='ocrx_word' id='word_1_465' title='bbox 1303 2337 1493 2383; x_wconf 72' lang='lat' dir='ltr'>respective</span> <span class='ocrx_word' id='word_1_466' title='bbox 1506 2338 1663 2372; x_wconf 86' lang='lat' dir='ltr'>ascendat</span> <span class='ocrx_word' id='word_1_467' title='bbox 1677 2362 1687 2372; x_wconf 86' lang='lat'>.</span> 
     </span>
    </p>

    <p class='ocr_par' dir='ltr' id='par_1_5' title="bbox 447 2385 1834 2434">
     <span class='ocr_line' id='line_1_44' title="bbox 447 2385 1834 2434; baseline -0.005 -6"><span class='ocrx_word' id='word_1_468' title='bbox 447 2395 531 2428; x_wconf 80' lang='lat' dir='ltr'>Item</span> <span class='ocrx_word' id='word_1_469' title='bbox 555 2393 683 2426; x_wconf 89' lang='lat' dir='ltr'>Causas</span> <span class='ocrx_word' id='word_1_470' title='bbox 714 2398 829 2434; x_wconf 84' lang='lat' dir='ltr'>graves</span> <span class='ocrx_word' id='word_1_471' title='bbox 843 2411 853 2427; x_wconf 91' lang='lat'>,</span> <span class='ocrx_word' id='word_1_472' title='bbox 887 2395 920 2421; x_wconf 90' lang='lat' dir='ltr'>et</span> <span class='ocrx_word' id='word_1_473' title='bbox 935 2395 1181 2431; x_wconf 84' lang='lat' dir='ltr'>consequenter</span> <span class='ocrx_word' id='word_1_474' title='bbox 1214 2385 1349 2421; x_wconf 83' lang='lat' dir='ltr'>Rotales</span> <span class='ocrx_word' id='word_1_475' title='bbox 1365 2410 1375 2426; x_wconf 92' lang='lat'>‚</span> <span class='ocrx_word' id='word_1_476' title='bbox 1407 2398 1443 2421; x_wconf 88' lang='lat' dir='ltr'>ac</span> <span class='ocrx_word' id='word_1_477' title='bbox 1459 2385 1594 2421; x_wconf 78' lang='lat' dir='ltr'>minime</span> <span class='ocrx_word' id='word_1_478' title='bbox 1611 2386 1806 2422; x_wconf 82' lang='lat' dir='ltr'>Praelatitias</span> <span class='ocrx_word' id='word_1_479' title='bbox 1823 2409 1834 2426; x_wconf 93' lang='lat'><strong>,</strong></span> 
     </span>
    </p>

    <p class='ocr_par' dir='ltr' id='par_1_6' title="bbox 351 2433 1835 2617">
     <span class='ocr_line' id='line_1_45' title="bbox 351 2433 1834 2488; baseline -0.007 -9"><span class='ocrx_word' id='word_1_480' title='bbox 351 2444 391 2479; x_wconf 83' lang='lat' dir='ltr'>ad</span> <span class='ocrx_word' id='word_1_481' title='bbox 411 2441 657 2488; x_wconf 59' lang='lat' dir='ltr'>praemissorum</span> <span class='ocrx_word' id='word_1_482' title='bbox 689 2438 844 2475; x_wconf 78' lang='lat' dir='ltr'>effectum</span> <span class='ocrx_word' id='word_1_483' title='bbox 865 2461 875 2477; x_wconf 92' lang='lat'>,</span> <span class='ocrx_word' id='word_1_484' title='bbox 896 2436 1111 2472; x_wconf 66' lang='lat' dir='ltr'>,decernimus</span> <span class='ocrx_word' id='word_1_485' title='bbox 1137 2434 1371 2481; x_wconf 83' lang='lat' dir='ltr'>intelligendas</span> <span class='ocrx_word' id='word_1_486' title='bbox 1397 2445 1468 2469; x_wconf 89' lang='lat' dir='ltr'>esse</span> <span class='ocrx_word' id='word_1_487' title='bbox 1481 2460 1491 2475; x_wconf 94' lang='lat'>‚</span> <span class='ocrx_word' id='word_1_488' title='bbox 1522 2444 1554 2470; x_wconf 89' lang='lat' dir='ltr'>et</span> <span class='ocrx_word' id='word_1_489' title='bbox 1567 2435 1642 2470; x_wconf 86' lang='lat' dir='ltr'>fore</span> <span class='ocrx_word' id='word_1_490' title='bbox 1657 2436 1782 2472; x_wconf 85' lang='lat' dir='ltr'>Causas</span> <span class='ocrx_word' id='word_1_491' title='bbox 1799 2433 1834 2469; x_wconf 85' lang='lat' dir='ltr'>il-</span> 
     </span>
     <span class='ocr_line' id='line_1_46' title="bbox 359 2480 1832 2534; baseline -0.007 -7"><span class='ocrx_word' id='word_1_492' title='bbox 359 2491 403 2527; x_wconf 87' lang='lat' dir='ltr'>las</span> <span class='ocrx_word' id='word_1_493' title='bbox 424 2489 640 2526; x_wconf 83' lang='lat' dir='ltr'>Beneficiales</span> <span class='ocrx_word' id='word_1_494' title='bbox 655 2513 664 2528; x_wconf 94' lang='lat'>‚</span> <span class='ocrx_word' id='word_1_495' title='bbox 694 2488 724 2522; x_wconf 91' lang='lat' dir='ltr'>in</span> <span class='ocrx_word' id='word_1_496' title='bbox 740 2486 861 2534; x_wconf 89' lang='lat' dir='ltr'>quibus</span> <span class='ocrx_word' id='word_1_497' title='bbox 884 2484 997 2532; x_wconf 84' lang='lat' dir='ltr'>agitur</span> <span class='ocrx_word' id='word_1_498' title='bbox 1020 2487 1060 2519; x_wconf 93' lang='lat' dir='ltr'>de</span> <span class='ocrx_word' id='word_1_499' title='bbox 1073 2483 1190 2519; x_wconf 90' lang='lat' dir='ltr'>Titulo</span> <span class='ocrx_word' id='word_1_500' title='bbox 1220 2483 1411 2523; x_wconf 86' lang='lat' dir='ltr'>Beneficii,</span> <span class='ocrx_word' id='word_1_501' title='bbox 1437 2496 1473 2519; x_wconf 89' lang='lat' dir='ltr'>ac</span> <span class='ocrx_word' id='word_1_502' title='bbox 1489 2485 1623 2526; x_wconf 78' lang='lat' dir='ltr'>dejure</span> <span class='ocrx_word' id='word_1_503' title='bbox 1641 2485 1673 2520; x_wconf 91' lang='lat' dir='ltr'>in</span> <span class='ocrx_word' id='word_1_504' title='bbox 1694 2497 1750 2526; x_wconf 85' lang='lat' dir='ltr'>re,</span> <span class='ocrx_word' id='word_1_505' title='bbox 1780 2480 1832 2518; x_wconf 87' lang='lat' dir='ltr'>vel</span> 
     </span>
     <span class='ocr_line' id='line_1_47' title="bbox 356 2533 1832 2585; baseline -0.007 -10"><span class='ocrx_word' id='word_1_506' title='bbox 356 2541 396 2575; x_wconf 84' lang='lat' dir='ltr'>ad</span> <span class='ocrx_word' id='word_1_507' title='bbox 410 2551 479 2575; x_wconf 89' lang='lat' dir='ltr'>rem</span> <span class='ocrx_word' id='word_1_508' title='bbox 495 2563 505 2580; x_wconf 86' lang='lat'>‚</span> <span class='ocrx_word' id='word_1_509' title='bbox 539 2539 656 2585; x_wconf 79' lang='lat' dir='ltr'>nempe</span> <span class='ocrx_word' id='word_1_510' title='bbox 673 2539 712 2573; x_wconf 84' lang='lat' dir='ltr'>ad</span> <span class='ocrx_word' id='word_1_511' title='bbox 729 2537 839 2584; x_wconf 77' lang='lat' dir='ltr'>ipsum</span> <span class='ocrx_word' id='word_1_512' title='bbox 856 2534 1065 2572; x_wconf 88' lang='lat' dir='ltr'>Beneficium</span> <span class='ocrx_word' id='word_1_513' title='bbox 1080 2546 1092 2575; x_wconf 84' lang='lat'>3</span> <span class='ocrx_word' id='word_1_514' title='bbox 1124 2533 1211 2569; x_wconf 87' lang='lat' dir='ltr'>sicut</span> <span class='ocrx_word' id='word_1_515' title='bbox 1236 2533 1334 2570; x_wconf 85' lang='lat' dir='ltr'>etiam</span> <span class='ocrx_word' id='word_1_516' title='bbox 1354 2534 1481 2569; x_wconf 81' lang='lat' dir='ltr'>Causas</span> <span class='ocrx_word' id='word_1_517' title='bbox 1497 2544 1598 2581; x_wconf 88' lang='lat' dir='ltr'>super</span> <span class='ocrx_word' id='word_1_518' title='bbox 1612 2533 1832 2571; x_wconf 88' lang='lat' dir='ltr'>Pensionibus</span> 
     </span>
     <span class='ocr_line' id='line_1_48' title="bbox 1719 2579 1835 2617; baseline -0.017 0"><span class='ocrx_word' id='word_1_519' title='bbox 1719 2579 1835 2617; x_wconf 84' lang='lat' dir='ltr'>Eccle-</span> 
     </span>
    </p>
   </div>
  </div>
 </body>
</html>
