1952 3167
371 310 437 341 502
738 299 801 333 DE
827 295 938 340 JURE
965 295 1247 332 SIGNATURAE
1273 294 1484 337 JUSTITIAE

368 355 521 391 tardare,
547 348 602 384 vel
634 348 816 393 impedire,
863 348 923 381 sub
963 354 1147 391 praetextu,
1177 347 1266 390 quod
1295 357 1313 379 a
1358 342 1530 379 Cardinali
1572 342 1759 382 Praefecto,
1787 340 1845 395 vel

368 404 438 443 ejus
471 397 636 434 Auditore
655 420 665 436 ,
694 406 749 430 aut
777 406 894 430 eorum
939 394 1084 436 Notario
1129 393 1323 438 subscriptae
1361 404 1424 427 non
1465 392 1617 431 fuerint,
1648 392 1708 425 sub
1738 400 1844 435 poenis

371 448 534 495 expressis
566 446 596 480 in
630 446 719 479 dicta
760 444 885 478 Nostra
916 443 1174 477 Constitutione
1205 447 1251 475 De
1286 452 1347 473 non
1386 441 1590 484 impedienda
1625 440 1845 484 exequutione

372 499 589 533 citationum,
618 495 880 531 mandatorum,
911 488 1120 535 aliarur'nque
1152 490 1385 521 Provisionum
1416 492 1563 527 Romana
1591 488 1714 525 curm,
1743 497 1845 532 quam

370 549 410 583 ad
438 548 493 581 has
520 554 655 590 quoque
687 540 875 576 Citationes
902 538 1096 571 Camerales
1126 535 1324 580 impressas,
1358 544 1390 568 et
1421 545 1485 567 non
1517 534 1743 578 subscriptas,
1769 546 1848 578 qua-

371 604 467 630 tenus
490 604 575 638 opus
603 591 671 629 sit,
703 586 939 623 extendimus,
972 594 1003 618 et
1031 583 1254 628 ampliamus,
1290 581 1481 617 memoratis
1511 581 1628 617 Literis
1655 581 1847 617 secretariae

372 644 507 681 Status,
541 638 665 674 Edictis
693 637 924 680 Legatorum,
948 632 1152 677 coeterisque
1187 630 1362 666 contrariis
1402 630 1673 677 quibuscumque
1706 629 1845 665 minime

370 689 578 725 obstantibus
598 709 608 720 .
1815 725 1823 731 .

469 741 515 772 At
540 735 649 773 vero,
672 743 711 766 ne
741 730 857 770 utilis,
887 737 922 763 et
949 727 1104 773 antiquus
1131 727 1266 762 istarum
1296 727 1505 765 Citationum
1532 740 1612 764 usus
1642 734 1785 762 transeat
1814 737 1847 760 in

373 790 538 825 abusum,
567 792 599 817 et
631 780 860 825 corruptelam
877 802 886 818 ,
912 790 929 812 a
959 778 1113 822 praedicta
1143 774 1286 821 generali
1313 779 1428 822 regula
1443 786 1616 823 sequentes
1636 787 1731 811 casus
1755 775 1845 809 exci-

373 836 484 880 pimus
500 857 510 873 ‚
527 841 558 866 et
587 840 824 875 praeservamus
841 852 850 861 .
879 825 994 860 Primo
1023 824 1183 859 videlicet
1198 848 1207 863 ,
1226 825 1251 859 si
1283 837 1346 859 una
1373 838 1413 861 ex
1433 827 1585 861 Partibus
1605 826 1770 860 mediante
1787 822 1847 857 Ci-

373 883 498 917 tatione
529 879 679 925 legitime
707 887 871 921 exequuta
903 874 1100 920 praevenerit
1131 873 1226 908 aliam
1259 885 1369 909 coram
1402 875 1578 921 Signatura
1606 872 1749 919 Legati,
1789 882 1849 905 seu

373 929 611 972 Vice-Legati3
643 934 676 959 et
702 925 812 959 multo
842 923 945 967 magis
971 922 997 955 si
1027 922 1172 966 Legatus
1188 946 1198 961 ,
1227 931 1283 956 aut
1301 923 1541 969 Vite-Legatus
1559 946 1569 962 ,
1603 922 1661 966 qui
1679 922 1800 955 habeat
1817 921 1847 954 in

372 976 438 1012 cuis
475 973 685 1010 facultatibus
722 972 822 1006 etiam
852 970 1044 1005 facultatem
1075 970 1278 1015 Signaturae,
1310 970 1340 1004 in
1376 973 1488 1006 Causa
1517 973 1580 1011 jam
1609 968 1848 1013 rescripserit:

371 1026 467 1059 Tunc
482 1023 568 1058 enim
586 1033 650 1056 non
665 1019 804 1066 amplius
820 1019 1009 1053 Citationes
1029 1018 1202 1062 praedictas
1216 1030 1329 1053 coram
1347 1019 1523 1065 Signatura
1543 1018 1694 1057 lustitiae,
1711 1019 1850 1062 ejusque

369 1074 560 1110 Praefecto,
587 1068 651 1115 gvel
682 1069 876 1107 Auditore,
908 1067 1032 1101 attendi
1060 1066 1242 1106 volumus,
1271 1069 1328 1102 sed
1358 1069 1467 1104 solum
1498 1067 1630 1103 admitti
1674 1075 1849 1101 recursum

371 1122 412 1156 ad
442 1121 651 1167 Signaturam
681 1117 830 1157 Gratiae,
859 1125 892 1150 et
920 1124 1159 1161 consequenter
1194 1116 1300 1150 nullas
1329 1116 1406 1152 alias
1448 1119 1637 1152 Citationes
1667 1114 1843 1150 attenden-

369 1171 427 1204 das
470 1181 564 1208 esse,
589 1167 651 1201 vel*
673 1165 801 1200 afficere
827 1190 838 1205 ‚
863 1176 962 1209 quam
995 1164 1182 1198 Citationes
1215 1165 1374 1209 speciales
1408 1168 1448 1200 ab
1489 1166 1657 1200 Auditore
1686 1164 1842 1202 Nostro,

370 1227 403 1252 et
429 1218 633 1251 Pontificum
659 1225 722 1259 pro
751 1223 904 1258 tempore
929 1212 1166 1247 Successorum
1183 1214 1384 1248 Nostrorum
1405 1237 1414 1253 ‚
1434 1215 1636 1258 subscriptas
1652 1236 1662 1246 .

466 1266 552 1300 Item
580 1263 768 1298 citationes
794 1261 1191 1301 eiusmodiCamerales,
1221 1271 1254 1296 et
1271 1274 1332 1295 non
1351 1264 1556 1306 subscriptas
1571 1273 1632 1306 pro
1655 1259 1762 1294 nihilo
1791 1259 1846 1292 ha-

370 1313 443 1349 beri
470 1313 652 1351 volumus,
679 1320 779 1355 atque
810 1310 946 1354 impune
973 1309 1083 1353 sperni
1109 1321 1206 1355 posse
1223 1333 1234 1349 ,
1259 1311 1375 1344 tamin
1394 1311 1516 1346 Causis
1541 1319 1680 1345 summae
1705 1308 1845 1352 appella-

369 1363 470 1401 bilis,
497 1364 658 1407 quatenus
688 1361 815 1394 citetur
838 1360 877 1392 ad
908 1356 1089 1392 videndum
1116 1358 1328 1402 supersederi
1355 1371 1463 1403 usque
1489 1357 1528 1394 ad
1554 1358 1692 1404 primam
1728 1357 1844 1399 Signa<

369 1419 476 1444 turam
496 1432 505 1448 ,
536 1410 636 1453 quam
668 1408 699 1441 in
729 1407 850 1441 Causis
880 1417 1018 1440 summa:
1050 1406 1282 1447 recurribilis,
1311 1416 1472 1452 quatenus
1503 1407 1626 1441 citetur
1648 1407 1690 1440 ud
1724 1402 1845 1436 viden-

369 1460 449 1491 dum
482 1455 692 1499 subdelegari
718 1456 870 1488 Iudicem
904 1457 934 1486 in
961 1453 1107 1496 partibus
1137 1455 1170 1486 in
1190 1456 1297 1498 gradu
1324 1467 1502 1494 recursus,
1531 1453 1663 1498 quoties
1691 1452 1841 1484 nondum

368 1507 409 1540 ab
435 1504 508 1548 ipso
537 1503 652 1537 Iudice
683 1503 724 1535 de
751 1502 904 1535 Partibus
933 1500 1187 1544 pronunciatum
1206 1503 1270 1536 fuit
1297 1504 1350 1537 vel
1378 1514 1437 1546 per
1457 1501 1686 1537 Sententiam,
1712 1497 1767 1531 vel
1786 1508 1844 1541 per

367 1553 554 1587 Decretum
589 1550 824 1587 definitivum,
852 1557 1113 1592 aut,gravamen
1141 1550 1258 1584 saltem
1293 1550 1432 1584 inferens
1457 1549 1621 1589 ejusmodi
1643 1571 1653 1587 ,
1678 1547 1768 1591 quod
1787 1548 1844 1580 de·
1891 1586 1895 1589 ,

367 1601 480 1643 inceps
506 1609 565 1643 per
595 1597 698 1641 ipsam
735 1595 956 1630 Definitivam
988 1597 1133 1640 reparari
1165 1606 1330 1641 nequeat.
1362 1598 1466 1644 Qod
1492 1597 1519 1631 si
1549 1598 1655 1631 Iudex
1681 1597 1722 1628 de
1739 1594 1844 1628 Parti-

367 1649 429 1683 bus
456 1647 488 1680 in
519 1646 631 1680 Causa
646 1645 712 1684 jam
744 1643 961 1683 decreverit,
987 1655 1045 1677 seu
1059 1645 1358 1688 pronunciaverit,
1388 1655 1424 1680 ut
1440 1656 1565 1691 supra,
1595 1644 1754 1678 volumus
1783 1641 1844 1676 Ci-

363 1696 510 1731 tationes
540 1693 715 1739 praedictas
742 1692 881 1727 omnino
895 1692 1047 1731 attendi,
1075 1701 1107 1725 et
1136 1690 1311 1733 inhibere,
1339 1694 1601 1729 etiamsicontra
1623 1690 1774 1727 debitum
1791 1692 1845 1730 ju-

369 1744 413 1779 ris
440 1739 594 1777 ordinem
621 1741 654 1775 in
684 1742 795 1775 Causa
823 1751 960 1775 summae
987 1739 1194 1785 appellabilis
1222 1742 1360 1777 citatum
1387 1743 1491 1778 fuerit
1506 1744 1545 1777 ad
1569 1741 1750 1776 videndum
1767 1740 1845 1774 sub-

367 1791 515 1837 delegari
542 1789 642 1825 alium
668 1790 822 1825 Iudicem
847 1790 877 1823 in
909 1789 1013 1835 gradu
1040 1799 1219 1829 recursw,
1247 1790 1299 1825 vel
1328 1792 1359 1824 in
1379 1792 1492 1826 Causa
1507 1789 1709 1836 simpliciter
1726 1796 1841 1823 secura

365 1839 456 1876 ribili
484 1840 624 1873 citatum
652 1838 753 1873 fuerit
782 1839 821 1872 ad
847 1838 1029 1873 videndum
1061 1838 1294 1882 supersederi.
1327 1841 1367 1874 Et
1398 1840 1507 1875 solum
1538 1840 1570 1873 in
1602 1839 1692 1873 hisce
1708 1836 1840 1872 casibus

363 1888 544 1924 Praefectus
573 1888 787 1932 Signatum,
818 1885 872 1921 vel
898 1888 968 1926 eius
1005 1886 1153 1921 Auditor
1186 1888 1343 1931 supplere
1370 1898 1525 1923 teneatur
1558 1888 1730 1923 defectum
1762 1886 1842 1927 Par-

366 1938 449 1972 tium
467 1960 477 1976 ,
495 1936 546 1970 vel
565 1936 790 1970 Defensorum
809 1958 821 1975 ,
849 1935 1034 1970 mandando
1060 1936 1269 1980 supersederi
1297 1936 1327 1970 in
1361 1938 1482 1972 Causis
1516 1948 1646 1972 summe
1663 1935 1842 1980 appellabi-

368 1985 407 2020 lis
423 2009 432 2025 ‚
447 1994 480 2018 et
499 1985 687 2029 respective
703 1984 956 2031 subdelegando
972 1984 1121 2018 Iudicem
1144 1983 1174 2018 in
1194 1986 1297 2030 gradu
1317 1996 1468 2021 recursus
1483 2010 1494 2026 ‚
1514 1987 1647 2032 quando
1667 1985 1777 2019 Causa
1790 1986 1839 2016 est

365 2033 474 2068 solum
505 2032 735 2073 recurribilis3
761 2032 939 2072 Decretis,
967 2045 1025 2067 seu
1046 2033 1359 2069 Reformationibus
1384 2034 1567 2082 Signaturae
1585 2059 1596 2075 ‚
1623 2033 1839 2079 quibuscum-

367 2093 433 2127 que
464 2079 535 2116 aliis
562 2081 593 2115 in
623 2082 827 2116 contrarium
857 2093 923 2116 non
950 2080 1158 2116 obstantibus
1183 2105 1193 2115 .

462 2130 547 2162 Item
581 2131 713 2173 quando
740 2131 852 2174 agitur
878 2131 925 2164 de-
946 2141 1078 2163 summa
1104 2140 1170 2161 non
1202 2131 1385 2162 excedente
1405 2137 1498 2163 scuta
1519 2128 1666 2173 quinque
1695 2134 1837 2162 monetae

366 2175 399 2209 in
422 2175 578 2218 ‘Regione
609 2177 795 2214 currentis3
823 2175 876 2208 vel
906 2177 1038 2219 quando
1067 2175 1132 2211 iarn
1158 2176 1276 2209 adsunt
1305 2175 1337 2209 in
1365 2177 1477 2211 Causa
1504 2179 1572 2211 duo
1597 2176 1745 2216 judicata
1760 2187 1838 2210 con-

363 2222 513 2257 secutiva
539 2231 573 2256 et
595 2222 807 2262 conformia3
837 2219 889 2256 vel
908 2222 1042 2266 quando
1059 2221 1168 2266 agitur
1180 2223 1221 2257 de
1238 2224 1388 2258 mercede
1411 2224 1550 2264 diurna,
1579 2233 1637 2259 aut
1655 2232 1836 2263 menstrua,

364 2269 535 2305 autetiam
561 2271 602 2304 de
629 2269 793 2304 alimentis
821 2269 964 2308 futuris;
993 2269 1046 2304 vel
1076 2271 1207 2313 quando
1235 2271 1348 2316 agitur
1377 2272 1418 2307 de
1446 2273 1660 2308 restitutione
1689 2272 1836 2317 depositi

359 2318 462 2354 «etiam
492 2317 681 2363 irregularis
707 2328 825 2352 contra
852 2317 1108 2361 Depositarium
1126 2341 1137 2357 ,
1162 2328 1217 2354 aut
1248 2319 1289 2353 de
1325 2319 1492 2356 solutione
1521 2321 1694 2356 Schedulae
1719 2345 1730 2360 ,
1761 2331 1835 2366 quae

361 2366 465 2412 vulgo
491 2365 616 2401 dicitur
639 2366 789 2412 ‘Pagherb
810 2373 870 2412 per
899 2366 1108 2405 amaranti,
1137 2375 1194 2401 aut
1211 2367 1397 2404 Literarum
1415 2369 1552 2404 Cambii
1569 2393 1579 2410 ,
1607 2379 1663 2404 aut
1679 2370 1832 2405 Onerum

360 2413 609 2454 Cameralium‚
639 2415 693 2450 vel
722 2413 1125 2455 Communitativorum3
1151 2416 1194 2450 Et
1219 2415 1364 2462 denique
1394 2429 1469 2452 cum
1499 2417 1611 2463 agitur
1636 2419 1677 2452 de
1690 2417 1830 2453 solutio-

360 2474 400 2496 ne
431 2464 634 2504 Canonum,
660 2471 716 2498 aut
748 2462 951 2498 Pensionum
976 2464 1110 2498 Domus
1127 2487 1139 2503 ‚
1166 2463 1292 2499 nullum
1321 2476 1496 2501 recursum
1529 2467 1561 2500 in
1589 2467 1786 2512 suspensivo
1811 2479 1831 2501 a

363 2511 535 2548 Cardinali
556 2512 718 2551 Praefecto
744 2512 955 2559 signatura,
987 2511 1041 2548 vel
1068 2513 1138 2553 ejus
1168 2512 1337 2550 Auditore
1364 2515 1495 2553 admitti
1510 2513 1694 2558 volumus,
1720 2514 1822 2549 sedin

1744 2573 1824 2606 prae-
