1993 3195
628 326 665 368 C
699 329 739 369 A
771 329 800 368 Ρ
831 330 871 371 U
905 328 942 371 T
997 328 1033 371 Ι.
1541 351 1558 379 1

75 387 288 448 firmiliares
316 384 511 428 abstinere
526 385 634 428 omni
664 387 893 444 diligentia,
924 402 999 444 qua
1015 394 1163 443 potero,
1178 390 1395 445 procurabo
1411 407 1424 440 ς
1441 349 1557 436 excic-

80 447 192 493 Ientis
213 474 226 494 ,
244 456 281 486 et
289 445 506 502 poculentis
522 476 533 494 ,
550 460 626 486 non
645 443 919 498 fraudolentis‚
939 448 1152 488 dumtaxat
1171 448 1342 504 exceptis
1357 464 1366 488 z
1380 449 1435 490 ita
1459 455 1560 505 quod

74 521 149 565 per
165 519 225 546 me
241 535 252 553 ,
268 505 326 545 vel
332 520 405 560 per
421 504 536 546 alium
567 504 608 544 in
624 518 862 560 quocumque
877 520 967 546 casa
1001 504 1096 546 nilu'l
1119 506 1299 562 recipiam
1318 535 1329 553 ‚
1340 522 1442 548 neca
1462 510 1561 550 meis

73 562 332 621 familiaribus
348 563 468 619 recipi
478 563 702 621 permittam
725 563 805 604 sine
824 563 986 606 Domini
1003 566 1128 621 Papae
1141 596 1152 614 ,
1173 565 1231 606 vel
1246 565 1328 621 ejas
1347 565 1378 606 C
1377 567 1561 609 amerarii

82 622 238 666 licentia
257 621 411 679 speciali
427 653 440 671 ,
464 637 577 679 super
601 621 702 663 dicta
725 622 854 664 omnia
881 635 952 664 etc.

196 682 257 723 Ex
290 682 485 722 hactenus
517 681 631 722 dictis
661 693 768 737 patet
796 710 809 729 ,
845 682 959 737 quod
983 677 1228 735 ‘hujusmodi
1256 683 1450 735 Praebui,
1484 687 1559 728 nisi

79 741 182 784 inter
198 741 435 796 Signaturae
456 739 760 781 Referendarios
790 741 870 783 sint
887 741 1069 798 adscripti
1091 770 1102 788 ,
1133 754 1343 798 nequeunt
1360 758 1438 786 esse
1455 745 1560 801 judi·

79 815 142 842 ces
164 799 440 841 Commissarii
459 828 472 847 ,
509 799 745 841 Causarum
780 813 921 856 nempe
940 831 952 849 ‚
988 815 1091 856 quas
1119 802 1335 856 Signatum
1369 804 1561 845 Referen-

80 858 199 900 dariis
217 889 230 908 ‚
268 873 313 901 ut
330 857 422 900 alibi
443 857 664 900 dicendum
695 859 782 906 erit,-
802 860 1050 901 definiendas
1067 860 1277 903 committit
1296 890 1305 900 .
1338 862 1558 919 Eapropter

80 916 273 974 Philippus
301 916 441 960 Maria
475 917 653 959 Pirellius
677 948 690 967 ,
718 919 764 960 de
796 934 880 976 quo
912 918 1035 976 paulo
1068 932 1158 962 ante
1189 921 1311 962 verba
1360 921 1557 970 fecimus,

80 990 213 1032 quum
245 991 341 1020 esset
372 977 549 1020 Auditor
584 977 796 1020 Auditoris
838 978 1037 1021 Gamerae
1057 1011 1070 1029 ‚
1105 977 1228 1036 vulgo
1260 979 1311 1019 A.
1334 979 1378 1020 C.
1399 989 1500 1030 met,
1520 992 1557 1021 et

80 1047 242 1078 tantum
275 1038 327 1077 ab
360 1039 514 1078 honore
549 1037 693 1079 Secreti
720 1037 900 1079 cubiculi
949 1038 1154 1080 Pontificis
1181 1070 1194 1088 ,
1240 1051 1278 1080 et
1322 1038 1561 1081 Advocatus

83 1094 414 1142 Consistorialis‚
446 1096 493 1136 ad
512 1097 587 1137 hoc
605 1107 653 1137 ut
683 1093 809 1146 judex
834 1095 1145 1138 Commissarius
1181 1111 1261 1137 esse
1294 1096 1445 1152 possit,
1481 1097 1557 1138 do-

80 1166 159 1194 nec
185 1154 287 1193 inter
306 1154 610 1192 Referendarios
628 1153 935 1200 adscriberetur,
957 1155 1305 1204 quemadmodum
1323 1167 1457 1207 postea
1493 1170 1561 1195 an-

79 1224 136 1252 no
171 1222 296 1267 1751.
326 1209 546 1266 adscriptus
582 1208 692 1255 fuit,
729 1208 908 1250 obtinere
929 1209 1089 1252 curavit
1123 1210 1380 1250 pontificium
1420 1211 1560 1253 indul-

78 1281 194 1319 tum3
224 1282 350 1327 prout
383 1269 523 1325 legitur
557 1267 599 1308 in
636 1269 802 1324 Regesto
835 1265 1014 1320 ejusdem
1045 1268 1279 1311 Tribunalis
1322 1269 1560 1325 Signaturae

79 1328 188 1371 hisce
204 1328 336 1372 verbis
355 1345 364 1369 :
383 1326 422 1367 in
439 1326 649 1385 Signatum
667 1325 833 1367 iustitiae
848 1328 913 1368 clie
930 1339 973 1382 4.
996 1328 1204 1370 decembris
1229 1340 1351 1384 1749.
1370 1330 1416 1369 de
1446 1345 1561 1370 man-

79 1389 168 1430 dato
199 1385 510 1428 Eminentissimi
527 1386 690 1427 Domini
707 1386 739 1426 C
738 1386 921 1427 ardinalis
939 1386 1126 1441 Praefecti
1133 1385 1216 1439 fait
1232 1389 1281 1428 ab
1301 1388 1558 1429 Administra-

79 1460 161 1488 tore
187 1446 313 1500 Officii
329 1445 505 1487 Arclzivii
531 1446 725 1487 Romanae
747 1444 887 1486 Cariae
906 1446 1058 1502 publice
1089 1447 1186 1487 lecta
1221 1446 1327 1502 copia
1347 1446 1559 1504 Chirogra-

75 1505 146 1563 phi
162 1521 185 1546 a
205 1504 453 1548 Sanctis-simo
485 1504 653 1547 Domino
682 1515 810 1545 nostro
829 1504 1031 1546 Benedicta
1048 1506 1157 1548 XIV.
1179 1505 1348 1559 feliciter
1372 1519 1560 1563 regnante

80 1564 227 1623 signati
250 1579 366 1621 usque
393 1576 430 1606 et
444 1566 512 1606 sub
534 1564 595 1605 clie
617 1565 670 1605 28
703 1564 924 1605 novembris
934 1564 1112 1620 proxime
1124 1565 1326 1620 praeteriti
1339 1580 1456 1623 saper
1476 1564 1562 1606 ahi-

69 1624 252 1666 -Iitatione
268 1623 369 1666 lllrni
381 1655 394 1673 ‚
411 1633 449 1666 et
465 1623 554 1665 Rt'nz‘
574 1624 658 1664 Dn'i
676 1623 840 1680 Philippi
855 1621 1009 1667 Mariae
1026 1623 1150 1665 Pirelli
1166 1625 1359 1681 Advocati
1374 1626 1405 1666 C
1405 1623 1563 1665 oncisto-

84 1682 205 1733 rialis‚
224 1683 392 1739 ejusdem
412 1683 660 1724 Sanctissimi
677 1699 699 1724 a
720 1694 861 1725 secreto
875 1683 1044 1725 cubiculo
1063 1711 1076 1730 ,
1105 1695 1140 1723 et
1152 1683 1252 1724 Hlffzi
1268 1684 1417 1724 ACmet
1446 1683 1489 1723 in
1509 1680 1568 1723 ci-

80 1742 220 1784 vilibus
237 1743 450 1792 Auditoris,
465 1744 516 1784 ad
524 1742 781 1800 judicandam
799 1742 840 1783 in
859 1743 1037 1801 omnibus
1053 1774 1064 1791 ‚
1083 1753 1120 1783 et
1134 1742 1300 1800 singulis
1325 1741 1449 1785 causis
1461 1755 1568 1784 com-

82 1800 272 1844 missariis
307 1803 427 1844 etiam
449 1802 801 1860 Congregationam
837 1802 1142 1858 deputandarum
1162 1833 1174 1850 ,
1202 1801 1298 1842 acsi
1335 1812 1430 1842 esset
1459 1797 1567 1852 Refh-

83 1861 313 1907 rendarius,
344 1872 382 1900 et
418 1862 639 1900 indistincte
670 1863 717 1900 ab
753 1859 928 1900 omnibus
955 1859 1232 1911 Referenclariis
1267 1861 1466 1899 Romanae
1488 1857 1569 1897 Ca-

81 1917 178 1966 riae,
192 1930 228 1957 et
245 1931 332 1958 cnm
350 1913 784 1968 omnibusfiicultatibns
801 1916 1037 1964 necessariis,
1049 1926 1086 1956 et
1102 1916 1340 1971 opportunis,
1349 1914 1563 1968 jux-tason

83 1989 189 2017 mam
207 1984 244 2015 et
256 1974 391 2015 seriem
404 2003 416 2020 ,
432 1986 468 2013 et
491 1982 658 2011 tenorem
676 1973 842 2025 ejus-clem
865 1973 896 2011 C
895 1974 1125 2027 lzirographi
1133 1987 1206 2027 per
1220 1982 1335 2013 antea
1350 1972 1438 2027 jam
1459 1972 1564 2014 exhi-

85 2033 178 2082 biti,
210 2043 247 2074 et
272 2030 473 2089 registrati
502 2029 542 2070 in
558 2028 664 2069 libris
691 2027 859 2086 praefati
889 2029 1014 2082 Officii
1042 2030 1165 2072 dictae
1199 2032 1395 2072 Romanae
1424 2033 1457 2073 C
1457 2030 1564 2073 uriae

85 2093 153 2135 sub
177 2091 237 2133 die
266 2093 395 2150 prima
426 2087 609 2132 currentis
624 2119 637 2137 ‚
665 2089 716 2128 acl
741 2089 843 2145 quod
865 2099 934 2129 etc.
955 2103 1102 2130 necnon
1138 2089 1288 2148 rogitas
1296 2089 1568 2146 publicationis

86 2150 307 2207 hujusmodi
327 2165 403 2208 per
418 2151 545 2191 eadem
576 2157 661 2189 acta
689 2145 821 2201 factus
839 2148 909 2189 sub
925 2146 1024 2189 dicta
1044 2147 1104 2189 (lie
1132 2163 1172 2205 4.
1195 2148 1385 2192 currentis
1405 2149 1564 2197 mensis,

88 2219 125 2253 et
143 2209 236 2252 anni
261 2209 361 2268 (1).

206 2271 422 2326 Reliquum
439 2280 518 2318 est,
550 2282 598 2309 ne
617 2268 842 2324 quidquam
860 2268 959 2310 desit
977 2268 1226 2324 plenissimae
1245 2268 1468 2326 cognitioni
1492 2269 1569 2312 hu-

91 2326 201 2382 jusce
224 2328 482 2375 Tribunalis,
517 2339 560 2369 ut
581 2326 818 2370 disseramus
847 2329 894 2369 de
922 2328 1045 2369 modo
1064 2361 1078 2378 ,
1114 2328 1241 2370 forma
1261 2360 1274 2378 ‚
1315 2344 1359 2369 ac
1394 2341 1571 2384 ternpore

94 2400 323 2443 congressus
353 2388 553 2447 ejusdem3
579 2399 617 2428 et
633 2387 808 2443 primfim
827 2388 999 2429 habetur
1014 2386 1255 2443 Signaturae
1273 2385 1452 2434 Iustitiae
1469 2401 1571 2428 con-

1037 2445 1068 2485 F
1465 2460 1573 2502 gres-

1262 2516 1575 2529 --.-.-.--.

97 2517 787 2531 ———.*-—

135 2575 196 2619 (1)
221 2577 307 2608 Inter
333 2577 469 2608 notanda
485 2577 659 2618 Signaturae
676 2599 682 2604 -
