1952 3167
345 308 428 356 186
620 309 699 352 DE
728 309 869 359 JURE
900 306 1246 352 SIGNATURAE
1278 306 1541 357 JUSTITIAE

464 367 605 413 Urbini
654 369 804 416 Civitas
839 371 977 413 Rotam
999 401 1011 420 ‚
1042 368 1123 414 sive
1155 368 1364 428 Collegium
1389 369 1627 414 Doctorum,
1643 362 1792 412 habete

343 429 581 474 institutum
615 445 638 473 a
658 428 898 473 Guidobalclo
929 430 1035 472 Duci
1054 429 1245 472 Urbinate
1263 457 1276 476 ‚
1299 429 1369 470 *ad
1401 427 1478 469 hoc
1500 437 1545 467 ut
1574 423 1614 464 in
1653 437 1701 464 eo
1721 437 1794 480 ap-

342 489 579 549 pellationes
611 489 888 547 quatumlibet
929 489 1165 531 Causarum
1206 485 1608 533 Ecclesiasticarum,
1641 494 1680 525 et
1696 481 1790 524 Lai-

343 564 487 593 carum
505 549 628 593 totius
648 549 840 598 ditionis,
855 547 935 591 sive
959 559 1081 590 status
1104 546 1271 596 Urbini,
1291 544 1559 587 definirentur
1578 571 1588 582 .
1608 542 1789 598 illudque

343 609 629 652 confirmatum
659 606 736 651 fuit
762 623 784 650 a
820 607 927 656 Julio
953 620 1006 649 11.
1036 636 1050 655 ‚
1085 605 1156 649 Pio
1177 619 1233 651 1v.
1271 604 1448 648 Urbano
1467 615 1565 647 v111.
1603 599 1791 643 Clemen-

340 680 377 712 te
393 683 434 712 x.
475 683 518 712 et
548 670 715 711 demum
754 669 805 711 ab
834 668 1077 710 Innocentio
1104 680 1204 710 x111.
1239 667 1341 721 qui,
1368 676 1421 707 ut,
1446 675 1606 705 omnem
1641 659 1792 703 tolleret

347 727 662 786 disputationem
680 740 801 785 super
820 725 1000 783 ejusdem
1019 727 1189 784 Collegii
1205 724 1483 782 jurisdictione
1501 754 1514 772 ‚
1541 731 1791 779 cognoscen-

340 784 381 828 di
419 786 583 830 Causas
618 788 659 829 in
678 786 861 830 secunda
882 816 895 834 ‚
927 800 966 831 et
979 787 1096 832 tertia
1129 786 1323 830 instantia
1351 816 1364 835 ,
1395 782 1580 826 definitas
1611 779 1731 822 etiam
1764 792 1789 820 a

340 845 477 888 Curia
499 847 774 891 Ecclesiastica
793 878 807 897 ‚
828 846 1047 892 declaravit
1073 846 1115 888 in
1144 861 1218 889 sua
1235 843 1524 888 constitutione
1544 872 1556 891 ,
1574 853 1612 883 et
1642 839 1786 880 denuo

341 904 518 949 decrevit
554 920 677 961 atque
705 906 909 949 sancivit:
955 922 1116 956 omnes,
1150 916 1188 948 et
1203 918 1463 962 quascumque
1493 916 1630 944 causas
1656 898 1789 956 appel-

339 963 528 1004 lationum
545 994 559 1012 ,
573 964 891 1018 interpositarum
923 980 947 1006 α
967 965 1167 1006 sententiis
1181 995 1195 1014 ,
1207 979 1275 1005 seu
1295 963 1455 1005 decretis
1475 959 1561 1002 latis
1576 976 1599 1000 a
1632 958 1791 1014 quibus-

339 1034 502 1076 cumque
536 1021 734 1079 judicibus
766 1032 845 1063 tam
874 1023 1142 1065 ecclesiasticis
1160 1053 1173 1071 ‚
1208 1037 1326 1078 quam
1345 1019 1542 1063 laicalibus
1558 1017 1731 1061 omnium
1751 1023 1792 1057 et

338 1094 676 1138 quarumcumque
708 1079 920 1122 Civitatum
941 1113 955 1132 ‚
1003 1082 1211 1124 Terrarum
1243 1109 1256 1128 ,
1285 1082 1475 1124 Locorum
1514 1077 1725 1127 Ducntus‚
1755 1089 1793 1118 et

338 1140 564 1196 Legationis
582 1141 817 1184 Urbinnten.
835 1171 849 1190 ,
881 1141 1089 1197 (exceptis
1115 1151 1244 1183 tamen
1282 1137 1604 1198 Beneficialibus,
1635 1151 1687 1179 ac
1711 1136 1788 1183 iis,

340 1213 439 1254 quae
455 1199 580 1254 juxta
615 1199 840 1241 Tridentini
860 1199 1029 1242 Concilii
1062 1199 1353 1256 dispositionem
1375 1231 1388 1249 ,
1421 1199 1482 1240 vel
1500 1197 1603 1239 alias
1631 1197 1677 1237 cle
1694 1194 1788 1250 jure

339 1268 430 1297 sunt
458 1258 745 1314 inappellabiles
766 1289 779 1307 ‚
819 1274 869 1301 ac
900 1257 949 1300 iis
982 1259 1138 1315 insuper
1164 1259 1363 1314 exceptis,
1398 1273 1497 1313 quae
1508 1256 1618 1312 prius
1635 1255 1676 1294 in
1707 1253 1791 1293 Cu·

342 1315 402 1356 ria
428 1316 655 1373 Episcopali
684 1317 914 1359 Urlvinczten.
935 1346 948 1364 ‚
966 1318 1027 1365 vel
1047 1317 1096 1358 ab
1126 1316 1213 1359 alii-s
1234 1316 1437 1372 Judiciltus
1474 1312 1697 1357 Ordinariis
1716 1326 1791 1367 ap·

341 1374 596 1431 pellationum
631 1377 672 1418 in
696 1376 816 1426 locis,
845 1376 912 1419 ubi
943 1375 1116 1420 existunt
1148 1405 1161 1424 ,
1196 1387 1240 1419 ut
1262 1375 1529 1434 praemittitur
1542 1371 1790 1427 judicandae

345 1435 495 1490 erunt)
528 1435 570 1476 in
598 1435 777 1477 secundis
794 1466 807 1484 ‚
824 1451 891 1477 seu
918 1435 1043 1477 tertiis
1073 1435 1271 1477 instantiis
1289 1435 1446 1476 omnino
1479 1432 1625 1474 devolvi
1651 1431 1788 1472 debere

342 1493 394 1534 od
407 1493 653 1550 praedictum
689 1493 904 1552 Collegium
931 1495 1144 1536 Doctorum
1168 1525 1178 1535 .
1223 1495 1274 1536 Et
1306 1493 1472 1536 ulterius
1510 1490 1790 1548 praescripsit,

343 1565 396 1592 ne
430 1552 640 1610 appellatio
664 1566 965 1610 proponeretur
994 1553 1037 1594 in
1057 1552 1191 1595 Curia
1210 1553 1468 1610 Legationis,
1499 1551 1541 1592 in
1560 1547 1787 1592 Tribunali

340 1610 393 1651 A.
414 1610 468 1653 C.
504 1625 544 1654 et
567 1624 707 1654 coram
729 1627 996 1669 quocumque
1018 1612 1161 1666 Judice
1186 1613 1438 1671 privilegiato
1467 1613 1676 1653 Romanae
1694 1607 1790 1650 Cu-

341 1668 457 1719 riae3
492 1684 616 1728 prout
646 1685 754 1730 patet
786 1686 835 1714 ex
870 1672 976 1714 hisce
1004 1671 1090 1714 aliis
1117 1672 1243 1715 dictae
1273 1670 1595 1716 constitutionis
1626 1668 1788 1712 verbis:

343 1729 562 1772 Inhibentes
581 1759 594 1779 ,
610 1745 647 1773 et
663 1731 794 1774 stricte
817 1731 1176 1782 interdicentes,ne
1202 1734 1272 1775 hoc
1299 1732 1435 1775 omisso
1453 1730 1577 1774 medio
1603 1726 1790 1786 appellari

333 1788 469 1849 Ροξξίζ
490 1790 643 1849 aci-ipro
679 1801 853 1847 tempore
877 1790 1104 1847 existentem
1136 1791 1274 1832 Urbini
1297 1793 1486 1848 Legatum
1503 1821 1517 1840 ‚
1541 1804 1605 1832 seu
1637 1786 1789 1831 Vicele-

338 1850 472 1904 gdgum
491 1864 512 1897 ‚f
534 1864 604 1892 nec
632 1847 750 1891 etiam
788 1851 843 1892 ad
875 1849 1087 1891 Auditores
1112 1861 1264 1891 nostrae
1298 1849 1487 1892 Gamerae
1518 1846 1785 1907 Apostolicae,

308 1907 695 1966 »vellequoclcumque
726 1907 835 1952 aliud
861 1908 1151 1967 quamtumlibet
1169 1908 1462 1969 privilegiatum
1494 1939 1508 1958 ,
1550 1924 1599 1952 ac
1627 1905 1785 1964 speciali

335 1967 524 2018 mentione
551 1967 720 2027 dignum
748 1971 947 2013 Romanae
983 1967 1123 2010 Curiae
1159 1968 1372 2018 Tribunal,
1399 1969 1610 2017 acluclices
1629 1995 1640 2006 -
1667 1966 1723 2005 Et
1752 1961 1788 2005 εἰ

287 2040 291 2046 ·
334 2025 527 2082 appellari
543 2027 762 2086 *contigerit
783 2059 797 2080 ,
832 2028 963 2072 nullus
981 2028 1111 2087 judex
1134 2027 1176 2070 in
1196 2027 1385 2084 ejusmodi
1416 2028 1551 2071 Cnosis
1570 2039 1612 2068 se
1627 2022 1786 2080 ingere-

335 2098 376 2124 re
405 2085 528 2141 possit
545 2118 557 2137 ,
576 2087 652 2130 nisi
684 2087 817 2147 vigore
854 2088 1034 2146 specialis
1066 2088 1100 2127 C
1098 2087 1358 2127 ommission‘is
1373 2117 1387 2134 ,
1413 2101 1510 2141 quae
1529 2093 1658 2126 nostra
1677 2114 1690 2132 ‚
1724 2081 1787 2126 vel

339 2142 512 2186 Romani
527 2147 726 2203 Pontificis
741 2176 761 2196 2
768 2160 844 2202 pro
861 2156 1047 2199 tempore?
1065 2142 1266 2196 egis-tentis
1281 2173 1294 2192 ,
1313 2158 1431 2185 manu
1447 2147 1602 2203 signata
1622 2142 1751 2199 fuerit
1768 2171 1779 2184 .

335 2199 447 2242 ltaut
494 2204 640 2258 aliquis
671 2203 804 2250 Judex
823 2232 836 2251 ,
880 2201 943 2245 vel
977 2200 1181 2243 Tribunal
1228 2215 1404 2258 nequeat
1438 2218 1477 2244 se
1519 2205 1695 2263 ingerere
1738 2203 1780 2246 in

336 2258 575 2315 cognitione
610 2260 848 2318 hujusmodi
870 2274 1088 2303 causarum
1112 2274 1125 2311 ;
1158 2260 1253 2303 alies
1282 2263 1412 2305 omnia
1430 2277 1535 2319 gesta
1556 2297 1569 2315 ,
1603 2279 1640 2306 et
1655 2264 1780 2306 [lecre-

333 2328 373 2358 τα
393 2348 406 2367 ,
422 2326 614 2362 attentata
628 2351 641 2370 ,
657 2321 766 2363 nulla
785 2352 799 2371 ,
832 2332 871 2362 et
885 2320 995 2363 irrita
1016 2320 1096 2362 sint
1113 2334 1156 2362 eo
1172 2320 1254 2378 ipso
1276 2351 1285 2362 .
1310 2322 1383 2364 His
1400 2324 1537 2379 positis
1559 2323 1781 2365 indubium

334 2389 391 2419 est
410 2404 424 2423 ,
455 2378 711 2432 praedictum
728 2380 940 2439 Collegium
963 2408 976 2428 ‚
993 2380 1076 2423 sive
1111 2380 1248 2422 Rotam
1279 2380 1422 2424 Urbini
1449 2385 1622 2440 gaudere
1643 2382 1780 2441 priva-

333 2435 414 2479 tiva
454 2435 734 2489 jurisdictione
766 2439 1037 2497 cognoscendi
1069 2438 1117 2481 de
1146 2440 1410 2498 appellatione
1449 2444 1641 2487 adversus
1670 2440 1777 2496 judi—

334 2508 422 2539 cata
443 2495 672 2544 Curiorum
691 2532 706 2552 ,
732 2512 771 2544 et
790 2499 1080 2543 Tribunalium
1101 2500 1282 2545 Ducatus
1304 2501 1342 2545 U
1347 2500 1465 2546 mini.
1486 2504 1612 2563 quue
1631 2504 1672 2546 in
1690 2515 1778 2559 pra-

1729 2575 1772 2605 xi
