1993 3195
128 382 349 447 principalis
374 383 426 424 ad
451 381 654 426 videndum
687 384 819 439 reponi
834 400 857 425 a
884 400 1121 443 quocumque
1144 388 1298 432 decreto
1325 391 1483 435 nauiter
1500 425 1513 443 ‚
1546 353 1586 440 εἴ

132 444 297 489 indebite
309 451 462 485 extorto
482 471 494 490 ,
520 453 557 483 et
579 444 630 483 acl
646 444 877 485 audiendam
898 446 1129 487 voluntatem
1160 447 1408 492 Illustrissz‘mi
1425 451 1585 498 Domini

132 518 245 560 super
269 500 528 559 propositione
549 500 694 545 Causae
729 503 769 543 in
791 503 913 558 plena
952 504 1170 563 Signatum
1187 534 1200 553 ,
1225 517 1263 548 et
1296 507 1501 551 Decretum
1535 516 1586 555 acl

128 578 173 620 p.
197 564 238 604 d.
255 571 327 603 etc.
349 559 517 602 instante
532 562 580 603 R.
605 562 657 602 D.
678 561 1015 605 Franciscantonio
1032 563 1143 605 Ferri
1159 565 1372 623 principali
1388 596 1400 615 ,
1421 568 1498 610 sive
1514 581 1586 615 etc.

1157 624 1388 681 Paparotius
1404 657 1414 667 .

255 677 449 720 Relatione
456 677 563 733 facta
581 679 798 735 comparuit
817 680 1008 723 Dominus
1020 682 1216 725 Antonius
1229 685 1275 726 de
1287 684 1482 728 Maximis
1497 687 1589 730 Pro-

138 751 294 782 curator
309 769 322 787 ,
349 738 460 794 petiit
475 768 488 786 ,
515 749 550 779 et
567 738 731 780 obtinuit
751 767 761 786 ‚
790 749 832 780 ut
847 755 971 795 supra,
984 770 993 780 .

255 797 323 838 Ex
341 808 432 843 tunc
465 796 750 838 Illustrissimus
778 797 971 840 Dominus
992 800 1157 856 reposuit
1173 817 1195 842 a
1216 816 1457 860 quocumque
1494 820 1587 847 con-

136 855 256 897 trario
269 857 419 898 decreto
438 869 516 897 tam
537 857 631 898 R.P.
641 857 691 895 D.
706 856 917 906 Auditorz's,
931 873 1044 914 quam
1060 859 1370 902 Eminentissimi
1383 864 1461 903 SJ.
1483 865 1588 906 Prae-

129 912 228 968 fecti
243 945 255 963 ‚
287 926 324 956 et
347 914 544 957 mandavit
557 914 723 972 proponi
742 916 906 958 Causam
927 917 967 957 in
986 918 1200 976 Signatum
1219 921 1358 976 absque
1381 922 1459 962 ulla
1476 937 1589 979 prae-

139 972 286 1014 cedeuti
301 974 484 1017 Actorum
503 975 819 1032 transportatione
835 1007 847 1024 ,
874 975 1040 1018 exhibito
1053 979 1261 1020 dumtaxat
1277 978 1315 1019 in
1325 977 1461 1031 fronte
1478 982 1588 1022 Sum-

141 1030 255 1072 marii
284 1033 430 1074 decrero
448 1064 461 1082 ,
476 1048 544 1074 seu
562 1033 744 1074 sententia
759 1064 771 1081 ,
785 1050 809 1075 a
827 1034 963 1089 quibus
979 1037 1202 1091 appellatur
1217 1068 1229 1085 ,
1262 1052 1340 1077 una
1361 1052 1447 1078 cum
1483 1035 1589 1080 com-

140 1089 318 1131 missione
338 1119 351 1138 ,
389 1103 505 1147 atque
522 1091 620 1131 idem
640 1091 680 1132 in
701 1102 894 1147 posterum
912 1095 1140 1136 seruandum
1160 1109 1237 1137 esse
1255 1095 1422 1137 declarat
1437 1097 1479 1138 in
1503 1112 1591 1153 quo·

139 1147 239 1187 libet>
256 1148 334 1186 alio
353 1163 442 1187 casu
459 1150 676 1188 occurrenti
694 1177 706 1187 .
869 1160 871 1162 ’
1382 1150 1387 1156 ’

263 1203 326 1244 Eo
345 1217 522 1260 namquo
550 1204 709 1245 decreto
734 1206 965 1254 consultum
997 1207 1075 1247 fuit
1092 1208 1236 1252 abusui
1256 1207 1337 1259 jam
1356 1208 1591 1254 introducto

143 1263 376 1320 asportandi
403 1264 555 1318 integra
581 1275 667 1304 acta
684 1295 696 1312 ,
728 1276 765 1305 et
785 1262 847 1304 illa
869 1265 969 1306 inter
999 1279 1085 1307 acta
1119 1266 1278 1307 Notarii
1317 1267 1502 1312 Archivii
1524 1285 1595 1311 ru·-

143 1322 343 1372 bricandi,
354 1324 465 1379 (pro
482 1335 563 1377 qua
581 1322 837 1364 rubricatum
869 1323 1111 1366 solvendum
1129 1336 1213 1365 erat
1233 1338 1428 1368 statutum
1447 1329 1595 1370 emolu-

144 1393 328 1422 mentum
363 1382 415 1437 ),
446 1395 483 1423 et
509 1392 724 1436 postquam
764 1381 973 1423 commissa
1002 1399 1022 1423 a
1050 1383 1263 1439 Signatura
1302 1399 1385 1426 erat
1422 1385 1560 1428 Causa
1579 1413 1593 1436 ,

145 1439 282 1481 denuo
305 1440 444 1481 eadem
463 1453 547 1482 acta
573 1453 707 1480 coram
729 1439 864 1481 Iudice
886 1440 1177 1489 Commissario
1204 1445 1528 1499 transportandi‚
1559 1459 1597 1488 et

144 1499 380 1542 rubricandi
403 1529 413 1540 .
464 1527 471 1534 -
928 1515 931 1518 >

111 1565 129 1572 “·
264 1559 315 1601 Et
331 1558 428 1615 quia
447 1558 493 1599 de
514 1571 684 1599 numero
699 1559 1075 1615 supersessoriarum
1089 1591 1102 1609 ,
1126 1559 1301 1602 diximus
1315 1576 1435 1619 supra
1454 1593 1466 1611 ,
1494 1561 1598 1604 ultra

146 1617 263 1660 binas
281 1618 435 1676 elargiri
457 1632 538 1658 non
560 1632 740 1674 posseex
758 1617 877 1659 edicto
908 1618 1001 1675 anni
1028 1619 1153 1661 1661.
1176 1651 1189 1669 ‚
1206 1620 1308 1675 quid
1325 1635 1461 1678 postea
1480 1621 1599 1662 Cau-

145 1689 233 1719 tum
261 1678 340 1727 sit,
369 1692 474 1735 opus
490 1690 546 1719 est
565 1704 577 1723 ‚
614 1690 661 1718 ut
675 1691 927 1734 exponamus
945 1707 954 1717 .
987 1678 1037 1720 Et
1064 1677 1238 1735 primum
1257 1710 1268 1727 ,
1302 1693 1472 1721 caeteras
1504 1693 1600 1720 san-

147 1735 298 1778 ctiones
316 1737 563 1786 omittendo,
585 1735 721 1779 Edicto
740 1735 1054 1778 Eminentissimi
1071 1737 1235 1779 Salviati
1246 1750 1443 1780 statutum
1459 1737 1602 1794 legitur

145 1795 224 1837 sub
239 1811 399 1838 numero
417 1810 496 1839 xx1
510 1795 880 1851 1.,supersessorias
899 1796 939 1835 in
960 1796 1109 1837 Causis
1129 1798 1405 1853 proponendis
1424 1798 1464 1836 in
1485 1796 1603 1852 plena

149 1851 371 1908 Signatura
388 1868 472 1893 non
485 1855 656 1893 concedi
670 1854 720 1891 ab
735 1854 934 1893 Auditore
954 1854 1284 1908 Signaturaemec
1303 1857 1353 1896 ab
1367 1854 1605 1897 Eminentis-

148 1910 250 1953 simo
280 1910 480 1952 Praefecto
502 1941 514 1958 ,
547 1921 759 1965 postquam
773 1908 894 1950 fuerit
909 1923 1097 1951 concessa
1131 1911 1255 1966 prima
1284 1913 1606 1968 supersessoria‚

149 1979 189 2009 et
221 1967 343 2007 unica
379 1968 481 2007 illius
515 1966 748 2022 prorogatio
780 1996 792 2013 ,
828 1967 932 2009 itaut
966 1968 1167 2009 ulteriores
1205 1970 1417 2011 citationes
1446 1985 1520 2027 pro
1550 1971 1607 2013 eis

151 2025 382 2067 obtinendis
399 2024 525 2066 factae
542 2056 555 2074 ,
586 2024 647 2067 vel
661 2023 867 2065 faciendae
888 2054 899 2071 ,
932 2026 1007 2067 nisi
1026 2026 1179 2068 fuerint
1197 2028 1440 2085 subscriptae
1469 2029 1607 2080 modo,

154 2098 238 2140 quo
253 2098 374 2141 supra
391 2115 404 2133 ‚
436 2098 520 2125 non
549 2082 809 2125 attendantur
827 2112 836 2121 .
866 2085 910 2122 In
930 2085 1054 2140 Capit:
1069 2086 1165 2128 vero
1182 2099 1233 2126 11..
1251 2084 1488 2129 decretorum
1511 2088 1608 2130 Col-

153 2143 242 2200 legii
260 2143 499 2201 Signaturae
519 2139 735 2186 novissime
767 2141 968 2183 sancitum
1000 2143 1077 2185 fuit
1099 2174 1111 2192 ‚
1146 2146 1197 2185 ab
1232 2146 1431 2188 Auditore
1469 2147 1609 2203 Signa-

155 2215 268 2245 turae
294 2202 598 2245 concedendam
629 2215 708 2243 esse
731 2201 772 2241 in
803 2200 1132 2258 quibuscumque
1164 2204 1540 2247 commissionibus
1565 2205 1607 2246 in

157 2261 273 2318 plena
300 2262 512 2318 Signatura
534 2262 815 2319 proponendis
837 2262 999 2303 nonnisi
1027 2277 1260 2305 consuetam
1280 2265 1611 2321 supersessoriam

164 2330 232 2373 15.
249 2321 405 2363 dierum
423 2351 435 2369 ‚
463 2335 500 2363 et
516 2337 642 2363 unam
662 2333 820 2363 tantum
854 2322 1182 2376 Prorogationem
1211 2327 1263 2363 ad
1282 2323 1377 2364 alios
1413 2334 1478 2375 15.
1498 2323 1609 2373 dies,

161 2390 199 2419 et
213 2379 354 2422 deinde
381 2381 433 2422 ad
453 2381 621 2439 primam
640 2381 908 2421 immediatam
940 2379 1196 2436 Signaturam
1215 2382 1426 2422 dumtaxat
1444 2381 1610 2422 duratu-

162 2451 247 2479 ram
267 2467 280 2485 ,
311 2439 432 2494 idque
450 2441 567 2482 etiam
584 2441 699 2497 juxta
719 2438 973 2495 negotiorum
994 2440 1202 2490 qualitates
1220 2455 1233 2488 ε,
1265 2439 1414 2493 quibus
1445 2439 1609 2494 quidem

142 2496 408 2553 'supradictis
438 2498 733 2556 supersessoriis
754 2526 765 2543 ,
802 2509 839 2538 et
864 2496 1222 2553 prorogationibus
1252 2497 1390 2553 elapsis
1409 2527 1421 2544 ‚
1458 2498 1610 2539 licitum

163 2555 293 2597 eidem
312 2557 424 2598 haud
439 2572 516 2600 esse
549 2559 664 2601 aliam
684 2557 901 2600 concedere
921 2587 930 2597 .
962 2556 1105 2612 Quum
1132 2569 1264 2597 tamen
1291 2556 1392 2597 adeo
1411 2557 1610 2614 urgentis-

1115 2615 1161 2655 M
1515 2615 1616 2659 sima
