1952 3167
361 302 443 358 136
643 302 722 345 DE
748 302 882 351 JURE
911 302 1250 346 SIGNATURAE
1276 303 1530 352 JUSTITIAE

358 378 561 418 quatenus
582 378 664 405 non
695 377 834 421 agatur
862 364 909 405 de
927 365 1169 420 obligatione
1190 363 1391 406 Camerali
1410 397 1423 414 ‚
1457 380 1527 407 seu
1553 363 1601 405 de
1622 365 1826 415 mercede..

362 436 432 464 aut
450 425 497 466 de
516 423 807 465 miserabilibus
828 424 1005 480 personis
1020 423 1090 479 (1)
1110 457 1119 465 .

480 483 817 525 Eminentissimus
834 483 1076 525 Camerarius
1094 485 1214 526 habet
1232 482 1523 525 cumulativatn
1553 500 1649 526 cum
1683 485 1818 528 omni-

362 546 440 586 bus
463 544 675 592 judicibus
707 542 988 583 Camenalibus
1009 571 1020 588 ,
1050 557 1087 584 et
1117 543 1481 586 Conservatoribus
1501 545 1649 591 Urbis,
1671 545 1821 594 etiam,

364 606 504 673 quoad
539 603 825 645 Universitates
854 601 1069 642 Artificum
1089 633 1101 650 ,
1132 617 1171 645 et
1197 604 1415 644 Dohanam
1446 601 1577 645 Studii
1602 635 1614 652 ‚
1645 618 1698 644 ex
1712 613 1819 644 motu

361 665 518 723 proptio
540 661 743 703 Benedicti
775 674 862 704 x1v.
895 659 972 700 (liei
999 675 1060 702 ιο.
1080 662 1240 721 augusti
1264 676 1386 718 1741.
1408 663 1622 715 EstJudex
1650 662 1820 719 privati-

366 739 443 767 vus
461 721 626 779 Colleoti
650 719 929 768 Medicorum3
945 735 1064 776 prout
1083 723 1298 764 resolutum
1318 736 1480 779 apparet
1498 736 1519 762 a
1539 722 1754 778 signatura
1774 721 1818 762 in

371 782 608 824 ίάιηειὶηειι.
629 783 690 822 die
710 794 749 835 7.
770 781 900 822 martii
923 781 1047 835 1776.
1065 781 1260 824 Privativa
1279 795 1394 822 etiarn
1414 780 1535 837 pollet
1566 780 1819 837 jurisdictio-

371 858 419 883 ne
457 841 595 897 quoad
631 840 714 884 vias
747 840 927 895 publicas
949 869 960 886 ,
994 853 1031 882 et
1061 841 1251 882 Vicintles
1282 855 1391 882 extr-a
1425 841 1650 882 districtum
1672 841 1822 889 Urbis,

371 902 411 942 in
433 903 514 944 vim
535 899 808 956 Chirographi
828 897 1006 950 ejusdem
1020 900 1226 940 pontificis
1243 899 1320 940 diei
1337 913 1378 953 3.
1401 901 1559 955 augusti
1586 914 1599 938 1
1614 914 1706 955 750.
1723 901 1823 964 Qua

369 962 417 1002 de
438 975 476 1000 re
494 959 655 1010 judices
673 958 980 998 commissarios
1001 958 1167 1013 deputat
1184 972 1303 1014 super
1337 958 1616 999 controversiis
1638 987 1648 1004 ,
1683 973 1736 997 an
1757 972 1823 1000 via

370 1017 418 1059 sit
439 1017 596 1073 publica
617 1047 629 1064 ‚
653 1016 712 1057 vel
732 1015 913 1057 vicinalis
932 1044 945 1061 ,
977 1029 1014 1056 et
1039 1031 1158 1071 super
1183 1030 1321 1056 earum
1346 1016 1599 1057 resarcitione
1635 1021 1821 1058 tantuin.

370 1078 414 1118 ln
451 1074 596 1116 causis
620 1104 632 1122 ‚
667 1074 841 1131 privatas
862 1075 947 1115 vias
980 1075 1282 1130 respicientibus
1303 1103 1314 1120 ‚
1334 1074 1483 1116 nullam
1513 1075 1632 1116 habet
1658 1073 1826 1142 jurisdi-

368 1140 572 1181 ctionem;
608 1134 703 1175 hinc
720 1133 781 1174 die
806 1148 868 1187 17.
890 1133 990 1188 junii
1016 1134 1141 1189 1780.
1164 1134 1511 1175 Eminentissimus
1529 1133 1729 1176 Prafectus
1748 1135 1826 1177 cir-

370 1194 622 1250 cumscripsit
635 1206 725 1234 acta
745 1223 757 1241 ‚
797 1207 958 1233 exarata
992 1207 1126 1234 coram
1151 1193 1442 1234 Commissario
1467 1192 1638 1233 Viarum
1667 1193 1826 1252 Cinguli

369 1268 441 1309 per
462 1268 546 1294 acta
561 1252 777 1294 Archivii.
782 1251 952 1317 Quoad
967 1251 1127 1292 Causas
1144 1254 1342 1294 Rem-actus
1364 1250 1574 1308 praelativi
1602 1267 1676 1305 pro
1708 1268 1826 1308 prae-

370 1313 445 1354 diis
463 1309 616 1353 rusticis
633 1341 646 1359 ,
680 1325 763 1350 non
782 1309 974 1365 expressis
994 1310 1033 1349 in
1056 1311 1327 1352 Constitutione
1344 1311 1586 1369 Gtffegotiana
1621 1311 1667 1350 (le
1698 1321 1825 1352 retra-

369 1383 433 1415 ctu
467 1370 635 1413 coactivo
670 1370 710 1409 in
732 1370 872 1411 Vineis
886 1399 896 1417 ‚
915 1385 1001 1410 eam
1022 1371 1166 1410 habere
1189 1371 1365 1413 decrevit
1383 1370 1564 1411 Auditor
1583 1368 1822 1433 signaturae

372 1431 435 1472 die
476 1444 538 1473 12.
552 1429 662 1484 junii
686 1429 808 1483 1761.
828 1441 995 1484 peracta
1015 1429 1175 1477 Omine}
1209 1429 1329 1484 idiue
1361 1426 1619 1470 confirmavit
1646 1429 1824 1472 Auditor

368 1489 572 1532 Pontificis
602 1503 642 1544 4.
676 1488 834 1544 augusti
869 1485 1047 1538 ejusdem
1095 1488 1191 1527 anni
1234 1503 1301 1544 per
1322 1501 1406 1530 acta
1431 1487 1674 1546 Vagnolini.
1716 1489 1822 1531 Hinc

369 1548 722 1590 Eminentissimus
739 1546 961 1589 Praefectus
980 1546 1174 1587 Causam
1181 1548 1379 1588 Retractus
1396 1547 1605 1605 -ptaelczttvi
1624 1563 1724 1604 ,jam
1758 1564 1824 1590 ce·-

371 1621 482 1665 ptam
510 1607 695 1648 inCuria
717 1605 948 1662 Capitolina
981 1606 1125 1647 remisit
1161 1607 1212 1646 ad
1230 1607 1602 1648 Eminenrissimum
1631 1607 1825 1649 Camera-

372 1681 479 1707 rium
497 1666 654 1707 decreto
673 1666 751 1706 diei
776 1667 842 1707 28.
866 1663 955 1717 julii
981 1666 1096 1721 1781.
1114 1680 1182 1723 per
1200 1681 1286 1708 acta
1305 1667 1527 1724 supradicti
1548 1663 1711 1708 Orsini.
1728 1668 1822 1710 De·-

374 1740 484 1766 mum
518 1725 559 1765 in
578 1725 728 1767 Causis
761 1726 1015 1779 Afficlatorwn
1038 1756 1050 1773 ‚
1085 1741 1168 1767 non
1196 1727 1324 1767 solum
1356 1727 1505 1782 gaudet
1536 1725 1734 1782 privativa
1755 1725 1824 1778 iu-

374 1783 602 1828 risdictione
616 1816 628 1833 ‚
657 1785 726 1826 sed
755 1786 877 1826 etiam
898 1786 1277 1842 habetSignaturam
1297 1785 1336 1825 in
1356 1795 1485 1826 ventre
1503 1817 1515 1834 ,
1549 1801 1596 1826 ex
1614 1797 1719 1826 motu
1730 1801 1824 1842 pro-

367 1843 454 1901 prio
475 1844 585 1884 DN.
606 1843 664 1883 Pii
685 1844 757 1883 vl.
774 1844 869 1884 anni
893 1844 1016 1897 1?76·
1036 1874 1049 1891 ,
1068 1845 1168 1884 itaut
1187 1844 1428 1884 citationum
1448 1858 1584 1884 coram
1601 1846 1821 1901 Signatura

372 1902 481 1942 nulla
501 1902 672 1945 habetur
691 1902 818 1951 ratio;
851 1915 888 1943 et
901 1932 912 1948 ‚
930 1901 962 1943 si
982 1901 1170 1942 instantia
1188 1902 1228 1942 in
1250 1917 1295 1942 ea
1313 1916 1596 1958 promoveatur
1612 1934 1625 1951 ,
1643 1903 1822 1945 Auditor

371 1974 410 2002 se
429 1961 614 2008 abstinet,
636 1963 908 2011 decernendo,
922 1961 1036 2017 quod
1055 1961 1203 2003 instans
1223 1962 1271 2002 U.
1286 1962 1326 2006 J.
1344 1960 1389 1999 S.
1410 1961 1488 2000 hoc
1508 1973 1579 2009 est,
1598 1959 1820 2015 Utaturj‘u-

371 2033 414 2061 re
430 2034 499 2062 suo
528 2034 658 2062 coram
680 2023 781 2063 Εῆὶο
802 2021 1041 2067 camerario,
1060 2020 1175 2061 etiam
1202 2033 1288 2060 cum
1301 2018 1492 2073 facultate
1504 2030 1575 2060 etc.

491 2078 704 2122 Comei-ales
723 2081 873 2123 Causae
892 2111 903 2126 ,
938 2081 1022 2121 illae
1042 2094 1181 2133 nempe
1200 2109 1213 2125 ,
1246 2078 1286 2117 in
1307 2077 1458 2131 quibus
1478 2078 1651 2120 camera
1673 2081 1818 2127 habeat

373 2136 537 2192 aliquod
569 2141 609 2180 in
617 2154 784 2185 teresse,
814 2149 994 2191 spectant
1031 2136 1082 2174 ad
1109 2134 1271 2181 judices
1301 2134 1535 2178 Camerales
1568 2154 1616 2179 ex
1646 2141 1819 2184 Consti..

372 2197 527 2238 tutione
563 2195 767 2238 Benedicti
798 2194 978 2235 X1V.Et
1019 2207 1224 2247 quatenus
1271 2194 1373 2235 inter
1420 2197 1593 2252 privatas
1624 2214 1817 2254 personas

376 2255 648 2298 controversia
682 2254 836 2294 oriatur
853 2268 970 2310 super
988 2252 1169 2294 dominio
1191 2253 1275 2294 utili
1293 2253 1465 2310 alicujus
1491 2257 1609 2298 fundi
1628 2289 1639 2305 ‚
1670 2260 1720 2299 ad
1737 2260 1818 2301 Ca—

373 2327 527 2354 meram
555 2313 769 2369 spectantis
799 2326 952 2353 ratione
989 2312 1157 2352 dominii
1185 2311 1355 2362 directi,
1391 2314 1561 2357 Camera
1599 2332 1682 2357 non
1699 2332 1816 2361 com-

374 2385 538 2430 parente
556 2371 775 2423 injudicio
793 2402 806 2420 ,
832 2370 1172 2427 privilegiumfori
1189 2370 1394 2415 cameratis
1409 2374 1542 2417 locum
1560 2391 1645 2417 non
1666 2378 1786 2420 habet
1799 2407 1812 2419 .

532 2503 1465 2522 —ss——ssss

420 2560 478 2606 11)
499 2563 579 2603 Reg·
603 2568 676 2604 pag.
700 2571 778 2605 131.
794 2563 870 2595 n.8.
