2075 3167
486 270 540 299 10
779 251 859 296 DE
883 253 1016 302 JURE
1047 253 1391 298 SIGNATURAE
1416 254 1672 304 JUSTITIAE

482 311 612 372 ipsius
633 326 741 355 more
770 312 951 368 judicare
978 315 1123 372 possit3
1156 330 1251 358 nam
1270 315 1488 358 indubium
1507 327 1562 358 est
1579 312 1801 370 Principem
1826 327 1967 372 reprae·

484 386 641 416 sentare
659 404 672 423 ,
709 387 795 415 non
831 386 966 416 autem
995 389 1136 418 verum
1168 387 1222 417 est
1240 406 1253 425 ,
1285 374 1388 417 illam
1410 405 1424 424 ,
1451 375 1509 417 uti
1530 374 1751 431 Principem
1781 373 1912 431 ipsum
1930 389 1967 416 se

484 446 617 491 gerere
652 447 763 491 posse
784 464 796 483 ‚
831 447 961 488 quum
992 434 1137 476 habeat
1161 434 1390 478 facultatem
1421 434 1719 492 praescriptam,
1746 429 1794 475 ut
1821 449 1969 490 supra,

488 506 621 547 neque
650 504 758 549 gerat
792 501 924 549 partes
943 491 1090 546 judicis
1118 493 1334 537 decidentis
1367 508 1583 536 causarum
1611 493 1779 541 merita,
1812 494 1879 533 sed
1914 506 1971 534 re·

487 551 696 594 scribentis
732 552 944 594 dumtaxat
970 552 1184 606 Judicibus
1204 581 1217 599 ‚
1249 553 1456 610 quomodo
1491 562 1529 596 s'e
1562 565 1695 609 gerere
1730 550 1906 594 debeant
1927 550 1969 590 in

485 609 746 652 ordinatoriis
771 610 905 668 potius
921 640 935 660 ‚
964 625 1088 667 quam
1110 611 1153 652 in
1184 611 1385 654 decisoriis
1414 613 1517 654 circa
1545 610 1707 654 effectus
1725 607 1970 667 Appellatio-

486 668 550 709 nis
565 697 579 718 ,
616 681 654 710 et
672 669 745 710 alia
768 667 964 722 ejusmodi
985 699 998 718 ,
1029 682 1150 727 prout
1165 670 1337 714 advertit
1350 671 1410 714 De
1426 673 1530 714 Luca
1553 701 1562 713 .
1594 671 1669 729 (1)

605 728 711 770 Hinc
724 728 884 785 ipsemet
899 727 1087 771 laudatus
1101 730 1257 772 Auctor
1271 729 1342 787 (2)
1354 744 1527 774 recenset
1537 744 1609 774 sua
1621 742 1738 773 aetate
1751 727 1971 777 inolevisse,

486 786 602 842 quod
623 785 852 843 Signaturae
867 785 1068 829 Tribunal
1086 803 1177 830 cum
1192 790 1511 848 praesupposito‚
1542 789 1654 845 quod
1673 788 1892 844 Principem
1916 801 1973 827 re·

486 858 745 902 praesentaret
759 877 770 896 ,
791 844 960 900 ejusque
977 847 1060 891 vice
1072 879 1084 897 ,
1101 862 1145 890 ac
1161 849 1326 891 nomine
1345 849 1601 896 rescriberet,
1617 848 1791 891 fimbrias
1802 845 1972 887 nimium

484 903 648 946 dilatare
680 905 830 962 ceperit
875 919 983 947 more
1004 905 1197 964 Principis
1230 907 1482 961 judicando;
1519 920 1557 949 et
1589 917 1974 965 eapropter‚quum

482 975 638 1001 munus
669 962 730 1003 ille
750 963 961 1004 Auditoris
979 965 1177 1006 Pontificii
1209 979 1404 1007 exerceret
1420 997 1432 1014 ‚
1449 964 1626 1018 ejusdem
1644 964 1822 1006 muneris
1836 961 1976 1017 praeci·

487 1019 612 1075 puam
651 1034 730 1061 esse
744 1034 901 1077 partem
937 1022 1103 1077 agnovit
1120 1050 1131 1068 ,
1162 1023 1203 1063 id
1222 1037 1361 1064 curare
1379 1053 1392 1071 ,
1425 1036 1473 1062 ne
1494 1023 1534 1062 in
1555 1022 1807 1064 rescribendo
1825 1020 1977 1062 Tribu-

488 1077 555 1118 nal
589 1078 671 1122 hoc
692 1078 796 1120 ultra
813 1078 953 1119 limites
968 1080 1299 1134 progredereturt,
1332 1091 1451 1133 atque
1469 1077 1545 1120 sibi
1566 1078 1701 1133 aliquo
1722 1093 1769 1120 ex
1784 1077 1888 1119 hisce
1908 1092 1976 1119 ca-

493 1137 608 1177 sibus
643 1135 772 1177 delato
795 1166 807 1184 ,
841 1149 1093 1193 opportunas
1122 1150 1286 1184 testatur
1321 1137 1470 1178 dedisse
1502 1137 1776 1194 provisiones,
1816 1149 1976 1193 etprae-

491 1195 626 1238 sertim
663 1194 702 1234 in
725 1209 846 1242 casu,
883 1196 931 1236 de
967 1209 1052 1248 quo
1087 1195 1217 1249 agitur
1246 1197 1322 1237 sub
1356 1194 1473 1238 titulo
1505 1196 1551 1235 cle
1580 1195 1781 1253 Beneficiis
1806 1193 1846 1235 in
1875 1196 1975 1237 dicto

486 1253 581 1295 disc.
607 1264 726 1306 144„
742 1265 782 1295 et
803 1253 844 1293 in
860 1252 1054 1309 plerisque
1075 1252 1156 1294 aliis
1175 1253 1384 1304 similibus;
1401 1254 1478 1310 ipse
1493 1253 1598 1296 enim
1614 1257 1704 1297 satis
1723 1253 1977 1311 intelligebat,

487 1313 601 1368 quod
631 1315 682 1354 ad
702 1313 915 1354 Summum
950 1311 1182 1353 Pontificem
1211 1313 1406 1369 pertineat
1434 1328 1594 1355 omnem
1614 1315 1802 1358 adhibere
1821 1328 1978 1362 curam,

491 1383 539 1412 ut
555 1372 714 1419 Judices
736 1371 882 1429 optime
909 1385 1020 1412 suum
1047 1371 1227 1427 expleant
1259 1387 1401 1414 munus
1416 1403 1430 1422 ‚
1463 1372 1553 1430 quia
1573 1388 1661 1415 vero
1676 1374 1738 1415 hic
1763 1373 1808 1415 ob
1830 1372 1980 1430 Digni-

493 1430 585 1472 tatis
616 1429 856 1486 majestatem
879 1459 891 1479 ‚
932 1429 1101 1486 aliosque
1132 1445 1299 1489 magnas
1323 1432 1585 1488 occupationes
1617 1434 1730 1474 rebus
1759 1430 1980 1487 hujusmodi
2009 1453 2012 1456 ·

495 1503 632 1531 vacare
650 1505 726 1531 non
743 1500 870 1547 potest
887 1518 900 1538 ,
932 1488 1071 1531 idcirco
1100 1504 1176 1531 esse
1191 1492 1322 1533 debere
1340 1506 1439 1533 onus
1466 1491 1548 1547 ejus
1577 1491 1803 1541 Auditori53
1837 1490 1907 1547 qui
1936 1490 1982 1532 id

494 1548 729 1608 negligendo
766 1549 863 1591 male
880 1564 917 1592 se
928 1562 1063 1607 gerere
1080 1548 1224 1591 dicitur
1242 1578 1256 1598 ,
1282 1563 1393 1609 atque
1423 1550 1659 1609 invigilando
1675 1583 1688 1603 ,
1720 1550 1883 1592 indebite
1905 1550 1980 1597 Ju-

493 1605 596 1649 dices
615 1638 629 1657 ,
671 1618 709 1648 et
729 1607 995 1666 Ildngistratus
1012 1619 1332 1664 conquererentur
1349 1640 1375 1665 ,s

612 1667 844 1709 Redeundo
865 1682 977 1710 nunc
998 1667 1050 1708 ad
1070 1682 1217 1710 novam
1234 1669 1462 1725 Signaturae
1478 1669 1650 1712 formam
1669 1700 1682 1719 ,
1705 1684 1829 1726 quam
1849 1683 1984 1727 poste-

487 1723 583 1767 riori
626 1739 740 1769 aetate
767 1727 943 1783 accepit;
975 1725 1090 1782 juxta
1115 1739 1250 1769 notata
1278 1743 1349 1783 per
1365 1728 1669 1771 Marchesnnum
1689 1729 1762 1784 (3)
1779 1743 1853 1785 pro
1875 1742 1983 1771 certo

495 1782 668 1826 habetur
686 1815 699 1833 ,
731 1785 1013 1826 Alexandrum
1029 1785 1122 1826 Vll.
1149 1787 1340 1841 peculiari
1370 1788 1676 1829 Constitutione
1701 1787 1776 1842 (4)
1793 1788 1984 1843 Signatu-

494 1855 552 1883 rae
569 1842 893 1884 reformationem
922 1842 1108 1884 indixisse
1122 1874 1135 1892 ‚
1169 1844 1267 1885 dum
1301 1858 1385 1885 non
1406 1843 1528 1886 modo
1547 1844 1758 1897 qualitates
1775 1859 1983 1885 assumen-

494 1901 640 1942 dorum
662 1900 713 1941 ad
733 1899 1109 1941 Referendariatum
1129 1929 1142 1948 ‚
1174 1901 1277 1940 ultra
1296 1914 1361 1940 eas
1380 1915 1402 1940 a
1421 1901 1531 1941 Sixto
1550 1902 1603 1941 V.
1641 1900 1819 1942 decretas
1835 1931 1848 1950 ,
1878 1916 1985 1958 prae-

485 1958 644 2015 scripsit
668 1989 681 2008 ,
710 1972 850 2002 verum
868 1957 1021 2004 erexit,
1059 1970 1104 1998 ac
1138 1956 1314 1999 instituit
1344 1956 1572 2014 Collegium
1602 1958 1834 2000 eorumdem
1868 1961 1984 2003 Refe-

486 2018 774 2060 rendariorum
793 2046 805 2064 ‚
838 2016 954 2072 quod
972 2015 1256 2072 repraesentari
1276 2014 1409 2059 voluit
1434 2031 1482 2059 ex
1500 2016 1715 2059 duodecim
1732 2017 1983 2062 Votantibus

489 2076 717 2132 Signaturae
744 2076 918 2124 justitia:
934 2105 947 2125 ‚
982 2075 1030 2115 de
1048 2088 1217 2131 corpore
1236 2105 1249 2123 ‚
1276 2088 1320 2116 ac
1339 2088 1510 2117 numero
1538 2074 1718 2134 ipsorum
1735 2076 1985 2121 Referenda-

489 2135 646 2176 riorum
666 2135 818 2184 electis,
836 2149 881 2176 ac
902 2134 944 2175 in
965 2142 1171 2190 posterum
1187 2132 1403 2190 eligendis3
1425 2147 1462 2177 et
1480 2136 1595 2189 quod
1617 2134 1825 2192 antiquior
1842 2151 1983 2180 eorum

488 2194 532 2234 in
556 2194 688 2236 officio
707 2193 904 2234 Decanus
924 2190 1216 2248 appellaretur3
1237 2192 1303 2234 cui
1326 2193 1493 2248 quidem
1512 2196 1681 2236 Decano
1697 2194 1849 2238 tributa
1867 2196 1987 2239 etiam

490 2250 659 2296 facultas
685 2252 765 2295 fuit
779 2250 1071 2309 interpretandi
1091 2280 1105 2300 ,
1143 2252 1312 2306 quando
1333 2253 1491 2295 occasio
1508 2251 1641 2311 exigat
1659 2283 1671 2302 ,
1694 2269 1739 2296 ac
1758 2254 1985 2298 declarandi

1894 2329 1983 2356 una

1594 2398 1746 2412 ᾖ

545 2461 596 2494 (1)
620 2461 705 2491 Dirc.
726 2468 802 2498 144.
828 2458 864 2489 de
876 2455 1032 2495 Beneficiis
1062 2467 1093 2487 n.
1115 2469 1168 2498 51.
1310 2460 1361 2501 (3)
1384 2462 1467 2490 Part.
1498 2467 1524 2489 1.
1542 2467 1609 2500 cap.
1633 2467 1660 2487 1·
1676 2469 1762 2490 num.
1783 2467 1836 2489 Π.

546 2504 601 2541 (2)
626 2505 745 2535 Annot.
770 2503 813 2536 ad
830 2503 907 2536 disc.
925 2512 1018 2544 31.n.
1044 2512 1124 2548 5·p.
1140 2512 1174 2537 2.
1308 2501 1359 2544 (4)
1382 2506 1418 2537 Iu
1433 2504 1658 2547 Append.pag.
1676 2503 1780 2544 24.ad
1793 2503 1849 2536 26-
