1952 3167
347 317 390 340 10
709 302 768 337 DF,
797 303 909 344 JURE
943 301 1224 337 SIGNATURAE
1251 301 1463 343 JUSTITIAE

336 361 406 388 scat
430 351 523 390 dies,
550 349 639 386 circa
674 358 781 386 tamen
814 352 964 387 diurnam
986 350 1120 390 lucem,
1148 352 1173 386 si
1207 351 1312 400 forsan
1345 362 1399 385 eos
1427 352 1466 384 ad
1497 347 1569 384 loca
1598 349 1826 386 Ecclesiastico

338 401 518 436 interdicto
547 409 614 435 tam
649 401 847 441 ordinaria,
875 412 973 446 quam
1008 400 1205 446 Apostolica
1242 400 1441 435 auctoritate
1479 398 1655 444 supposita
1688 411 1744 434 eos
1775 402 1830 434 de-

337 451 461 485 clinare
479 450 691 496 contigerit,
730 449 843 484 inillis
862 449 983 484 clausis
1004 451 1132 489 januis,
1165 461 1227 482 non
1250 448 1386 492 pulsatis
1415 447 1580 491 campanis
1599 472 1610 487 ‚
1639 448 1829 484 etsubmis-

338 511 372 533 sa
399 510 510 537 voce,
541 499 876 538 excommunicatis,
908 507 941 532 et
974 498 1158 532 interdictis
1189 496 1333 530 exclusis
1366 519 1376 534 ‚
1397 495 1538 544 iri-sua,
1566 506 1598 528 ec
1619 497 1827 532 familiarium

338 559 478 583 suorum
505 548 777 582 domesticorum
810 572 820 588 ,
866 558 902 581 ac
931 555 1078 590 quatuor
1107 544 1245 580 aliarum
1279 554 1495 588 personarum
1528 543 1703 590 utriusque
1731 558 1828 581 sexus

335 607 400 642 per
415 608 495 636 eos,
531 605 565 630 et
594 595 786 641 quemlibet
816 605 931 629 eorum
961 595 1191 639 eligendarum
1223 592 1432 637 fraesentium
1454 616 1464 631 ‚
1503 591 1715 636 (dummodo
1741 594 1829 639 ipsi,

339 653 375 680 et
405 644 451 679 illi
471 656 618 680 caussam
640 656 706 678 non
734 643 886 678 dederint
915 643 1094 678 interdicto
1111 667 1120 682 ‚
1147 652 1202 678 aut
1229 643 1274 677 eis
1291 667 1300 683 ‚
1336 642 1385 676 vel
1422 640 1485 676 illis
1515 641 1694 687 contigerit
1711 645 1831 686 specia-

340 693 419 728 liter
434 693 618 737 interdici)
647 692 776 737 possint
807 703 867 736 per
894 703 927 726 se
944 692 1055 737 ipsos,
1084 692 1140 737 qui
1161 692 1353 738 Presbyteri
1375 690 1525 729 fuerint,
1552 700 1607 724 aut
1636 691 1829 735 proprium,

338 742 393 776 vel
421 742 523 777 alium
547 742 762 776 Sacerdotem
792 741 952 776 idoneum
980 766 991 782 ,
1019 741 1158 779 Missas,
1188 749 1220 775 et
1249 741 1312 775 alia
1340 739 1467 774 Divina
1496 739 1606 775 officia
1632 741 1828 780 celebrare,

339 802 399 827 seu
427 790 587 825 celebrari
608 791 744 827 facere,
771 802 829 825 nec
857 802 922 824 non
945 799 1096 836 tempore
1126 789 1296 824 interdicti
1325 787 1517 828 hujusmodi
1536 788 1669 824 Divinis
1696 788 1832 824 interes-

340 850 402 879 se,
429 852 466 874 ac
497 839 731 875 Ecclesiastica
745 839 956 874 Sacramenta
982 840 1156 885 recipere,
1189 838 1315 885 etipsis
1345 839 1436 873 dicto
1460 845 1614 882 ternpore
1642 838 1832 872 decedenti-

336 888 400 924 bus
415 914 426 929 ,
461 901 578 924 eorum
600 899 747 933 corpora
764 887 1003 924 Ecclesiasticae
1017 913 1027 928 ‚
1053 888 1152 923 etiam
1167 900 1244 924 cum
1272 888 1411 923 funerali
1428 897 1549 931 pompa
1564 909 1575 926 ‚
1604 886 1688 921 tradi
1703 887 1832 931 possint

335 936 517 982 sepulturae
534 960 542 969 .

441 984 557 1017 XVII.
583 983 658 1018 Nec
673 994 736 1017 non
753 982 894 1028 singulis
909 985 1266 1030 Quadragesimalibus
1282 1008 1291 1024 ,
1320 992 1354 1018 et
1380 984 1449 1020 aliis
1466 984 1674 1028 temporibus
1689 1006 1699 1022 ,
1717 989 1749 1016 et
1761 979 1833 1016 die-

338 1032 402 1067 bus
441 1030 625 1066 stationum
661 1030 878 1067 Basilicarum
895 1057 906 1074 ‚
933 1043 966 1068 et
996 1032 1217 1068 Ecclesiarum
1244 1033 1351 1068 Almae
1378 1032 1478 1068 Urbis
1495 1057 1505 1073 ,
1533 1040 1567 1067 et
1599 1042 1692 1068 extra
1717 1040 1831 1065 muros

337 1081 436 1120 ejus,
466 1081 546 1115 duas
579 1080 742 1115 Ecclesias
772 1106 783 1122 ,
815 1081 868 1116 vel
897 1083 992 1123 duo,
1019 1091 1075 1116 ant
1101 1082 1164 1117 tria
1191 1082 1319 1117 Altaria
1348 1106 1358 1122 ‚
1389 1083 1512 1122 unius,
1538 1082 1592 1117 vel
1625 1081 1832 1116 diversarum

336 1129 563 1166 Ecclesiarum
593 1129 625 1164 in
659 1129 767 1168 locis,
796 1131 852 1165 ubi
869 1130 983 1177 ipsos,
1013 1140 1046 1165 et
1074 1142 1191 1167 eorum
1220 1130 1368 1178 singulos
1401 1143 1462 1176 pro
1487 1141 1642 1177 tempore
1667 1141 1738 1166 esse
1752 1140 1833 1164 con-

341 1178 460 1224 tigerit
491 1189 552 1224 per
566 1178 716 1224 singulos
734 1190 796 1223 pro
814 1188 968 1225 tempore
985 1179 1158 1225 eligendos
1174 1205 1184 1220 ,
1210 1192 1267 1215 seu
1285 1180 1436 1225 eligenda
1451 1204 1461 1220 ,
1490 1180 1657 1215 visitando
1672 1202 1683 1218 ,
1705 1187 1833 1217 omnes,

342 1237 377 1262 et
404 1227 554 1273 singulas
586 1226 811 1272 indulgentias
837 1253 847 1268 ,
893 1238 926 1263 et
960 1236 1175 1273 peccatorum
1218 1228 1428 1263 remissiones
1457 1237 1725 1274 consequantur,
1750 1237 1833 1270 quas

339 1285 626 1320 consequerentur
654 1275 681 1309 si
709 1276 833 1311 eisdem
858 1277 1068 1321 temporibus
1093 1300 1104 1315 ‚
1130 1286 1164 1311 et
1192 1276 1310 1310 diebus
1339 1301 1350 1316 ,
1377 1277 1562 1311 stationum
1583 1275 1742 1311 Basilicas
1760 1297 1771 1312 ‚
1799 1281 1834 1308 et

336 1325 502 1361 Ecclesias
533 1325 634 1359 Urbis
651 1325 866 1365 hujusmodi,
885 1334 917 1360 et
944 1334 1038 1361 extra
1055 1335 1166 1360 muros
1194 1325 1267 1364 ejus
1294 1325 1333 1359 ad
1362 1324 1394 1360 id
1412 1326 1587 1371 deputatas
1615 1320 1834 1371 personaliter
1858 1336 1861 1339 ·

334 1382 533 1409 visitarent.

438 1422 568 1457 XVIII.
596 1424 646 1458 Ac
670 1423 794 1459 eisdem
826 1421 1187 1467 Quadragesimalibus
1224 1447 1234 1463 ,
1269 1431 1302 1457 et
1329 1422 1399 1457 aliis
1430 1421 1637 1468 temporibus
1668 1445 1678 1461 ‚
1706 1419 1830 1465 quibus

337 1481 413 1506 esus
450 1470 599 1505 carnium
623 1495 634 1510 ,
662 1483 804 1505 ovorum
824 1493 834 1508 ‚
864 1470 976 1508 casei,
1004 1480 1036 1505 et
1066 1470 1313 1506 lacticiniorum
1340 1471 1476 1509 dejure
1500 1495 1510 1511 ,
1536 1469 1588 1504 vel
1617 1469 1832 1505 consuetudi·

336 1531 379 1554 ne
413 1527 463 1554 est
488 1518 703 1564 prohibitus,
737 1519 861 1554 eisdem
891 1519 990 1557 ovis,
1021 1530 1142 1557 caseo,
1169 1520 1322 1565 butyro,
1352 1528 1385 1554 et
1400 1519 1470 1554 aliis
1505 1518 1705 1557 lacticiniis,
1731 1529 1769 1552 ac
1788 1519 1830 1552 de

334 1568 516 1613 utriusque
547 1567 706 1601 Medicici
740 1566 882 1602 consilio
911 1591 922 1607 ‚
949 1567 1134 1608 carnibus,
1168 1569 1292 1615 absque
1322 1568 1533 1604 conscientiae
1561 1566 1723 1612 scrupulo
1756 1565 1829 1609 uti,

332 1616 422 1656 frui,
456 1624 489 1650 et
514 1615 604 1649 vesci
621 1639 630 1652 .

431 1664 524 1699 XIX.
550 1664 623 1699 Nec
645 1677 710 1699 non
739 1664 838 1700 etiam
868 1665 979 1710 quoad
1007 1664 1180 1703 vixerint,
1212 1672 1246 1698 et
1261 1665 1392 1710 quoties
1425 1665 1472 1700 eis
1501 1665 1687 1711 placuerit,
1720 1674 1830 1709 perse

334 1713 425 1759 ipsos
442 1738 451 1753 ,
485 1721 544 1747 aut
568 1725 644 1749 curn
675 1726 768 1754 uno,
799 1713 998 1748 velduobus
1026 1713 1167 1752 amicis,
1197 1725 1254 1748 seu
1283 1713 1504 1750 familiaribus
1531 1714 1600 1750 suis
1618 1724 1678 1760 per
1696 1725 1752 1748 eos
1769 1724 1829 1759 pro

297 1761 301 1764 ”
333 1772 487 1809 tempore
517 1761 678 1808 eligendis
705 1788 716 1804 ,
746 1764 843 1798 horas
881 1762 1071 1798 Canonicas
1108 1762 1245 1797 diurnas
1274 1763 1398 1807 pariter
1422 1786 1433 1802 ‚
1478 1773 1512 1798 et
1545 1773 1723 1798 nocturnas
1751 1787 1762 1803 ‚
1788 1773 1827 1798 ac

334 1812 395 1850 alia
425 1810 552 1846 Divina
581 1812 690 1847 officia
718 1814 902 1848 secundum
920 1823 1015 1846 usum
1031 1836 1040 1851 ‚
1065 1821 1100 1848 et
1116 1822 1244 1847 morem
1261 1812 1359 1847 dictae
1382 1814 1541 1849 Romanae
1561 1811 1717 1848 Ecclesiae
1736 1811 1829 1846 dice-

334 1873 370 1896 re
385 1885 395 1901 ,
427 1870 460 1895 et
476 1861 615 1896 recitare
636 1860 740 1896 libere
754 1886 764 1902 ‚
796 1873 832 1897 ac
848 1860 941 1896 licite
957 1859 1112 1901 valeant,
1133 1871 1167 1895 et
1185 1861 1225 1896 ad
1253 1860 1354 1897 alium
1381 1874 1481 1898 usum
1497 1873 1599 1907 super
1615 1863 1680 1896 hoc
1711 1861 1828 1895 obser-

332 1910 478 1945 vandum
509 1909 646 1944 minime
661 1919 860 1950 teneantur,
884 1921 945 1944 nec
971 1910 1010 1944 ad
1040 1910 1074 1944 id
1097 1923 1114 1945 a
1139 1922 1306 1956 quoquam
1323 1935 1334 1952 ,
1367 1912 1468 1947 etiam
1507 1911 1636 1946 ratione
1666 1920 1829 1956 quorum-

333 1970 479 2003 cumque
508 1959 748 1994 beneficiorum
776 1958 1090 1995 Ecclesiasticorum
1132 1970 1192 2005 per
1216 1972 1273 1995 eos
1303 1972 1365 2005 pro
1394 1969 1550 2005 tempore
1579 1961 1822 1995 obtentorum,

332 2006 429 2042 inviti
461 2008 623 2052 compelli
651 2009 783 2053 possint
807 2033 817 2050 ‚
857 2008 957 2044 etiam
992 2008 1206 2056 indulgemus
1225 2033 1235 2044 .
1266 2010 1307 2044 Et
1329 2008 1473 2045 ulterius
1504 2004 1757 2044 Referendarii,
1790 2012 1823 2038 et

332 2055 386 2091 alii
418 2055 620 2101 infrascripti
652 2082 663 2098 ,
708 2070 746 2092 ac
776 2069 893 2093 eorum
936 2056 1062 2104 singuli
1104 2057 1279 2104 utriusque
1323 2070 1422 2094 sexus
1465 2056 1688 2092 parochianos
1726 2053 1826 2087 Paro·

332 2104 495 2141 chialium
522 2104 777 2148 Ecclesiarum,
811 2116 844 2141 et
871 2106 1011 2141 aliorum
1034 2107 1289 2141 Beneficiorum
1312 2104 1627 2140 Ecclesiasticorum
1661 2112 1824 2146 quorum-

333 2162 481 2196 cumque
510 2165 571 2195 per
596 2166 652 2188 eos
670 2179 680 2193 ,
713 2164 746 2188 et
772 2165 887 2187 eorum
918 2152 1069 2196 singulos
1097 2163 1185 2186 nunc
1213 2175 1223 2190 ‚
1255 2160 1288 2184 et
1308 2164 1371 2197 pro
1398 2161 1550 2196 tempore
1572 2152 1791 2185 obtentorum
1808 2173 1819 2190 ‚

331 2201 370 2234 ad
400 2211 456 2233 eos
482 2199 715 2234 Confessionis
731 2201 905 2235 audiendae
923 2211 1036 2233 caussa
1067 2210 1127 2243 pro
1155 2207 1308 2243 tempore
1338 2200 1582 2235 confluentium
1603 2198 1819 2234 confessioni-

331 2248 394 2285 bus
422 2246 560 2282 illorum
578 2259 638 2292 per
666 2260 726 2282 eos
758 2248 937 2294 diligenter
965 2246 1114 2288 auditis,
1149 2259 1166 2282 a
1194 2248 1370 2293 quibusvis
1400 2260 1519 2284 eorum
1553 2248 1696 2292 peccatis
1714 2271 1725 2287 ,
1752 2246 1818 2281 cri-

332 2295 479 2330 minibus
495 2319 505 2334 ,
533 2297 723 2330 excessibus
738 2320 748 2335 ,
767 2307 799 2331 et
820 2295 951 2331 delictis
971 2320 982 2336 ,
1010 2296 1042 2330 in
1063 2295 1220 2330 omnibus
1240 2321 1250 2335 ,
1279 2306 1312 2331 et
1336 2297 1478 2343 singulis
1506 2297 1637 2332 casibus
1652 2321 1663 2336 ‚
1698 2296 1730 2331 in
1743 2295 1818 2342 qui-

330 2345 392 2379 bus
422 2343 596 2378 Ordinarii
629 2343 784 2379 locorum
813 2345 969 2384 dejure,
997 2344 1050 2378 vel
1083 2346 1327 2380 consuetudine
1343 2346 1517 2381 absolvere
1536 2353 1703 2390 possunt,
1737 2356 1819 2390 quo-

330 2394 413 2427 tiens
443 2401 670 2437 opportunum
699 2393 827 2433 fuerit,
853 2392 1047 2428 Dioecesani
1079 2392 1173 2432 loci,
1202 2402 1236 2428 et
1263 2395 1412 2434 cujusvis
1433 2394 1570 2430 alterius
1597 2393 1733 2429 licentia
1764 2403 1820 2427 su.

327 2453 387 2486 per
415 2444 478 2476 hoc
506 2441 656 2476 minime·
679 2442 867 2489 requisita,
898 2441 1074 2478 absolvere
1094 2466 1105 2483 ,
1133 2449 1169 2476 et
1201 2443 1250 2478 eis
1277 2455 1341 2490 pro
1367 2444 1555 2480 commissis
1582 2441 1813 2490 poenitentiam

327 2490 503 2529 salutarem
526 2490 702 2537 injungere
719 2515 729 2524 .

1662 2539 1736 2575 Nec
1750 2548 1815 2572 non
