1993 3195
645 313 679 354 C
713 313 751 354 A
782 314 813 353 P
842 313 883 352 U
913 313 951 352 T
1010 313 1062 353 ῙῘ.
1485 333 1565 375 141·

114 374 192 415 bus
207 370 522 429 pronunciatum
549 371 621 421 sit,
652 371 713 414 vel
731 385 799 427 per
816 371 1053 413 sententiam
1070 402 1083 421 ‚
1097 371 1159 414 v'el
1181 370 1384 414 decretum
1401 376 1567 421 definiti-

112 446 207 475 vum
223 461 237 479 ,
271 443 340 471 aut
354 430 488 472 saltem
507 444 727 487 gravamen
764 430 935 471 inserens
954 459 966 476 ,
993 445 1061 486 per
1097 429 1346 472 definitivam
1372 432 1485 474 haud
1503 451 1566 476 re*

111 488 315 545 parabile3
349 501 525 532 attamen
556 489 587 531 si
605 489 738 543 Judex
766 488 807 529 in
835 489 1015 544 partibus
1036 487 1117 540 jam
1135 489 1351 531 decreverit
1368 505 1565 549 utsupra,

110 547 319 590 mandavit
336 580 348 597 ‚
379 548 503 592 dictas
524 549 731 591 citationes
750 547 920 590 omnino
937 563 1015 590 esse
1034 548 1297 590 attendendas
1313 577 1325 595 ‚
1365 562 1402 591 et
1418 549 1497 591 illas
1512 552 1570 593 in-

109 605 243 648 hibere
262 638 275 657 ,
302 607 451 650 etiamsi
471 623 607 651 contra
626 608 734 661 Juris
754 607 934 649 ordinem
953 607 994 647 in
1028 606 1177 648 Causis
1193 606 1492 663 appellabilibus
1510 611 1570 651 ci-

110 676 239 706 tatum
253 665 376 709 fucrit
396 667 448 708 ad
479 667 704 711 videndum
729 665 978 723 subdelegari
1012 666 1135 708 alium
1159 667 1342 719 judicem
1370 666 1411 707 in
1437 669 1568 725 gradu

111 737 328 773 recursus,
365 740 402 768 et
431 726 472 767 in
506 725 579 768 illis
611 725 912 768 recurribilibus
948 726 1001 767 ad
1031 726 1255 768 videndum
1287 728 1564 783 supersederi3

108 793 208 826 tunc
225 785 332 826 enim
349 816 362 834 ,
395 798 432 828 et
451 785 734 827 tantummodo
770 785 810 824 in
831 800 878 826 eo
907 800 1001 826 casu
1018 785 1258 826 Praefectus
1292 783 1531 842 Signaturae
1553 819 1571 837 ,Α

109 841 244 898 ejusve
270 843 446 886 Auditor
462 845 644 902 supplere
674 855 830 886 tenetur
858 844 1057 886 defectum
1081 845 1256 885 Partium
1277 875 1289 894 ,
1317 845 1377 886 vel
1411 846 1565 886 Defen-

106 914 243 944 sorum
259 934 271 952 ‚
301 903 538 946 mandando
555 903 800 960 supersederi
821 903 863 944 in
881 903 1032 945 Causis
1049 918 1227 945 summae
1247 903 1486 960 appellabilis
1502 936 1514 953 ,
1530 918 1569 947 et

103 962 324 1018 respective
343 963 645 1020 subdelegando
661 962 843 1010 judicem
863 963 903 1003 in
920 964 1050 1019 gradu
1070 978 1277 1012 recursus,
1306 976 1390 1004 non
1405 964 1579 1004 obstan-·

107 1019 219 1061 tibus
239 1021 403 1063 decretis
419 1053 431 1070 ‚
463 1035 501 1063 et
519 1022 886 1063 reformationibus·
909 1022 1146 1078 Signaturae
1165 1050 1179 1063 .

227 1079 412 1134 Quando
448 1080 646 1140 agiturde
678 1094 831 1121 summa
848 1111 860 1128 ‚
890 1095 1002 1121 scuta
1027 1081 1213 1136 quinque
1239 1096 1323 1122 non
1349 1082 1573 1123 excedente

105 1148 290 1177 monetae
308 1169 322 1185 ,
355 1139 396 1178 in
421 1140 578 1193 regione
600 1139 828 1186 currentis»,
861 1139 921 1181 vel
939 1139 1200 1181 existentibus
1229 1140 1270 1180 in
1291 1141 1430 1181 Causa
1459 1141 1566 1182 duo-

62 1221 67 1225 ·
105 1192 183 1234 bus
200 1194 387 1248 judicatis
404 1197 706 1249 con-sequutivis
720 1225 733 1243 ,
745 1209 782 1235 et
799 1197 1075 1236 conformibus
1093 1219 1109 1243 >‚
1123 1197 1184 1238 vel
1202 1199 1252 1236 de
1267 1195 1444 1238 mercede
1462 1200 1571 1240 diur-

105 1265 160 1292 na
182 1282 195 1300 ,
233 1267 303 1293 aut
321 1266 523 1295 menstrua
546 1282 559 1300 ,
591 1267 662 1294 aut
691 1253 739 1294 de
775 1252 970 1294 alimentis
993 1253 1144 1294 futuris
1173 1253 1412 1307 quaestione
1442 1270 1569 1298 emer-

104 1324 220 1367 gente
238 1342 251 1359 ,
285 1312 345 1354 vel
365 1312 412 1366 de
431 1312 677 1353 restitutione
696 1312 863 1367 depositi
881 1312 1239 1368 etiami-rregularis
1255 1326 1394 1354 contra
1412 1314 1568 1370 deposi-

103 1369 254 1413 tarium
274 1401 287 1418 ‚
322 1384 394 1412 aut
411 1371 457 1412 de
478 1368 678 1412 solutione
700 1370 1053 1427 schedulae‚vulgo
1069 1372 1244 1428 Paglzer&
1254 1386 1324 1427 per
1341 1371 1565 1424 altrettann'3

102 1439 174 1469 aut
193 1427 412 1470 litterarum
430 1428 605 1477 cambii,
640 1429 699 1472 vel
718 1444 887 1470 onerum
909 1428 1185 1470 Cameralium
1199 1461 1212 1478 ‚
1243 1444 1281 1470 et
1317 1431 1567 1472 Communi-

101 1486 350 1537 tativorum;
389 1503 432 1529 ac
451 1489 615 1529 demum
634 1487 681 1527 de
707 1487 905 1528 solu-tione
941 1487 1196 1537 Canonum,
1229 1500 1301 1528 aut
1320 1488 1566 1532 Pensionum

104 1544 250 1588 domus
266 1579 279 1596 ,
312 1547 468 1589 nullum
487 1561 693 1590 recursum
713 1547 870 1588 admitti
888 1546 1018 1590 voluit
1037 1545 1077 1587 in
1102 1546 1337 1604 suspensivo
1357 1562 1379 1588 a
1417 1549 1566 1590 Cardi-

102 1606 192 1646 nale
211 1607 410 1649 Praefecto
427 1607 663 1663 Signaturae
681 1637 694 1655 ‚
725 1605 785 1649 vel
805 1605 890 1662 ejus
907 1605 1108 1647 Auditore
1127 1622 1139 1655 ;
1166 1619 1204 1648 et
1220 1605 1261 1646 in
1277 1606 1489 1662 praedictis
1508 1622 1568 1649 ca-

101 1662 213 1705 sibus
233 1694 245 1712 ‚
278 1681 493 1722 postquam
512 1666 702 1710 verificari
741 1665 908 1707 fuerunt
933 1679 1068 1706 coram
1102 1664 1244 1718 Judice
1282 1666 1565 1722 subdelegato,

99 1724 241 1766 statuit
261 1725 635 1782 subdelegationem
655 1740 739 1766 non
761 1724 915 1765 afficere
932 1755 944 1773 ,
979 1724 1053 1766 nisi
1077 1724 1118 1764 in
1138 1723 1223 1765 solo
1238 1723 1471 1768 devolutivo
1491 1753 1509 1772 2
1525 1737 1563 1767 et

102 1779 187 1822 sine
207 1783 456 1839 praejudicio
483 1785 674 1841 legitimae
693 1782 980 1839 exequutionis
998 1814 1009 1823 ο

222 1841 403 1896 Exceptis
431 1842 582 1882 Causis
600 1842 884 1896 privilegiatis,
919 1843 964 1882 in
994 1843 1147 1897 quibus
1180 1845 1232 1884 A.
1269 1843 1322 1884 C.
1346 1855 1401 1883 est
1433 1844 1565 1890 Judex·

101 1912 331 1955 competens
350 1899 391 1938 in
411 1898 540 1954 prima
560 1897 749 1939 instantia
768 1928 781 1947 ,
813 1898 873 1939 vel
890 1913 1052 1954 propter
1072 1901 1359 1956 obligationem
1377 1900 1569 1944 Camera-

98 1954 175 1995 lem
193 1987 206 2004 ‚
243 1970 311 1998 aut
327 1958 541 1997 habentem
560 1956 642 1999 vim
666 1955 772 1998 illius
789 1985 802 2003 ‚
835 1957 896 1999 vel
916 1971 1079 2014 propter
1102 1958 1352 2015 privilegium
1370 1961 1446 2015 leg.
1478 1962 1567 2002 tmi-

97 2027 167 2055 eae
183 2045 196 2063 ,
229 2014 370 2067 quoad
387 2013 560 2068 reliquas
579 2014 738 2055 Causas
755 2028 864 2057 extra
907 2016 1129 2058 districtum
1165 2018 1285 2059 Urbis
1304 2046 1319 2064 ,
1352 2030 1455 2073 quae
1486 2021 1566 2063 sint

97 2087 278 2115 summae
310 2072 523 2114 dumtaxat
553 2071 798 2115 recurribilis
821 2102 834 2121 ,
870 2074 969 2118 idest
1002 2091 1087 2116 non
1109 2075 1346 2133 attingentes
1369 2092 1567 2121 summam

97 2142 310 2174 scutorum
341 2144 506 2174 centum
539 2159 553 2177 ‚
589 2130 804 2180 inhibuit,
838 2146 887 2171 ne
921 2134 962 2173 in
994 2135 1127 2175 Curia
1170 2135 1466 2185 retinerentur,
1496 2151 1567 2180 aut

101 2191 441 2234 committerentur
455 2221 465 2236 ,
480 2189 554 2232 sed
571 2189 1168 2249 semper,praecepit‚subdelega
1176 2195 1207 2234 ri
1227 2195 1351 2236 alium
1367 2196 1565 2248 Judicem,

103 2265 305 2304 quatenus
324 2250 426 2291 adsit
446 2249 486 2289 in
513 2249 651 2290 eadem
675 2246 849 2292 Civitate
865 2279 880 2297 ,
909 2264 978 2291 seu
1002 2250 1093 2292 loco
1110 2283 1123 2301 ,
1157 2251 1198 2292 in
1217 2268 1301 2307 quo
1319 2256 1571 2310 pronuncia-

101 2320 188 2350 tum
211 2310 288 2352 fuit
313 2310 491 2366 primum
520 2306 774 2358 iudicatum3
807 2322 903 2348 cum
935 2309 1050 2351 solita
1081 2310 1261 2353 clausula
1281 2342 1295 2360 ‚
1326 2315 1377 2355 ad
1393 2316 1565 2370 effictum

103 2369 359 2425 cognoscendi
383 2370 428 2408 (le
442 2367 669 2426 gravam-ine
684 2381 756 2421 pro
775 2367 1038 2416 admissione,
1064 2371 1124 2411 vel
1150 2371 1409 2427 denegarione
1436 2386 1568 2412 recur-

99 2441 165 2466 sus
180 2458 190 2474 ‚
225 2442 296 2483 per
324 2441 409 2469 acta
445 2427 612 2483 ejusdem
647 2425 809 2466 Notarii
824 2457 836 2472 .‚
869 2437 906 2467 et
938 2428 1022 2468 sine
1052 2428 1240 2468 solutione
1277 2429 1491 2484 Ριυρίηαε,
1527 2445 1566 2472 et

101 2484 262 2536 Regestz‘
280 2515 292 2532 ‚
308 2496 343 2526 et
379 2497 565 2540 quatenus
586 2486 730 2525 Partes
745 2483 785 2524 in
804 2499 888 2525 eum
921 2501 997 2528 non
1016 2485 1272 2527 consenserint
1289 2516 1301 2534 ‚
1325 2489 1377 2528 acl
1390 2489 1568 2544 effi’etum

102 2543 310 2603 deputandi
333 2544 446 2586 alium
460 2545 636 2593 ‚Iudicem
654 2543 695 2587 in
730 2543 790 2588 sui
804 2544 935 2588 locum
970 2560 1055 2590 ctam
1074 2544 1207 2589 iisdem
1229 2543 1489 2602 facultatibus
1518 2551 1570 2589 cle

1463 2622 1558 2652 COIL-
