1993 3195
563 272 592 304 A
631 271 657 303 P
699 271 723 303 P
762 271 785 304 E
824 271 857 303 N
900 271 932 304 D
973 272 989 304 Ι
1028 269 1060 305 Χῖ
1532 275 1573 312 75

74 323 120 357 D.
137 329 250 357 nostro
285 317 482 356 Auditore,
512 319 609 356 cujus
645 318 791 350 Decreta
819 317 851 349 in
884 318 1041 351 omnibus
1071 314 1237 361 praedictis
1264 313 1333 348 vim
1354 315 1497 348 habeant
1530 327 1579 350 re-

75 370 189 413 scripti
221 366 323 409 plenae
358 365 542 411 Signatum:
571 377 582 405 ;
615 376 632 398 a
667 365 789 409 quibus
820 364 959 407 quidem
991 365 1175 403 Decretis,
1219 361 1339 396 deinde
1373 362 1474 396 liceat
1504 374 1576 397 suc-

77 414 311 454 cumbentibus
340 438 351 454 ,
390 424 555 459 quatenus
584 425 648 448 non
680 413 933 457 acquieverint,
952 423 1126 446 recursum
1156 412 1276 444 habere
1303 411 1344 443 ad
1379 409 1510 454 plenam
1531 411 1580 444 Si-

77 473 253 512 gnaturam
271 488 281 503 ,
320 463 352 497 in
369 476 434 508 qua
465 463 490 496 si
522 463 642 497 iterum
669 461 972 500 succumbuerint,
1001 460 1093 507 parti
1121 459 1256 493 victrici
1270 457 1389 491 solitas
1417 465 1580 505 expensas

77 518 248 549 Scutorum
270 520 412 559 quatuor
440 511 680 547 Procuratores
700 509 732 544 in
763 521 893 554 poenam
909 511 1047 545 reficere
1075 516 1280 543 teneantur.

125 563 188 597 111.
241 561 446 595 Renovando
475 561 552 595 alias
582 558 793 594 laudabiliter
819 558 970 593 ordinata
1009 570 1069 602 pcr
1109 557 1191 591 clar.
1221 567 1321 590 mem.
1354 555 1576 590 Cardinalem

78 610 364 647 Aldobrandinum
390 634 400 649 ‚
442 611 717 654 praedecessorem
748 616 896 642 nostrum
929 632 939 647 ‚
965 606 1104 642 ulterius
1142 605 1337 640 mandamus
1366 628 1376 642 ‚
1412 604 1508 648 quod
1549 604 1576 638 si

78 661 280 705 quandoque
310 658 397 692 inter
422 668 529 702 partes
554 682 564 697 ‚
603 657 659 692 vel
687 667 801 691 earum
834 657 1075 703 Procuratpres
1119 655 1161 689 de
1195 652 1441 689 commissione
1471 664 1584 697 expe-

81 709 202 743 dienda
226 706 331 740 fuerit
369 709 612 742 concordatum
638 731 648 745 ,
692 714 728 739 ut
766 705 962 744 hujusmodi
989 716 1170 739 consensus
1211 710 1396 747 appareat,
1426 701 1578 746 ipsaemet

81 758 192 792 Partes
210 780 220 795 ‚
253 754 305 788 vel
333 766 447 789 earum
478 756 712 790 Procuratores
735 766 793 788 sua
821 756 987 799 cujusque
1022 753 1155 797 nomina
1182 765 1198 786 a
1226 761 1322 795 tergo
1357 749 1579 785 commissio-

82 806 131 840 nis
162 803 367 844 inscribant;
396 805 635 839 Procuratores
661 812 771 838 autem
800 804 925 847 absque
944 801 1096 847 legitimo
1129 801 1286 834 Procurae
1316 799 1472 833 mandato
1512 796 1583 832 tale

83 853 256 899 quidpiam
284 853 440 887 audentes
475 855 609 888 reficere
643 852 726 896 parti
757 850 839 886 laesae
868 860 1041 886 teneantur
1068 861 1227 895 expensas
1254 873 1264 888 ,
1296 849 1438 886 damna,
1467 856 1501 882 et
1532 847 1584 881 in-

84 913 209 938 teresse
240 911 298 947 per
325 913 384 937 nos
422 900 720 942 extraiudicialiter
742 901 880 935 taxanda
909 925 918 940 ‚
957 899 1078 934 additis
1115 898 1215 933 etiam
1251 896 1465 942 gravioribus
1503 894 1577 930 aliis

85 950 193 997 poenis
224 961 284 995 pro
311 949 441 995 culpae,
466 951 603 996 dolique
631 949 704 985 mali
733 961 884 985 mensura
909 948 1048 984 arbitrio
1083 958 1199 982 nostro
1229 944 1446 984 judicandis,
1480 944 1572 989 quod

86 1009 126 1035 ut
150 998 343 1046 plenissime
369 1001 593 1038 observetur,
632 999 811 1038 volumus,
837 1008 872 1033 et
895 997 1090 1032 mandamus
1117 1020 1127 1035 ‚
1160 995 1251 1040 quod
1277 994 1434 1038 deinceps
1465 991 1578 1027 omni-

88 1060 157 1088 no,
189 1048 246 1082 ubi
265 1048 376 1082 Partes
405 1050 446 1083 de
474 1048 683 1093 expedienda
711 1047 948 1082 commissione
971 1044 1215 1083 convenerint,
1242 1045 1335 1082 juxta
1361 1053 1504 1076 consens
1525 1051 1584 1075 um

89 1096 286 1137 hujusmodi
303 1097 560 1132 commissiones
591 1097 763 1143 signandas
792 1096 935 1131 Revisor
953 1095 1047 1130 nobis
1064 1093 1179 1129 afferre
1197 1098 1349 1126 teneatur
1363 1115 1373 1125 .

137 1146 201 1179 IV.
260 1146 302 1178 Et
328 1157 368 1179 ne
385 1158 446 1179 suo
475 1157 616 1192 quaeque
639 1145 757 1180 ordine
774 1157 824 1179 res
838 1145 1061 1183 fraudentur,
1091 1141 1312 1187 prohibemus
1332 1138 1435 1174 etiam
1452 1162 1462 1177 ⁷
1487 1138 1579 1183 quod

92 1192 365 1230 transmittantur
382 1194 413 1228 in
430 1193 526 1239 plena
539 1195 714 1240 Signatura
744 1194 997 1229 commissiones
1027 1201 1249 1238 quaecumque
1266 1199 1330 1234 pro
1348 1186 1494 1232 simplici
1509 1198 1581 1220 sen-

95 1241 278 1278 tentiarum
301 1266 311 1282 ,
335 1242 389 1277 vel
415 1245 626 1278 decretorum
645 1243 956 1286 circumscriptione
971 1267 980 1282 ‚
1015 1240 1077 1275 nisi
1099 1240 1129 1273 in
1145 1239 1268 1274 eisdem
1286 1234 1582 1272 commissionibus

92 1290 290 1326 alternativa
305 1291 424 1336 petitio
445 1301 661 1337 apponatur,
694 1293 784 1337 quod
807 1291 936 1326 scilicet
966 1300 1129 1337 quatenus
1156 1300 1221 1323 non
1249 1286 1291 1321 sit
1306 1285 1401 1320 locus
1431 1285 1589 1319 circum-

91 1338 269 1383 scriptioni
311 1341 544 1375 committatur
576 1353 676 1376 causa
701 1340 933 1385 appellationis
976 1352 1052 1375 cum
1081 1336 1240 1373 clausulis
1268 1333 1472 1380 opportunis
1494 1357 1504 1373 ,
1542 1342 1583 1366 ne

91 1388 208 1422 Partes
238 1387 403 1423 reiteratis
437 1389 725 1434 propositionibus
752 1398 960 1424 onerentur.

140 1435 186 1470 V.
239 1434 378 1480 Insuper
402 1436 557 1471 volumus
577 1461 587 1476 ‚
616 1439 709 1483 quod
736 1439 848 1471 Partes
879 1444 1052 1471 teneantur
1077 1436 1154 1468 dare
1172 1433 1214 1470 ,in
1246 1442 1359 1466 earum
1388 1427 1587 1464 Summariis

96 1485 158 1519 sub
184 1494 324 1517 numero
355 1484 463 1528 primo
488 1485 617 1530 copiam
649 1487 690 1519 de
711 1487 816 1519 verbo
838 1485 877 1520 ad
909 1485 1053 1518 verbum
1079 1481 1328 1516 collationatam
1362 1491 1439 1514 cum
1468 1477 1591 1522 Origi-

98 1532 227 1566 nalibns
244 1531 535 1568 commissionum
552 1559 562 1571 ‚
591 1545 663 1579 quae
688 1533 821 1578 abipsis
847 1533 1016 1578 signanda:
1048 1531 1268 1577 porriguntur
1297 1529 1328 1562 in
1354 1527 1452 1573 plena
1467 1526 1586 1571 Signa—

99 1589 196 1619 tura,
223 1590 353 1614 necnon
377 1583 438 1616 sub
471 1583 622 1627 sequenti
640 1593 780 1617 numero
806 1584 980 1618 decretum
1001 1605 1011 1620 ‚
1043 1592 1102 1616 seu
1116 1578 1338 1615 sententiam,
1367 1588 1384 1610 a
1408 1587 1474 1620 quo
1491 1598 1502 1614 ,
1530 1572 1587 1607 vel

99 1643 117 1665 a
144 1641 209 1673 qua
229 1638 392 1673 petuntur
417 1629 515 1665 dictae
543 1630 797 1664 commissiones
828 1641 888 1674 per
906 1639 1078 1665 extensum
1094 1653 1105 1668 ‚
1133 1627 1211 1662 alias
1244 1626 1386 1670 praefatae
1407 1634 1513 1658 causat
1528 1633 1588 1668 per

101 1679 250 1718 ejusdem
268 1678 447 1723 Signaturae
474 1679 638 1713 l’onentes
667 1679 807 1713 omnino
829 1691 894 1714 non
929 1686 1182 1721 proponentur,
1215 1673 1347 1720 ipsique
1377 1673 1590 1706 Procurato-

100 1737 151 1761 res
167 1750 177 1765 ,
200 1724 257 1771 qui
273 1725 351 1761 alias
379 1726 586 1767 defecerint,
616 1728 771 1773 expensis
789 1727 884 1763 dictae
910 1728 1094 1773 Signaturae
1109 1749 1119 1765 ,
1147 1724 1285 1770 aliisque
1306 1720 1447 1757 arbitrio
1466 1729 1586 1755 nostro

103 1774 210 1821 poenis
228 1775 473 1819 subiicientur.

152 1823 212 1857 VI.
264 1825 467 1860 Inhaerentes
492 1825 635 1860 decretis
650 1823 728 1860 alias
755 1825 854 1860 editis
885 1836 944 1870 per
957 1824 1036 1859 clar.
1066 1816 1397 1858 mem.Cardinaief1'2
1425 1817 1589 1854 Chisium

105 1873 386 1918 praedecessorem
416 1883 563 1909 nostrum
598 1875 833 1919 praecipimus,
862 1882 894 1908 et
919 1874 1141 1912 mandamus,
1177 1870 1267 1916 quod
1299 1867 1479 1912 Scripturae
1510 1878 1588 1912 pro-

106 1921 271 1956 ducantur
300 1922 438 1958 omnino
465 1936 524 1970 per
555 1925 668 1958 decem
696 1923 763 1958 dies
791 1932 862 1958 ante
887 1922 1157 1966 Propositionem
1194 1928 1300 1954 causa:
1332 1917 1363 1951 in
1393 1916 1593 1962 Signatura,

109 1981 173 2003 non
192 1970 406 2013 prohibent‘es
422 1982 533 2007 tamen
548 1972 754 2007 Ponentibus
771 1972 801 2006 in
819 1970 946 2007 casibus
961 1970 1024 2005 sibi
1051 1967 1226 2005 benevivis
1240 1991 1250 2008 ‚
1284 1975 1318 2000 et
1331 1964 1389 2000 ubi
1410 1964 1590 2000 necessitas

108 2017 357 2072 postulaverit,
386 2022 591 2067 scripturas,
619 2030 653 2064 et
669 2023 742 2060 iura
762 2046 772 2062 ‚
803 2021 873 2056 sive
899 2019 1048 2065 privata,
1085 2019 1156 2054 sive
1173 2015 1308 2063 publica
1337 2014 1518 2059 recipere,
1549 2011 1586 2046 il-

109 2065 258 2111 laquem
289 2069 384 2113 plena
399 2072 574 2116 Signatura
595 2070 716 2105 referre
734 2095 744 2110 ‚
772 2079 807 2104 ut
832 2071 873 2104 de
888 2069 1013 2103 eisdem
1041 2070 1202 2104 habeatur
1232 2078 1270 2101 ea
1295 2062 1406 2103 rat10,
1442 2073 1516 2108 quae
1549 2062 1592 2096 de

110 2116 182 2156 iure
210 2116 360 2151 habenda
385 2118 452 2152 erit
469 2141 479 2152 .

157 2163 235 2198 Vll.
256 2166 410 2201 Caveant
431 2166 516 2201 DD.
533 2167 698 2202 Ponentes
714 2164 745 2200 in
774 2173 949 2211 posterum
981 2164 1190 2200 subscribere
1210 2162 1458 2208 propositiones
1486 2168 1598 2194 causa-

112 2220 183 2244 rum
221 2223 338 2248 contra
365 2214 505 2249 formam
535 2215 775 2259 praesentium,
805 2228 877 2250 nam
905 2225 1023 2249 eorum
1059 2210 1307 2258 subscriptione
1351 2222 1417 2245 non
1446 2210 1600 2244 obstante

116 2269 220 2314 causat
236 2274 300 2298 non
318 2272 548 2308 proponentur
561 2287 571 2301 ‚
598 2272 634 2296 ut
650 2274 750 2306 supra
765 2286 775 2302 ,
803 2272 837 2297 et
852 2263 1093 2297 Procuratores
1113 2262 1144 2296 in
1160 2260 1313 2305 expensis
1328 2282 1339 2299 ,
1366 2268 1400 2295 et
1411 2257 1481 2293 aliis
1498 2254 1600 2290 etiam

116 2309 327 2353 gravuoribus
345 2312 447 2357 poenis
463 2312 710 2346 damnabuntur
727 2332 736 2344 .

125 2405 132 2411 .
166 2356 266 2392 vlu.
283 2359 443 2395 Praeterea
462 2359 673 2395 decernimus
692 2383 702 2398 ,
729 2359 819 2403 quod
839 2367 985 2405 quatuor
1001 2366 1126 2392 tantum
1144 2369 1248 2393 causae
1281 2352 1425 2403 proponi
1461 2359 1602 2397 possunt
1645 2381 1649 2385 .

123 2417 154 2439 ιη
172 2406 269 2459 plena
283 2407 457 2452 Signatura
476 2421 536 2455 per
552 2407 737 2454 quemlibet
756 2408 955 2445 Ponentem,
973 2407 1106 2449 quando
1122 2407 1299 2451 Signatura
1318 2408 1355 2441 fit
1368 2406 1408 2439 de
1423 2403 1603 2437 hebdoma-

121 2455 205 2488 dam
229 2457 469 2495 hebdomadam
484 2483 494 2500 ,
523 2461 655 2504 quando
674 2469 757 2491 vero
772 2457 807 2491 fit
828 2455 909 2490 infra
928 2455 1119 2501 quindecim
1142 2455 1235 2493 dies,
1254 2463 1332 2489 tunc
1360 2452 1504 2498 proponi
1526 2463 1605 2497 pos-

124 2512 200 2537 sunt
216 2517 319 2552 usque
333 2508 372 2542 ad
389 2519 469 2549 seat,
496 2520 559 2542 non
580 2505 831 2552 comprehensis
849 2506 880 2539 in
900 2514 1046 2550 utroque
1077 2516 1159 2548 casu
1173 2502 1262 2544 illis,
1289 2514 1362 2549 quae
1379 2504 1542 2540 redeunt,
1571 2506 1605 2533 et

1029 2554 1052 2589 k
1079 2564 1096 2587 2
1534 2556 1606 2594 qux
