1993 3195
637 342 678 385 C
714 341 752 382 A
785 341 816 381 P
848 340 888 382 U
921 342 959 384 T
1023 344 1074 387 11.
1462 352 1517 393 18

107 406 151 449 xi
185 414 386 454 servatum
405 399 524 443 etiam
549 409 637 451 est;
671 414 766 443 nam
786 414 896 442 anno
921 415 1047 457 1724.
1064 402 1120 444 A.
1142 403 1196 446 C.
1215 413 1294 446 met
1310 436 1323 455 ‚
1355 417 1393 449 et
1410 369 1566 466 Signi}-

108 478 197 508 tura
230 477 342 504 anno
364 474 493 519 1740.
523 460 842 503 moderationem
863 461 1129 505 decreverunt
1151 463 1570 525 appellationis,pro-

106 523 262 582 positae
280 537 416 565 coram
436 525 486 562 Α.
504 520 559 562 (3.
579 549 592 568 ‚
608 534 648 562 et
667 520 906 563 remiserunt
925 520 1087 564 Causas
1119 523 1173 564 ad
1192 524 1332 567 Rotam
1358 526 1511 570 Urbini
1527 560 1536 570 .

226 585 290 625 Ex
310 583 370 623 his
389 581 608 632 omnibus,
622 595 749 638 usque
767 581 905 623 adhuc
931 582 1133 626 recensitis
1149 584 1290 639 quoad
1304 586 1568 644 amplissimas

107 641 319 685 facultates
345 641 557 683 Auditoris
587 641 831 698 Signaturae
849 671 862 690 ‚
895 641 1192 698 apertissimum
1223 644 1372 702 cuique
1391 646 1460 694 fit,
1483 649 1569 689 nori

107 703 242 760 praxis
264 701 552 743 tantummodo
578 732 591 750 ,
619 702 689 743 sed
713 700 1073 757 Jurisprudentiae
1104 718 1357 763 summopere
1391 706 1567 764 peritum

107 777 202 804 eum
216 775 294 803 esse
312 774 496 818 oportere
509 760 599 810 ‚cui
615 761 825 817 provincia
841 760 939 803 haec
957 762 1256 815 demandatur;
1278 781 1409 822 quum
1433 767 1567 811 novis-2

104 821 212 864 simis
231 821 335 863 hisce
362 822 612 878 temporibus
632 820 811 862 Auditor
829 820 1068 878 Signaturae
1087 824 1270 866 eamdem
1289 826 1565 884 cognitionem

105 880 149 922 in
179 882 435 932 decernendo
451 881 658 923 instituere
685 881 858 931 debeat,
879 896 1007 939 quam
1033 883 1237 926 Tribunal
1267 885 1399 944 ipsum
1427 886 1469 929 in
1505 902 1568 929 re·=

104 938 320 983 scrib'endo
337 941 501 984 adhibet
518 956 531 990 ;
547 941 805 998 proindeque
830 956 854 983 a
872 955 972 984 vero
998 944 1148 1002 quippe
1172 945 1362 988 aberrant
1381 946 1568 989 nonnul-

106 999 132 1042 li
149 1001 336 1042 Forenses
354 1032 367 1049 ‚
394 1003 464 1057 qui
497 1001 868 1058 „lurisprudentiam
900 1003 1114 1045 consistere
1149 1019 1313 1046 omnem
1331 1006 1563 1063 opinantur

85 1059 153 1114 ‘in
172 1060 458 1116 subterfugiis,
492 1074 529 1102 et
570 1059 899 1109 cavillationibus
925 1060 1149 1104 excitandis
1175 1094 1189 1113 ,
1220 1064 1321 1105 dum
1353 1065 1471 1122 ajunt
1504 1065 1568 1108 Si-

107 1133 305 1176 gnatusae
326 1120 540 1161 Auditoris
567 1117 782 1172 judicandi
807 1134 940 1177 genus
967 1123 1072 1177 pene
1089 1122 1294 1165 diversum
1316 1123 1337 1165 a
1367 1139 1569 1180 quocum-

109 1192 191 1231 que
221 1178 303 1216 alio
333 1192 412 1217 esse
452 1180 630 1226 debere;
661 1179 792 1226 itaut,
826 1180 1044 1234 postposita
1075 1182 1188 1221 omni
1220 1182 1332 1238 legali
1366 1183 1532 1226 scientia
1553 1213 1569 1233 ,

106 1234 296 1278 fraenum
320 1236 532 1277 dumtaxat
548 1234 796 1292 litigantium
818 1237 1032 1278 calumniis
1061 1238 1225 1292 injicere
1262 1240 1324 1280 ille
1346 1253 1531 1284 teneatur
1551 1271 1564 1284 .

108 1294 239 1353 Quod
258 1295 355 1336 sane
374 1326 386 1343 ‚
415 1308 620 1351 quantum
636 1327 649 1344 ,
683 1308 729 1337 ut
762 1296 1026 1346 dicebamus,
1057 1313 1080 1338 a
1105 1313 1200 1342 vero
1235 1299 1350 1342 distet
1370 1328 1383 1347 ,
1409 1300 1567 1359 ipsimet

108 1356 228 1398 etiam
245 1367 493 1413 agnoscent,
519 1369 539 1397 e
559 1368 693 1398 rerum
727 1356 850 1406 serie,
890 1356 1091 1401 hactenus
1108 1358 1387 1418 expositarum
1402 1389 1414 1403 .

599 1499 912 1544 CAPUT
974 1502 1076 1545 111.

197 1652 262 1696 De
289 1648 629 1696 commissionibus
644 1646 771 1706 Juxta
803 1648 996 1694 diversam
1024 1654 1271 1716 negotiorum
1299 1666 1481 1702 naturam

669 1711 983 1763 transmittendis
999 1742 1015 1757 0

116 1773 529 1883 Commissionum
554 1827 721 1871 materia
741 1859 755 1877 ,
789 1830 845 1871 ait
862 1831 1130 1885 Quintilianus
1155 1835 1402 1877 Mandosius
1420 1834 1494 1893 (1)
1525 1835 1574 1879 Ιί-

113 1902 177 1937 cet
197 1890 384 1948 frequens
401 1919 414 1937 ‚
449 1899 488 1930 et
504 1889 544 1929 in
551 1887 773 1941 fhrensibus
780 1887 949 1941 judiciis
964 1893 1193 1948 quotidiana
1219 1895 1364 1937 exi-teat
1386 1927 1400 1945 ‚
1424 1909 1569 1953 parum

113 1962 242 1996 tamen
257 1966 281 1990 a
292 1950 467 2007 pluribus
495 1959 551 1990 est
565 1946 750 2004 exquisite*
767 1948 924 2005 cognita
942 1977 956 1989 .
995 1951 1047 1992 Et
1064 1968 1194 2008 quum
1229 1952 1386 2007 judicia
1409 1970 1432 1996 a
1458 1970 1572 1999 com.

115 2010 377 2054 missionibus
410 2009 451 2048 in
471 2009 640 2049 caeteris
672 2019 759 2064 post
791 2008 962 2063 primam
998 2011 1199 2055 instantiis
1228 2012 1461 2071 incipiant,
1486 2015 1575 2057 illo-

117 2083 291 2124 rumque
322 2067 596 2110 fundamenta
627 2067 742 2114 sint,
780 2069 1065 2127 unusquisque
1096 2085 1157 2115 sat
1193 2073 1408 2131 intelligit,
1435 2073 1577 2132 plenis·

119 2129 263 2175 simam
288 2141 430 2168 earum
447 2128 719 2184 cognitionem
741 2127 973 2169 habendam
990 2145 1070 2170 esse
1094 2162 1104 2172 .
1142 2132 1251 2175 Hinc
1269 2133 1418 2175 mirum
1436 2132 1575 2191 profe-

122 2191 185 2234 εῑὸ
202 2202 286 2230 non
304 2201 360 2228 est
380 2216 392 2234 ,
417 2185 448 2228 si
469 2187 658 2238 laudatus
683 2184 926 2228 Mandosius
944 2189 1152 2232 materiam
1172 2192 1276 2234 hanc
1297 2192 1463 2236 duobus
1482 2208 1572 2235 am·

123 2247 302 2308 piissimis
321 2247 601 2291 voluminibus
618 2243 850 2303 complexus
867 2249 917 2290 sit
933 2279 946 2298 ‚
975 2263 1101 2306 aeque
1122 2265 1166 2292 ac
1186 2253 1474 2295 Marclxesanus
1493 2252 1572 2294 alio

126 2309 246 2351 etiam
274 2322 392 2366 opere
414 2336 427 2353 ‚
461 2306 742 2365 magnitudine
776 2306 926 2367 quippe
960 2324 1044 2351 non
1080 2310 1287 2369 inaequali
1306 2342 1317 2352 .
1354 2313 1389 2353 E
1419 2314 1572 2369 quibus

129 2368 296 2422 quidem
330 2369 466 2424 aliqua
487 2367 529 2409 in
552 2364 839 2424 compendium
865 2384 939 2426 pro
954 2367 1159 2413 Tironum
1180 2387 1256 2413 usu
1286 2370 1572 2413 tantummodo

133 2427 201 2472 hic
220 2427 460 2485 redegimus,
475 2427 637 2485 adjectis
656 2428 778 2468 etiam
797 2426 1002 2483 aliquibus
1018 2430 1574 2496 observationibusfflraesen:

978 2492 1017 2530 A
1041 2504 1062 2530 a
1098 2502 1121 2530 2
1543 2500 1573 2532 tt

629 2559 784 2571 —n—-n
943 2557 1575 2577 —n--u--*

186 2618 240 2658 (ι)
263 2621 310 2651 De
327 2620 487 2653 commiss.
504 2618 537 2649 in
556 2627 684 2662 procem.
