1952 3167
342 305 426 350 ³190
443 333 452 336 .
621 290 697 333 DE
723 287 860 340 JURE
884 284 1234 331 SlGNATURAE
1260 284 1513 336 JUSTFHAE

343 365 503 398 nuntur
519 380 533 401 ‚
562 351 630 395 sed
662 352 708 393 de
746 363 947 393 consensu
980 349 1155 407 partium
1181 347 1347 403 Regenti
1382 343 1660 389 Cancellariae
1694 340 1787 389 offe·

344 426 496 457 runtur
515 411 737 471 signandae
754 424 766 459 ;
784 421 830 450 ut
849 422 982 450 autem
1003 408 1086 449 illae
1105 408 1300 463 legitimae
1321 406 1400 449 s‘mt
1417 437 1429 454 ,
1456 407 1518 448 hic
1538 406 1784 449 adnotamus

346 473 448 530 quid
463 469 790 516 statutumf'uerit
808 498 819 509 .
845 468 1098 510 Renovando
1115 468 1223 508 enim
1240 465 1519 507 ordinationes
1535 497 1547 515 ‚
1582 467 1664 507 hac
1684 466 1732 507 de
1752 479 1792 507 re

347 533 472 576 factas
503 548 571 591 per
602 530 841 575 cardinalem
872 526 1200 569 Aldolnvnclinum
1229 557 1242 576 ,
1272 525 1398 566 Izffius
1426 523 1586 566 Salviati
1617 525 1758 567 statuit
1776 556 1791 576 ‚

349 596 454 651 quod
473 595 505 636 si
529 594 753 651 quandoque
776 589 876 631 inter
898 588 1031 629 Partes
1049 618 1061 636 ‚
1078 589 1139 628 vel
1162 600 1288 628 eorum
1313 585 1590 627 Procuratores
1608 583 1653 624 de
1673 585 1787 626 Com-

347 653 530 698 missione
556 646 919 710 expediemlafuerit
942 648 1211 690 concordatum
1226 676 1237 693 ‚
1255 657 1298 688 nt
1317 647 1366 687 de
1381 641 1604 699 hujusmodi
1620 657 1793 686 consen-

351 730 396 756 su
424 713 519 756 sacis
536 721 683 756 constet
698 742 711 760 ‚
731 709 919 768 ipsaemet
937 708 1071 750 Partes
1091 736 1103 755 ‚
1124 722 1303 749 earumve
1321 707 1592 748 Procuratores
1619 719 1694 745 sua
1721 717 1795 745 cu-

339 772 484 831 jusque
504 772 670 819 ¹nomina
703 786 726 812 a
757 779 869 827 tergo
895 766 1216 810 commissionum
1246 766 1468 823 hujusmodi
1497 763 1706 806 describere
1737 763 1798 804 de·

351 834 471 875 beant
489 864 499 875 .
535 835 608 874 Pro
629 829 864 884 hujusmodi
897 842 1027 870 tamen
1047 825 1188 870 effectu
1220 842 1323 884 opus
1339 839 1397 868 est
1413 857 1425 874 ,
1443 839 1488 867 ut
1508 828 1793 866 Procuratores

351 892 572 950 legitimum
593 891 832 933 mandatum
849 890 1047 930 Procurae
1080 888 1280 933 habeant,
1314 886 1406 927 alifas
1433 887 1586 938 absque
1620 898 1668 925 eo
1690 896 1798 924 con-

351 966 513 994 sensum
534 950 744 991 antedictis
764 946 1117 989 commissionibus
1139 976 1148 989 ,
1169 960 1214 987 ut
1237 959 1374 1001 supra,
1389 955 1637 1000 praestantes
1652 972 1665 990 ,
1688 939 1798 982 alteri

352 1009 458 1050 Parti
478 1011 577 1050 lesae
595 1019 810 1050 teneantur
831 1004 987 1046 reficere
1005 1017 1198 1059 expensas
1216 1033 1229 1052 ,
1246 1004 1452 1051 interesse,
1470 1015 1508 1043 et
1536 1001 1686 1042 damna
1699 1031 1712 1049 ‚
1730 1010 1800 1055 per

352 1066 540 1110 eumdem
570 1069 718 1108 Efitum
745 1064 996 1106 Praefectum
1025 1061 1377 1118 extrajudicialiter
1412 1061 1590 1103 taxanda
1617 1091 1630 1109 ,
1650 1057 1801 1101 additis

352 1127 476 1172 etiarn
503 1127 587 1169 aliis
607 1123 861 1185 gravioribus
880 1122 1044 1179 poenis,
1061 1137 1136 1179 pro
1152 1123 1268 1179 culpa
1293 1152 1303 1167 ‚
1323 1121 1485 1176 dolique
1513 1120 1604 1162 mali
1636 1131 1803 1161 mensu-

353 1202 397 1229 ra
411 1219 424 1238 ,
440 1187 619 1243 ejusdem
638 1184 804 1227 arbitrio
825 1182 1050 1238 infligendis
1066 1197 1080 1230 .·,
1099 1196 1138 1224 et
1157 1197 1230 1238 pro
1256 1181 1423 1239 pleniori
1445 1178 1701 1223 observantia
1721 1175 1802 1230 jus-

353 1247 402 1291 sit
418 1248 539 1289 etiam
554 1260 623 1295 ‚ut
641 1242 957 1285 Commissiones
975 1239 1057 1292 jam
1076 1242 1224 1289 dictas,
1245 1254 1397 1283 servata
1418 1238 1545 1280 forma
1565 1233 1800 1293 praescripti

354 1319 580 1348 consensus
598 1335 609 1352 ‚
626 1315 663 1343 et
680 1316 764 1342 non
782 1299 1087 1346 secus,Revisor
1116 1300 1331 1356 signandas
1356 1295 1498 1338 offerre
1527 1308 1712 1338 teneatur
1733 1325 1743 1335 .

472 1364 637 1407 Revisor
651 1360 1000 1403 commissionum
1029 1372 1050 1398 a
1072 1359 1264 1401 Pontifice
1284 1357 1440 1415 eligitur
1461 1355 1602 1397 audito
1620 1353 1722 1394 Effit,
1737 1351 1805 1395 Si-

354 1439 553 1482 gnaturae
578 1421 806 1466 Praefecto,
825 1420 897 1474 qui
921 1419 1026 1460 facta
1048 1419 1239 1469 relatione
1267 1417 1503 1457 meritorum
1521 1428 1804 1471 personarum,

355 1484 410 1526 ad
423 1483 576 1526 dictum
597 1480 775 1522 officium
798 1477 1099 1531 assequendum
1116 1475 1448 1518 concurrentium
1472 1504 1482 1520 ,
1502 1490 1576 1516 suo
1599 1473 1806 1530 Rescripto

354 1543 541 1586 confecto
569 1555 617 1583 ex
637 1537 845 1581 Audiemia
864 1535 1112 1579 sanctissimi
1129 1567 1141 1586 ‚
1166 1534 1363 1579 enunciat
1396 1534 1598 1576 Pontificis
1614 1532 1807 1576 volunta-

346 1614 465 1650 lem,
491 1601 557 1643 cui
587 1613 725 1656 nempe
753 1596 986 1651 hujusmodi
1019 1595 1200 1638 officium
1233 1594 1413 1637 conferre
1448 1593 1611 1638 voluit.
1642 1590 1808 1634 Deinde

344 1660 595 1719 Epistoliurn
614 1657 731 1701 mittit
749 1657 799 1699 ad
819 1658 966 1700 limum
984 1657 1250 1698 Secretarium
1271 1655 1484 1700 meviam,
1504 1655 1557 1695 ad
1579 1655 1654 1696 hoc
1678 1665 1724 1694 ut
1741 1651 1807 1694 di-

347 1734 526 1778 gnetur,
537 1717 836 1776 expeditionem
852 1715 1033 1760 consueti
1055 1715 1186 1759 Brevis
1199 1716 1327 1758 dictae
1344 1712 1619 1771 deputationis
1635 1711 1806 1754 deman-

359 1780 455 1822 dare
476 1809 486 1820 .
520 1780 576 1821 lta
599 1791 800 1821 servatum
824 1777 902 1819 fuit
933 1776 974 1817 in
993 1776 1184 1821 electione
1215 1774 1439 1816 Alexandri
1469 1771 1708 1815 Mucciolini
1725 1803 1740 1821 ,
1768 1781 1809 1817 et

347 1836 497 1887 Breve,
514 1853 590 1897 pro
601 1852 677 1880 sua
695 1836 956 1894 deputatione
972 1835 1223 1890 expeditum,
1240 1846 1296 1875 est
1312 1834 1355 1873 id
1370 1863 1383 1882 ,
1402 1831 1518 1886 quod
1529 1831 1716 1888 sequitur
1734 1861 1746 1874 .

742 1924 1114 1971 -CLEMENS
1159 1923 1266 1965 P-P.
1313 1922 1454 1965 XIV.

480 2017 629 2061 Dilecte
659 2016 742 2060 fili
773 2017 935 2059 salutem
955 2043 968 2061 ,
1000 2025 1038 2057 et
1054 2012 1318 2071 Apostolicam
1337 2008 1638 2054 Remedia-tionem
1653 2037 1664 2048 .
1703 2005 1806 2050 Cum

361 2076 538 2133 Officium
563 2076 755 2121 Revisoris
781 2076 994 2133 supplicum
1025 2074 1236 2116 libellorum
1274 2072 1510 2129 Signaturae
1538 2078 1699 2110 nostrae
1724 2068 1806 2116 Ju-

360 2138 489 2179 stiriae
501 2169 515 2185 ,
543 2139 855 2195 qnod-quondam
865 2132 1189 2185 ,Ioannes-Ioseph
1207 2130 1409 2170 Smacloers
1427 2158 1436 2171 ,
1454 2128 1545 2169 dum
1561 2128 1703 2170 viveret
1715 2125 1810 2169 obti-

361 2198 478 2238 nebat
500 2213 570 2251 per
585 2197 731 2237 obitum
766 2190 861 2232 dicti
868 2188 1031 2236 Ioannis
1056 2187 1213 2245 josephi
1238 2203 1363 2245 nuper
1376 2186 1549 2242 defuncti
1578 2186 1775 2232 vacaverit
1790 2214 1806 2236 ,

364 2267 403 2298 et
421 2265 530 2296 vacet
557 2256 810 2311 adpraesens
830 2280 838 2289 .
874 2250 960 2291 Nos
977 2247 1170 2305 cupientes
1193 2247 1415 2304 hujusmodi
1447 2247 1593 2290 libellos
1618 2245 1808 2306 supplices

363 2315 602 2372 Signaturae
627 2309 830 2368 praefatae
845 2324 915 2368 per
928 2307 1332 2366 personamffidoaeam
1349 2339 1363 2358 ,
1395 2322 1432 2350 et
1448 2322 1575 2350 rerum
1594 2340 1607 2358 ‚
1640 2323 1738 2366 quae
1755 2305 1808 2350 ad

355 2372 549 2431 justitiam
565 2371 760 2428 pertinent
773 2370 935 2426 peritam
951 2399 963 2418 ,
983 2378 1083 2409 recte
1102 2366 1318 2425 ,fideliten
1335 2383 1386 2410 ac
1400 2368 1603 2426 diligenter
1613 2381 1808 2428 recogno-

355 2433 438 2482 sci,
470 2442 511 2473 et
526 2428 687 2474 revideri
706 2460 718 2476 ,
754 2444 804 2472 ac
837 2439 1035 2486 sperantes
1052 2459 1064 2477 ‚
1092 2429 1194 2485 quod
1210 2439 1251 2471 tu
1267 2440 1336 2470 tua
1360 2428 1446 2488 fiae
1465 2457 1478 2475 ‚
1509 2439 1545 2470 et
1558 2424 1806 2487 experientia

361 2492 494 2534 omnia
515 2521 528 2540 ,
562 2503 599 2534 et
613 2491 777 2551 singula
796 2523 808 2540 ,
843 2506 941 2548 quae
957 2490 1010 2531 acl
1027 2487 1244 2543 hujusmodi
1264 2489 1455 2531 Revisoris
1488 2489 1654 2543 officium
1680 2485 1807 2544 perti-

365 2563 456 2595 nent
485 2552 702 2597 cumulatae
721 2550 939 2611 praestabis
957 2579 969 2594 .
995 2549 1087 2592 Ideo
1104 2560 1141 2592 te
1160 2564 1184 2591 a
1214 2549 1407 2608 quibusvis
1434 2545 1808 2596 excommunicatio-

1716 2618 1781 2650 !llS
1791 2633 1810 2658 φ
