<?xml version="1.0" encoding="UTF-8"?>
<!DOCTYPE html PUBLIC "-//W3C//DTD XHTML 1.0 Transitional//EN"
    "http://www.w3.org/TR/xhtml1/DTD/xhtml1-transitional.dtd">
<html xmlns="http://www.w3.org/1999/xhtml" xml:lang="en" lang="en">
 <head>
  <title>
</title>
<meta http-equiv="Content-Type" content="text/html;charset=utf-8" />
  <meta name='ocr-system' content='tesseract 3.04.00' />
  <meta name='ocr-capabilities' content='ocr_page ocr_carea ocr_par ocr_line ocrx_word'/>
</head>
<body>
  <div class='ocr_page' id='page_1' title='image "./dejuresignaturae00vita_0353.png"; bbox 0 0 1993 3195; ppageno 0'>
   <div class='ocr_carea' id='block_1_1' title="bbox 105 283 1596 610">
    <p class='ocr_par' dir='ltr' id='par_1_1' title="bbox 105 283 1596 610">
     <span class='ocr_line' id='line_1_1' title="bbox 610 283 1592 326; baseline -0.005 -6"><span class='ocrx_word' id='word_1_1' title='bbox 610 287 642 320; x_wconf 85' lang='lat' dir='ltr'>A</span> <span class='ocrx_word' id='word_1_2' title='bbox 681 286 708 319; x_wconf 81' lang='grc' dir='ltr'><strong>Ρ</strong></span> <span class='ocrx_word' id='word_1_3' title='bbox 743 287 768 319; x_wconf 88' lang='grc' dir='ltr'><strong>Ρ</strong></span> <span class='ocrx_word' id='word_1_4' title='bbox 808 286 831 319; x_wconf 83' lang='lat' dir='ltr'>E</span> <span class='ocrx_word' id='word_1_5' title='bbox 868 286 902 319; x_wconf 90' lang='lat' dir='ltr'>N</span> <span class='ocrx_word' id='word_1_6' title='bbox 948 286 981 318; x_wconf 91' lang='lat' dir='ltr'>D</span> <span class='ocrx_word' id='word_1_7' title='bbox 1020 285 1036 318; x_wconf 88' lang='lat'>1</span> <span class='ocrx_word' id='word_1_8' title='bbox 1076 283 1107 318; x_wconf 81' lang='lat' dir='ltr'>X</span> <span class='ocrx_word' id='word_1_9' title='bbox 1545 292 1592 326; x_wconf 83' lang='lat'>49</span> 
     </span>
     <span class='ocr_line' id='line_1_2' title="bbox 203 332 1592 378; baseline -0.006 -7"><span class='ocrx_word' id='word_1_10' title='bbox 203 336 360 372; x_wconf 89' lang='lat' dir='ltr'>Volendo</span> <span class='ocrx_word' id='word_1_11' title='bbox 395 334 543 373; x_wconf 90' lang='lat' dir='ltr'>l&#39;E.S.‚</span> <span class='ocrx_word' id='word_1_12' title='bbox 577 334 640 367; x_wconf 83' lang='lat' dir='ltr'>che</span> <span class='ocrx_word' id='word_1_13' title='bbox 670 344 778 378; x_wconf 85' lang='lat' dir='ltr'>venga</span> <span class='ocrx_word' id='word_1_14' title='bbox 811 332 1100 366; x_wconf 76' lang='lat' dir='ltr'>inviolabilmente</span> <span class='ocrx_word' id='word_1_15' title='bbox 1139 337 1309 365; x_wconf 80' lang='lat' dir='ltr'>osservato</span> <span class='ocrx_word' id='word_1_16' title='bbox 1347 337 1474 372; x_wconf 86' lang='lat' dir='ltr'>quanto</span> <span class='ocrx_word' id='word_1_17' title='bbox 1504 340 1592 363; x_wconf 84' lang='lat' dir='ltr'>resta</span> 
     </span>
     <span class='ocr_line' id='line_1_3' title="bbox 106 376 1591 430; baseline -0.007 -10"><span class='ocrx_word' id='word_1_18' title='bbox 106 389 138 424; x_wconf 86' lang='lat' dir='ltr'>di</span> <span class='ocrx_word' id='word_1_19' title='bbox 162 397 258 430; x_wconf 91' lang='lat' dir='ltr'>sopra</span> <span class='ocrx_word' id='word_1_20' title='bbox 276 383 454 428; x_wconf 83' lang='lat' dir='ltr'>prescritto</span> <span class='ocrx_word' id='word_1_21' title='bbox 480 390 569 417; x_wconf 88' lang='lat' dir='ltr'>sotto</span> <span class='ocrx_word' id='word_1_22' title='bbox 599 392 682 425; x_wconf 84' lang='lat' dir='ltr'>pena</span> <span class='ocrx_word' id='word_1_23' title='bbox 712 379 776 426; x_wconf 85' lang='lat' dir='ltr'>agli</span> <span class='ocrx_word' id='word_1_24' title='bbox 797 379 1010 423; x_wconf 81' lang='lat' dir='ltr'>trasgressori</span> <span class='ocrx_word' id='word_1_25' title='bbox 1041 380 1075 411; x_wconf 88' lang='lat' dir='ltr'>di</span> <span class='ocrx_word' id='word_1_26' title='bbox 1107 380 1199 413; x_wconf 82' lang='lat' dir='ltr'>scudi</span> <span class='ocrx_word' id='word_1_27' title='bbox 1231 385 1368 422; x_wconf 83' lang='lat' dir='ltr'>quattro</span> <span class='ocrx_word' id='word_1_28' title='bbox 1397 376 1429 409; x_wconf 89' lang='lat' dir='ltr'>di</span> <span class='ocrx_word' id='word_1_29' title='bbox 1456 387 1591 412; x_wconf 80' lang='lat' dir='ltr'>moneta</span> 
     </span>
     <span class='ocr_line' id='line_1_4' title="bbox 106 423 1591 481; baseline -0.007 -12"><span class='ocrx_word' id='word_1_30' title='bbox 106 446 166 481; x_wconf 91' lang='lat' dir='ltr'>per</span> <span class='ocrx_word' id='word_1_31' title='bbox 192 434 412 469; x_wconf 88' lang='lat' dir='ltr'>ciascheduna</span> <span class='ocrx_word' id='word_1_32' title='bbox 441 430 680 476; x_wconf 82' lang='lat' dir='ltr'>trasgressione</span> <span class='ocrx_word' id='word_1_33' title='bbox 700 454 710 469; x_wconf 92' lang='lat'>,</span> <span class='ocrx_word' id='word_1_34' title='bbox 740 429 779 463; x_wconf 84' lang='lat' dir='ltr'>da</span> <span class='ocrx_word' id='word_1_35' title='bbox 795 427 970 473; x_wconf 86' lang='lat' dir='ltr'>applicarsi</span> <span class='ocrx_word' id='word_1_36' title='bbox 989 428 1056 473; x_wconf 80' lang='lat' dir='ltr'>ipso</span> <span class='ocrx_word' id='word_1_37' title='bbox 1071 427 1161 468; x_wconf 80' lang='lat' dir='ltr'>facto</span> <span class='ocrx_word' id='word_1_38' title='bbox 1181 450 1190 465; x_wconf 93' lang='lat'>‚</span> <span class='ocrx_word' id='word_1_39' title='bbox 1221 435 1252 459; x_wconf 90' lang='lat' dir='ltr'>et</span> <span class='ocrx_word' id='word_1_40' title='bbox 1279 423 1591 458; x_wconf 83' lang='lat' dir='ltr'>irremissibilmen-</span> 
     </span>
     <span class='ocr_line' id='line_1_5' title="bbox 105 471 1596 527; baseline -0.009 -8"><span class='ocrx_word' id='word_1_41' title='bbox 105 493 137 519; x_wconf 86' lang='lat' dir='ltr'>te</span> <span class='ocrx_word' id='word_1_42' title='bbox 155 483 218 518; x_wconf 87' lang='lat' dir='ltr'>alla</span> <span class='ocrx_word' id='word_1_43' title='bbox 233 481 517 527; x_wconf 81' lang='lat' dir='ltr'>Congregazione</span> <span class='ocrx_word' id='word_1_44' title='bbox 532 479 563 514; x_wconf 90' lang='lat' dir='ltr'>di</span> <span class='ocrx_word' id='word_1_45' title='bbox 583 479 615 513; x_wconf 88' lang='lat' dir='ltr'>S.</span> <span class='ocrx_word' id='word_1_46' title='bbox 631 479 692 512; x_wconf 88' lang='lat' dir='ltr'>Ivo</span> <span class='ocrx_word' id='word_1_47' title='bbox 707 502 718 517; x_wconf 93' lang='lat'>,</span> <span class='ocrx_word' id='word_1_48' title='bbox 748 479 788 512; x_wconf 91' lang='lat' dir='ltr'>ed</span> <span class='ocrx_word' id='word_1_49' title='bbox 802 476 885 512; x_wconf 83' lang='lat' dir='ltr'>altre</span> <span class='ocrx_word' id='word_1_50' title='bbox 898 487 982 511; x_wconf 86' lang='lat' dir='ltr'>anco</span> <span class='ocrx_word' id='word_1_51' title='bbox 998 475 1162 521; x_wconf 75' lang='lat' dir='ltr'>maggiori</span> <span class='ocrx_word' id='word_1_52' title='bbox 1185 475 1223 509; x_wconf 90' lang='lat' dir='ltr'>ad</span> <span class='ocrx_word' id='word_1_53' title='bbox 1239 473 1379 509; x_wconf 82' lang='lat' dir='ltr'>arbitrio</span> <span class='ocrx_word' id='word_1_54' title='bbox 1398 471 1476 507; x_wconf 86' lang='lat' dir='ltr'>dell&#39;</span> <span class='ocrx_word' id='word_1_55' title='bbox 1494 473 1534 508; x_wconf 85' lang='lat' dir='ltr'>E.</span> <span class='ocrx_word' id='word_1_56' title='bbox 1561 472 1596 506; x_wconf 73' lang='lat' dir='ltr'>S.</span> 
     </span>
     <span class='ocr_line' id='line_1_6' title="bbox 203 527 980 575; baseline -0.01 -8"><span class='ocrx_word' id='word_1_57' title='bbox 203 532 294 567; x_wconf 81' lang='lat' dir='ltr'>Dato</span> <span class='ocrx_word' id='word_1_58' title='bbox 309 531 341 566; x_wconf 90' lang='lat' dir='ltr'>in</span> <span class='ocrx_word' id='word_1_59' title='bbox 357 531 465 566; x_wconf 81' lang='lat' dir='ltr'>Roma</span> <span class='ocrx_word' id='word_1_60' title='bbox 477 537 597 575; x_wconf 88' lang='lat' dir='ltr'>questo</span> <span class='ocrx_word' id='word_1_61' title='bbox 611 527 643 561; x_wconf 83' lang='lat' dir='ltr'>dl</span> <span class='ocrx_word' id='word_1_62' title='bbox 664 538 696 572; x_wconf 79' lang='lat'>3.</span> <span class='ocrx_word' id='word_1_63' title='bbox 713 527 853 572; x_wconf 88' lang='lat' dir='ltr'>Giugno</span> <span class='ocrx_word' id='word_1_64' title='bbox 873 528 980 571; x_wconf 84' lang='lat'><em>1726-</em></span> 
     </span>
     <span class='ocr_line' id='line_1_7' title="bbox 791 573 1246 610; baseline -0.004 -2"><span class='ocrx_word' id='word_1_65' title='bbox 791 579 829 608; x_wconf 91' lang='lat' dir='ltr'>G.</span> <span class='ocrx_word' id='word_1_66' title='bbox 846 573 1222 610; x_wconf 68' lang='lat' dir='ltr'>Sanminiatz&#39;Auditoro</span> <span class='ocrx_word' id='word_1_67' title='bbox 1239 597 1246 606; x_wconf 96' lang='lat'>.</span> 
     </span>
    </p>
   </div>
   <div class='ocr_carea' id='block_1_2' title="bbox 729 676 971 722">
    <p class='ocr_par' dir='ltr' id='par_1_2' title="bbox 729 676 971 722">
     <span class='ocr_line' id='line_1_8' title="bbox 729 676 971 722; baseline 0.004 -1"><span class='ocrx_word' id='word_1_68' title='bbox 729 676 792 722; x_wconf 93' lang='lat' dir='ltr'>N.</span> <span class='ocrx_word' id='word_1_69' title='bbox 827 677 971 722; x_wconf 86' lang='lat' dir='ltr'><strong><em>XXII.</em></strong></span> 
     </span>
    </p>
   </div>
   <div class='ocr_carea' id='block_1_3' title="bbox 144 765 1560 910">
    <p class='ocr_par' dir='ltr' id='par_1_3' title="bbox 144 765 1560 910">
     <span class='ocr_line' id='line_1_9' title="bbox 144 765 1560 836; baseline -0.006 -12"><span class='ocrx_word' id='word_1_70' title='bbox 144 773 331 824; x_wconf 83' lang='lat' dir='ltr'>Facultas</span> <span class='ocrx_word' id='word_1_71' title='bbox 375 769 577 820; x_wconf 68' lang='lat' dir='ltr'>concESsa</span> <span class='ocrx_word' id='word_1_72' title='bbox 604 769 872 821; x_wconf 74' lang='lat' dir='ltr'>Votantibus</span> <span class='ocrx_word' id='word_1_73' title='bbox 921 773 1154 836; x_wconf 86' lang='lat' dir='ltr'>Signatutae</span> <span class='ocrx_word' id='word_1_74' title='bbox 1188 770 1369 832; x_wconf 81' lang='lat' dir='ltr'>Iustitiae</span> <span class='ocrx_word' id='word_1_75' title='bbox 1405 765 1560 817; x_wconf 85' lang='lat' dir='ltr'>utendi</span> 
     </span>
     <span class='ocr_line' id='line_1_10' title="bbox 253 841 1458 910; baseline -0.006 -13"><span class='ocrx_word' id='word_1_76' title='bbox 253 845 402 896; x_wconf 87' lang='lat' dir='ltr'>Galeri</span> <span class='ocrx_word' id='word_1_77' title='bbox 421 843 680 896; x_wconf 84' lang='lat' dir='ltr'>redimiculo</span> <span class='ocrx_word' id='word_1_78' title='bbox 695 877 710 899; x_wconf 89' lang='lat'>,</span> <span class='ocrx_word' id='word_1_79' title='bbox 725 842 856 910; x_wconf 74' lang='lat' dir='ltr'>vulgo</span> <span class='ocrx_word' id='word_1_80' title='bbox 877 849 1044 893; x_wconf 73' lang='lat' dir='ltr'>Cerdone</span> <span class='ocrx_word' id='word_1_81' title='bbox 1062 842 1229 893; x_wconf 88' lang='lat' dir='ltr'>coloris</span> <span class='ocrx_word' id='word_1_82' title='bbox 1249 841 1458 893; x_wconf 86' lang='lat' dir='ltr'><strong>violacei.</strong></span> 
     </span>
    </p>
   </div>
   <div class='ocr_carea' id='block_1_4' title="bbox 465 967 1238 1064">
    <p class='ocr_par' dir='ltr' id='par_1_4' title="bbox 465 967 1238 1064">
     <span class='ocr_line' id='line_1_11' title="bbox 465 967 1238 1011; baseline -0.009 -9"><span class='ocrx_word' id='word_1_83' title='bbox 465 968 847 1011; x_wconf 70' lang='lat' dir='ltr'><em>BENEDICTvS</em></span> <span class='ocrx_word' id='word_1_84' title='bbox 886 968 1064 998; x_wconf 68' lang='lat' dir='ltr'><em>‘PA‘PA</em></span> <span class='ocrx_word' id='word_1_85' title='bbox 1108 967 1238 997; x_wconf 85' lang='lat' dir='ltr'><strong><em>XIII.</em></strong></span> 
     </span>
     <span class='ocr_line' id='line_1_12' title="bbox 558 1014 1134 1064; baseline 0 -16"><span class='ocrx_word' id='word_1_86' title='bbox 558 1014 620 1055; x_wconf 62' lang='lat' dir='ltr'>,Ad</span> <span class='ocrx_word' id='word_1_87' title='bbox 633 1021 828 1064; x_wconf 79' lang='lat' dir='ltr'>perpetuam</span> <span class='ocrx_word' id='word_1_88' title='bbox 848 1015 896 1049; x_wconf 80' lang='lat' dir='ltr'>rei</span> <span class='ocrx_word' id='word_1_89' title='bbox 914 1014 1105 1051; x_wconf 85' lang='lat' dir='ltr'><em>memoriam</em></span> <span class='ocrx_word' id='word_1_90' title='bbox 1124 1036 1134 1048; x_wconf 85' lang='grc'><strong>.</strong></span> 
     </span>
    </p>
   </div>
   <div class='ocr_carea' id='block_1_5' title="bbox 111 1105 1620 2572">
    <p class='ocr_par' dir='ltr' id='par_1_5' title="bbox 111 1105 1606 1499">
     <span class='ocr_line' id='line_1_13' title="bbox 206 1105 1604 1163; baseline -0.006 -13"><span class='ocrx_word' id='word_1_91' title='bbox 206 1115 330 1150; x_wconf 84' lang='lat' dir='ltr'>Omani</span> <span class='ocrx_word' id='word_1_92' title='bbox 351 1115 549 1157; x_wconf 85' lang='lat' dir='ltr'>Pontificis,</span> <span class='ocrx_word' id='word_1_93' title='bbox 575 1116 926 1163; x_wconf 73' lang='lat' dir='ltr'>supremigratiarum</span> <span class='ocrx_word' id='word_1_94' title='bbox 944 1113 1181 1161; x_wconf 86' lang='lat' dir='ltr'>dispensatoris</span> <span class='ocrx_word' id='word_1_95' title='bbox 1208 1112 1241 1146; x_wconf 89' lang='lat' dir='ltr'>in</span> <span class='ocrx_word' id='word_1_96' title='bbox 1273 1110 1370 1144; x_wconf 86' lang='lat' dir='ltr'>terris</span> <span class='ocrx_word' id='word_1_97' title='bbox 1399 1122 1417 1144; x_wconf 89' lang='lat' dir='ltr'>a</span> <span class='ocrx_word' id='word_1_98' title='bbox 1448 1105 1604 1143; x_wconf 85' lang='lat' dir='ltr'>Domino</span> 
     </span>
     <span class='ocr_line' id='line_1_14' title="bbox 231 1155 1606 1208; baseline -0.003 -10"><span class='ocrx_word' id='word_1_99' title='bbox 231 1164 400 1200; x_wconf 88' lang='lat' dir='ltr'>constituti</span> <span class='ocrx_word' id='word_1_100' title='bbox 429 1188 439 1203; x_wconf 87' lang='lat'>,</span> <span class='ocrx_word' id='word_1_101' title='bbox 469 1165 685 1208; x_wconf 88' lang='lat' dir='ltr'>providentia</span> <span class='ocrx_word' id='word_1_102' title='bbox 710 1165 955 1207; x_wconf 81' lang='lat' dir='ltr'>circumspecta</span> <span class='ocrx_word' id='word_1_103' title='bbox 982 1188 992 1203; x_wconf 88' lang='lat'>‚</span> <span class='ocrx_word' id='word_1_104' title='bbox 1014 1164 1088 1197; x_wconf 89' lang='lat' dir='ltr'>illos</span> <span class='ocrx_word' id='word_1_105' title='bbox 1117 1185 1127 1201; x_wconf 91' lang='lat'>,</span> <span class='ocrx_word' id='word_1_106' title='bbox 1158 1161 1215 1206; x_wconf 87' lang='lat' dir='ltr'>qui</span> <span class='ocrx_word' id='word_1_107' title='bbox 1253 1159 1435 1193; x_wconf 88' lang='lat' dir='ltr'>continuos</span> <span class='ocrx_word' id='word_1_108' title='bbox 1470 1155 1606 1190; x_wconf 66' lang='lat' dir='ltr'>labores</span> 
     </span>
     <span class='ocr_line' id='line_1_15' title="bbox 113 1203 1602 1258; baseline -0.007 -11"><span class='ocrx_word' id='word_1_109' title='bbox 113 1222 173 1258; x_wconf 86' lang='lat' dir='ltr'>pro</span> <span class='ocrx_word' id='word_1_110' title='bbox 189 1212 449 1248; x_wconf 84' lang='lat' dir='ltr'>administranda</span> <span class='ocrx_word' id='word_1_111' title='bbox 467 1212 596 1251; x_wconf 80' lang='lat' dir='ltr'>justitia</span> <span class='ocrx_word' id='word_1_112' title='bbox 622 1214 661 1247; x_wconf 89' lang='lat' dir='ltr'>ad</span> <span class='ocrx_word' id='word_1_113' title='bbox 693 1213 862 1258; x_wconf 86' lang='lat' dir='ltr'>publicam</span> <span class='ocrx_word' id='word_1_114' title='bbox 895 1211 1080 1246; x_wconf 79' lang='lat' dir='ltr'>utilitatem</span> <span class='ocrx_word' id='word_1_115' title='bbox 1098 1235 1108 1250; x_wconf 94' lang='lat'>‚</span> <span class='ocrx_word' id='word_1_116' title='bbox 1139 1220 1170 1244; x_wconf 91' lang='lat' dir='ltr'>et</span> <span class='ocrx_word' id='word_1_117' title='bbox 1189 1209 1284 1243; x_wconf 87' lang='lat' dir='ltr'>Sedis</span> <span class='ocrx_word' id='word_1_118' title='bbox 1308 1203 1515 1252; x_wconf 84' lang='lat' dir='ltr'>Apostolicae</span> <span class='ocrx_word' id='word_1_119' title='bbox 1543 1205 1602 1237; x_wconf 86' lang='lat' dir='ltr'>ho-</span> 
     </span>
     <span class='ocr_line' id='line_1_16' title="bbox 112 1256 1601 1306; baseline -0.006 -11"><span class='ocrx_word' id='word_1_120' title='bbox 112 1272 229 1296; x_wconf 85' lang='lat' dir='ltr'>norem</span> <span class='ocrx_word' id='word_1_121' title='bbox 258 1261 290 1295; x_wconf 91' lang='lat' dir='ltr'>in</span> <span class='ocrx_word' id='word_1_122' title='bbox 315 1260 384 1295; x_wconf 88' lang='lat' dir='ltr'>dies</span> <span class='ocrx_word' id='word_1_123' title='bbox 401 1261 613 1295; x_wconf 85' lang='lat' dir='ltr'>laudabiliter</span> <span class='ocrx_word' id='word_1_124' title='bbox 626 1261 832 1299; x_wconf 84' lang='lat' dir='ltr'>substinent,</span> <span class='ocrx_word' id='word_1_125' title='bbox 863 1269 895 1294; x_wconf 90' lang='lat' dir='ltr'>et</span> <span class='ocrx_word' id='word_1_126' title='bbox 924 1272 1070 1306; x_wconf 86' lang='lat' dir='ltr'>quorum</span> <span class='ocrx_word' id='word_1_127' title='bbox 1099 1259 1197 1294; x_wconf 86' lang='lat' dir='ltr'>fidem</span> <span class='ocrx_word' id='word_1_128' title='bbox 1218 1281 1227 1296; x_wconf 96' lang='lat'>,</span> <span class='ocrx_word' id='word_1_129' title='bbox 1258 1256 1452 1290; x_wconf 85' lang='lat' dir='ltr'>industriam</span> <span class='ocrx_word' id='word_1_130' title='bbox 1481 1277 1492 1293; x_wconf 90' lang='lat'>‚</span> <span class='ocrx_word' id='word_1_131' title='bbox 1523 1263 1601 1305; x_wconf 71' lang='lat' dir='ltr'>pru-</span> 
     </span>
     <span class='ocr_line' id='line_1_17' title="bbox 114 1300 1604 1354; baseline -0.007 -9"><span class='ocrx_word' id='word_1_132' title='bbox 114 1309 260 1345; x_wconf 85' lang='lat' dir='ltr'>dentiam</span> <span class='ocrx_word' id='word_1_133' title='bbox 274 1332 285 1349; x_wconf 95' lang='lat'>,</span> <span class='ocrx_word' id='word_1_134' title='bbox 316 1321 352 1344; x_wconf 91' lang='lat' dir='ltr'>ac</span> <span class='ocrx_word' id='word_1_135' title='bbox 371 1309 607 1345; x_wconf 82' lang='lat' dir='ltr'>dexteritatem</span> <span class='ocrx_word' id='word_1_136' title='bbox 629 1309 746 1344; x_wconf 89' lang='lat' dir='ltr'>multis</span> <span class='ocrx_word' id='word_1_137' title='bbox 764 1320 877 1343; x_wconf 87' lang='lat' dir='ltr'>rerum</span> <span class='ocrx_word' id='word_1_138' title='bbox 895 1307 1130 1354; x_wconf 79' lang='lat' dir='ltr'>experimentis</span> <span class='ocrx_word' id='word_1_139' title='bbox 1161 1314 1325 1351; x_wconf 82' lang='lat' dir='ltr'>spectatas</span> <span class='ocrx_word' id='word_1_140' title='bbox 1346 1305 1447 1338; x_wconf 81' lang='lat' dir='ltr'>habet</span> <span class='ocrx_word' id='word_1_141' title='bbox 1463 1327 1473 1341; x_wconf 93' lang='lat'>,</span> <span class='ocrx_word' id='word_1_142' title='bbox 1507 1313 1548 1336; x_wconf 85' lang='lat' dir='ltr'>ea</span> <span class='ocrx_word' id='word_1_143' title='bbox 1565 1300 1604 1334; x_wconf 79' lang='lat' dir='ltr'>li-</span> 
     </span>
     <span class='ocr_line' id='line_1_18' title="bbox 114 1351 1606 1403; baseline -0.006 -12"><span class='ocrx_word' id='word_1_144' title='bbox 114 1359 237 1392; x_wconf 88' lang='lat' dir='ltr'>benter</span> <span class='ocrx_word' id='word_1_145' title='bbox 251 1358 409 1392; x_wconf 89' lang='lat' dir='ltr'>concedit</span> <span class='ocrx_word' id='word_1_146' title='bbox 424 1383 434 1397; x_wconf 92' lang='lat'>‚</span> <span class='ocrx_word' id='word_1_147' title='bbox 462 1369 521 1402; x_wconf 88' lang='lat' dir='ltr'>per</span> <span class='ocrx_word' id='word_1_148' title='bbox 533 1369 606 1403; x_wconf 82' lang='lat' dir='ltr'>quae</span> <span class='ocrx_word' id='word_1_149' title='bbox 620 1359 666 1392; x_wconf 87' lang='lat' dir='ltr'>eis</span> <span class='ocrx_word' id='word_1_150' title='bbox 682 1358 793 1403; x_wconf 85' lang='lat' dir='ltr'>aliqua</span> <span class='ocrx_word' id='word_1_151' title='bbox 823 1359 881 1393; x_wconf 70' lang='lat' dir='ltr'>fiat</span> <span class='ocrx_word' id='word_1_152' title='bbox 899 1358 1030 1393; x_wconf 88' lang='lat' dir='ltr'>decoris</span> <span class='ocrx_word' id='word_1_153' title='bbox 1056 1355 1200 1391; x_wconf 80' lang='lat' dir='ltr'>accessio</span> <span class='ocrx_word' id='word_1_154' title='bbox 1217 1378 1226 1394; x_wconf 85' lang='lat'>‚</span> <span class='ocrx_word' id='word_1_155' title='bbox 1255 1363 1292 1388; x_wconf 93' lang='lat' dir='ltr'>ut</span> <span class='ocrx_word' id='word_1_156' title='bbox 1308 1365 1348 1388; x_wconf 90' lang='lat' dir='ltr'>eo</span> <span class='ocrx_word' id='word_1_157' title='bbox 1367 1351 1506 1387; x_wconf 87' lang='lat' dir='ltr'>alacrius</span> <span class='ocrx_word' id='word_1_158' title='bbox 1538 1360 1606 1384; x_wconf 88' lang='lat' dir='ltr'>ma-</span> 
     </span>
     <span class='ocr_line' id='line_1_19' title="bbox 111 1399 1598 1451; baseline -0.006 -11"><span class='ocrx_word' id='word_1_159' title='bbox 111 1408 184 1447; x_wconf 81' lang='lat' dir='ltr'>iora</span> <span class='ocrx_word' id='word_1_160' title='bbox 199 1406 309 1440; x_wconf 89' lang='lat' dir='ltr'>eidem</span> <span class='ocrx_word' id='word_1_161' title='bbox 328 1405 405 1439; x_wconf 88' lang='lat' dir='ltr'>Sedi</span> <span class='ocrx_word' id='word_1_162' title='bbox 421 1407 584 1451; x_wconf 86' lang='lat' dir='ltr'>obsequia</span> <span class='ocrx_word' id='word_1_163' title='bbox 611 1419 670 1441; x_wconf 86' lang='lat' dir='ltr'>sua</span> <span class='ocrx_word' id='word_1_164' title='bbox 696 1407 909 1451; x_wconf 83' lang='lat' dir='ltr'>impendant,</span> <span class='ocrx_word' id='word_1_165' title='bbox 939 1416 972 1440; x_wconf 90' lang='lat' dir='ltr'>et</span> <span class='ocrx_word' id='word_1_166' title='bbox 992 1407 1022 1440; x_wconf 90' lang='lat' dir='ltr'>in</span> <span class='ocrx_word' id='word_1_167' title='bbox 1040 1415 1216 1440; x_wconf 77' lang='lat' dir='ltr'>munerum</span> <span class='ocrx_word' id='word_1_168' title='bbox 1234 1402 1297 1436; x_wconf 82' lang='lat' dir='ltr'>sibi</span> <span class='ocrx_word' id='word_1_169' title='bbox 1313 1399 1598 1435; x_wconf 83' lang='lat' dir='ltr'>demandatorum</span> 
     </span>
     <span class='ocr_line' id='line_1_20' title="bbox 112 1453 739 1499; baseline -0.002 -10"><span class='ocrx_word' id='word_1_170' title='bbox 112 1453 286 1490; x_wconf 82' lang='lat' dir='ltr'>functione</span> <span class='ocrx_word' id='word_1_171' title='bbox 300 1453 485 1488; x_wconf 87' lang='lat' dir='ltr'>studiosius</span> <span class='ocrx_word' id='word_1_172' title='bbox 500 1464 739 1499; x_wconf 87' lang='lat' dir='ltr'>perseverent.</span> 
     </span>
    </p>

    <p class='ocr_par' dir='ltr' id='par_1_6' title="bbox 115 1499 1613 2230">
     <span class='ocr_line' id='line_1_21' title="bbox 162 1499 1603 1549; baseline -0.006 -12"><span class='ocrx_word' id='word_1_173' title='bbox 162 1504 192 1537; x_wconf 87' lang='grc' dir='ltr'>Ι.</span> <span class='ocrx_word' id='word_1_174' title='bbox 232 1504 347 1548; x_wconf 87' lang='lat' dir='ltr'>Itaque</span> <span class='ocrx_word' id='word_1_175' title='bbox 385 1504 424 1538; x_wconf 80' lang='lat' dir='ltr'>ad</span> <span class='ocrx_word' id='word_1_176' title='bbox 454 1503 590 1549; x_wconf 83' lang='lat' dir='ltr'>egregia</span> <span class='ocrx_word' id='word_1_177' title='bbox 623 1504 824 1538; x_wconf 89' lang='lat' dir='ltr'>dilectorum</span> <span class='ocrx_word' id='word_1_178' title='bbox 856 1502 1002 1538; x_wconf 88' lang='lat' dir='ltr'>filiorum</span> <span class='ocrx_word' id='word_1_179' title='bbox 1037 1501 1236 1537; x_wconf 85' lang='lat' dir='ltr'>Votantium</span> <span class='ocrx_word' id='word_1_180' title='bbox 1265 1499 1449 1545; x_wconf 79' lang='lat' dir='ltr'>Signaturae</span> <span class='ocrx_word' id='word_1_181' title='bbox 1481 1503 1603 1530; x_wconf 80' lang='lat' dir='ltr'>nostrae</span> 
     </span>
     <span class='ocr_line' id='line_1_22' title="bbox 115 1544 1601 1594; baseline -0.006 -8"><span class='ocrx_word' id='word_1_182' title='bbox 115 1550 257 1594; x_wconf 65' lang='lat' dir='ltr'>lustitiae</span> <span class='ocrx_word' id='word_1_183' title='bbox 274 1552 305 1585; x_wconf 93' lang='lat' dir='ltr'>in</span> <span class='ocrx_word' id='word_1_184' title='bbox 320 1552 416 1591; x_wconf 89' lang='lat' dir='ltr'>Nos,</span> <span class='ocrx_word' id='word_1_185' title='bbox 444 1560 476 1585; x_wconf 87' lang='lat' dir='ltr'>et</span> <span class='ocrx_word' id='word_1_186' title='bbox 500 1553 622 1586; x_wconf 86' lang='lat' dir='ltr'>dictam</span> <span class='ocrx_word' id='word_1_187' title='bbox 649 1553 768 1587; x_wconf 90' lang='lat' dir='ltr'>Sedem</span> <span class='ocrx_word' id='word_1_188' title='bbox 799 1552 901 1592; x_wconf 87' lang='lat' dir='ltr'>fidei,</span> <span class='ocrx_word' id='word_1_189' title='bbox 925 1561 958 1586; x_wconf 91' lang='lat' dir='ltr'>et</span> <span class='ocrx_word' id='word_1_190' title='bbox 984 1549 1172 1587; x_wconf 89' lang='lat' dir='ltr'>devotionis</span> <span class='ocrx_word' id='word_1_191' title='bbox 1191 1574 1201 1588; x_wconf 93' lang='lat'>‚</span> <span class='ocrx_word' id='word_1_192' title='bbox 1232 1548 1363 1594; x_wconf 84' lang='lat' dir='ltr'>aliaque</span> <span class='ocrx_word' id='word_1_193' title='bbox 1393 1544 1601 1589; x_wconf 86' lang='lat' dir='ltr'>multiplicia</span> 
     </span>
     <span class='ocr_line' id='line_1_23' title="bbox 116 1591 1604 1646; baseline -0.006 -11"><span class='ocrx_word' id='word_1_194' title='bbox 116 1600 235 1635; x_wconf 88' lang='lat' dir='ltr'>merita</span> <span class='ocrx_word' id='word_1_195' title='bbox 260 1610 402 1645; x_wconf 72' lang='lat' dir='ltr'>paternae</span> <span class='ocrx_word' id='word_1_196' title='bbox 419 1600 602 1646; x_wconf 83' lang='lat' dir='ltr'>dirigentes</span> <span class='ocrx_word' id='word_1_197' title='bbox 619 1601 893 1636; x_wconf 85' lang='lat' dir='ltr'>considerationis</span> <span class='ocrx_word' id='word_1_198' title='bbox 922 1601 1082 1636; x_wconf 86' lang='lat' dir='ltr'>intuitum</span> <span class='ocrx_word' id='word_1_199' title='bbox 1103 1624 1113 1640; x_wconf 91' lang='lat'>,</span> <span class='ocrx_word' id='word_1_200' title='bbox 1146 1609 1332 1642; x_wconf 85' lang='lat' dir='ltr'>eorumque</span> <span class='ocrx_word' id='word_1_201' title='bbox 1367 1596 1528 1630; x_wconf 85' lang='lat' dir='ltr'>virtutem</span> <span class='ocrx_word' id='word_1_202' title='bbox 1546 1591 1604 1626; x_wconf 82' lang='lat' dir='ltr'>ali-</span> 
     </span>
     <span class='ocr_line' id='line_1_24' title="bbox 117 1645 1601 1695; baseline -0.006 -11"><span class='ocrx_word' id='word_1_203' title='bbox 117 1661 183 1695; x_wconf 82' lang='lat' dir='ltr'>qua</span> <span class='ocrx_word' id='word_1_204' title='bbox 211 1648 346 1683; x_wconf 86' lang='lat' dir='ltr'>honoris</span> <span class='ocrx_word' id='word_1_205' title='bbox 372 1649 594 1695; x_wconf 71' lang='lat' dir='ltr'>praerogativa</span> <span class='ocrx_word' id='word_1_206' title='bbox 614 1650 775 1684; x_wconf 86' lang='lat' dir='ltr'>decorare</span> <span class='ocrx_word' id='word_1_207' title='bbox 803 1649 956 1684; x_wconf 85' lang='lat' dir='ltr'>volentes</span> <span class='ocrx_word' id='word_1_208' title='bbox 984 1674 995 1690; x_wconf 86' lang='lat'>,</span> <span class='ocrx_word' id='word_1_209' title='bbox 1037 1658 1069 1683; x_wconf 87' lang='lat' dir='ltr'>et</span> <span class='ocrx_word' id='word_1_210' title='bbox 1099 1659 1214 1683; x_wconf 90' lang='lat' dir='ltr'>eorum</span> <span class='ocrx_word' id='word_1_211' title='bbox 1256 1645 1404 1691; x_wconf 83' lang='lat' dir='ltr'>singulas</span> <span class='ocrx_word' id='word_1_212' title='bbox 1442 1653 1601 1688; x_wconf 87' lang='lat' dir='ltr'>personas</span> 
     </span>
     <span class='ocr_line' id='line_1_25' title="bbox 117 1690 1601 1743; baseline -0.005 -12"><span class='ocrx_word' id='word_1_213' title='bbox 117 1710 135 1732; x_wconf 91' lang='lat' dir='ltr'>a</span> <span class='ocrx_word' id='word_1_214' title='bbox 161 1697 338 1742; x_wconf 82' lang='lat' dir='ltr'>quibusvis</span> <span class='ocrx_word' id='word_1_215' title='bbox 369 1698 727 1733; x_wconf 86' lang='lat' dir='ltr'>excommunicationis</span> <span class='ocrx_word' id='word_1_216' title='bbox 754 1723 764 1738; x_wconf 87' lang='lat'>‚</span> <span class='ocrx_word' id='word_1_217' title='bbox 795 1698 1045 1743; x_wconf 86' lang='lat' dir='ltr'>suspensionis,</span> <span class='ocrx_word' id='word_1_218' title='bbox 1075 1706 1108 1731; x_wconf 87' lang='lat' dir='ltr'>et</span> <span class='ocrx_word' id='word_1_219' title='bbox 1134 1695 1335 1734; x_wconf 72' lang='lat' dir='ltr'>interdicti,</span> <span class='ocrx_word' id='word_1_220' title='bbox 1368 1693 1509 1737; x_wconf 83' lang='lat' dir='ltr'>aliisque</span> <span class='ocrx_word' id='word_1_221' title='bbox 1540 1690 1601 1724; x_wconf 86' lang='lat' dir='ltr'>Ec-</span> 
     </span>
     <span class='ocr_line' id='line_1_26' title="bbox 117 1738 1601 1791; baseline -0.005 -10"><span class='ocrx_word' id='word_1_222' title='bbox 117 1745 313 1781; x_wconf 88' lang='lat' dir='ltr'>clesiasticis</span> <span class='ocrx_word' id='word_1_223' title='bbox 341 1747 512 1780; x_wconf 89' lang='lat' dir='ltr'>sententiis</span> <span class='ocrx_word' id='word_1_224' title='bbox 530 1771 540 1786; x_wconf 91' lang='lat'>,</span> <span class='ocrx_word' id='word_1_225' title='bbox 572 1747 744 1786; x_wconf 88' lang='lat' dir='ltr'>censuris,</span> <span class='ocrx_word' id='word_1_226' title='bbox 770 1756 803 1782; x_wconf 92' lang='lat' dir='ltr'>et</span> <span class='ocrx_word' id='word_1_227' title='bbox 831 1747 937 1791; x_wconf 88' lang='lat' dir='ltr'>poenis</span> <span class='ocrx_word' id='word_1_228' title='bbox 972 1759 990 1780; x_wconf 82' lang='lat' dir='ltr'>a</span> <span class='ocrx_word' id='word_1_229' title='bbox 1018 1749 1093 1786; x_wconf 89' lang='lat' dir='ltr'>jure</span> <span class='ocrx_word' id='word_1_230' title='bbox 1116 1770 1128 1785; x_wconf 89' lang='lat'>,</span> <span class='ocrx_word' id='word_1_231' title='bbox 1154 1745 1210 1779; x_wconf 87' lang='lat' dir='ltr'>vel</span> <span class='ocrx_word' id='word_1_232' title='bbox 1243 1745 1283 1778; x_wconf 91' lang='lat' dir='ltr'>ab</span> <span class='ocrx_word' id='word_1_233' title='bbox 1315 1742 1449 1777; x_wconf 87' lang='lat' dir='ltr'>homine</span> <span class='ocrx_word' id='word_1_234' title='bbox 1481 1738 1601 1784; x_wconf 86' lang='lat' dir='ltr'>quavis</span> 
     </span>
     <span class='ocr_line' id='line_1_27' title="bbox 118 1788 1608 1840; baseline -0.004 -12"><span class='ocrx_word' id='word_1_235' title='bbox 118 1794 320 1834; x_wconf 86' lang='lat' dir='ltr'>occasione,</span> <span class='ocrx_word' id='word_1_236' title='bbox 348 1793 403 1828; x_wconf 88' lang='lat' dir='ltr'>vel</span> <span class='ocrx_word' id='word_1_237' title='bbox 430 1806 528 1829; x_wconf 84' lang='lat' dir='ltr'>causa</span> <span class='ocrx_word' id='word_1_238' title='bbox 555 1795 628 1828; x_wconf 88' lang='lat' dir='ltr'>latis</span> <span class='ocrx_word' id='word_1_239' title='bbox 655 1819 666 1833; x_wconf 96' lang='lat'>‚</span> <span class='ocrx_word' id='word_1_240' title='bbox 693 1795 720 1828; x_wconf 90' lang='lat' dir='ltr'>si</span> <span class='ocrx_word' id='word_1_241' title='bbox 752 1796 876 1840; x_wconf 88' lang='lat' dir='ltr'>quibus</span> <span class='ocrx_word' id='word_1_242' title='bbox 904 1794 1167 1840; x_wconf 74' lang='lat' dir='ltr'>quomodolibet</span> <span class='ocrx_word' id='word_1_243' title='bbox 1208 1793 1370 1827; x_wconf 83' lang='lat' dir='ltr'>innodatae</span> <span class='ocrx_word' id='word_1_244' title='bbox 1405 1789 1550 1825; x_wconf 77' lang='lat' dir='ltr'>existunt</span> <span class='ocrx_word' id='word_1_245' title='bbox 1566 1788 1608 1823; x_wconf 88' lang='lat' dir='ltr'>ad</span> 
     </span>
     <span class='ocr_line' id='line_1_28' title="bbox 117 1838 1605 1891; baseline -0.005 -13"><span class='ocrx_word' id='word_1_246' title='bbox 117 1843 274 1878; x_wconf 84' lang='lat' dir='ltr'>effectum</span> <span class='ocrx_word' id='word_1_247' title='bbox 308 1843 517 1888; x_wconf 65' lang='lat' dir='ltr'>praesentium</span> <span class='ocrx_word' id='word_1_248' title='bbox 549 1844 1020 1891; x_wconf 30' lang='lat' dir='ltr'>dumtaxatdconsequendum</span> <span class='ocrx_word' id='word_1_249' title='bbox 1051 1845 1168 1877; x_wconf 87' lang='lat' dir='ltr'>harum</span> <span class='ocrx_word' id='word_1_250' title='bbox 1199 1839 1283 1876; x_wconf 88' lang='lat' dir='ltr'>serie</span> <span class='ocrx_word' id='word_1_251' title='bbox 1298 1838 1534 1876; x_wconf 84' lang='lat' dir='ltr'>absolventes,</span> <span class='ocrx_word' id='word_1_252' title='bbox 1569 1844 1605 1871; x_wconf 83' lang='lat' dir='ltr'>et</span> 
     </span>
     <span class='ocr_line' id='line_1_29' title="bbox 119 1885 1606 1937; baseline -0.005 -11"><span class='ocrx_word' id='word_1_253' title='bbox 119 1892 285 1927; x_wconf 84' lang='lat' dir='ltr'>absolutas</span> <span class='ocrx_word' id='word_1_254' title='bbox 305 1892 376 1926; x_wconf 86' lang='lat' dir='ltr'>fore</span> <span class='ocrx_word' id='word_1_255' title='bbox 403 1901 596 1932; x_wconf 87' lang='lat' dir='ltr'>censentes,</span> <span class='ocrx_word' id='word_1_256' title='bbox 628 1901 722 1927; x_wconf 91' lang='lat' dir='ltr'>motu</span> <span class='ocrx_word' id='word_1_257' title='bbox 758 1891 926 1937; x_wconf 81' lang='lat' dir='ltr'>proprio,</span> <span class='ocrx_word' id='word_1_258' title='bbox 955 1904 991 1926; x_wconf 85' lang='lat' dir='ltr'>ac</span> <span class='ocrx_word' id='word_1_259' title='bbox 1009 1905 1050 1927; x_wconf 90' lang='lat' dir='ltr'>ex</span> <span class='ocrx_word' id='word_1_260' title='bbox 1067 1900 1156 1926; x_wconf 82' lang='lat' dir='ltr'>certa</span> <span class='ocrx_word' id='word_1_261' title='bbox 1185 1889 1324 1925; x_wconf 86' lang='lat' dir='ltr'>scientia</span> <span class='ocrx_word' id='word_1_262' title='bbox 1354 1900 1444 1924; x_wconf 85' lang='lat' dir='ltr'>mera</span> <span class='ocrx_word' id='word_1_263' title='bbox 1479 1885 1606 1921; x_wconf 87' lang='lat' dir='ltr'>delibe-</span> 
     </span>
     <span class='ocr_line' id='line_1_30' title="bbox 121 1936 1606 1987; baseline -0.004 -13"><span class='ocrx_word' id='word_1_264' title='bbox 121 1941 252 1975; x_wconf 86' lang='lat' dir='ltr'>ratione</span> <span class='ocrx_word' id='word_1_265' title='bbox 287 1942 406 1976; x_wconf 60' lang='lat' dir='ltr'>nostxis</span> <span class='ocrx_word' id='word_1_266' title='bbox 425 1966 436 1982; x_wconf 88' lang='lat'>‚</span> <span class='ocrx_word' id='word_1_267' title='bbox 467 1943 574 1987; x_wconf 90' lang='lat' dir='ltr'>deque</span> <span class='ocrx_word' id='word_1_268' title='bbox 605 1940 811 1985; x_wconf 78' lang='lat' dir='ltr'>Apostolicae</span> <span class='ocrx_word' id='word_1_269' title='bbox 838 1940 1012 1986; x_wconf 84' lang='lat' dir='ltr'>potestatis</span> <span class='ocrx_word' id='word_1_270' title='bbox 1041 1939 1273 1986; x_wconf 83' lang='lat' dir='ltr'>plenitudine,</span> <span class='ocrx_word' id='word_1_271' title='bbox 1299 1937 1422 1972; x_wconf 87' lang='lat' dir='ltr'>eisdem</span> <span class='ocrx_word' id='word_1_272' title='bbox 1449 1936 1606 1982; x_wconf 84' lang='lat' dir='ltr'>Signatu-</span> 
     </span>
     <span class='ocr_line' id='line_1_31' title="bbox 120 1982 1606 2035; baseline -0.005 -11"><span class='ocrx_word' id='word_1_273' title='bbox 120 1989 323 2028; x_wconf 83' lang='lat' dir='ltr'>raeJustitiae</span> <span class='ocrx_word' id='word_1_274' title='bbox 340 1991 543 2025; x_wconf 84' lang='lat' dir='ltr'>Votantibus</span> <span class='ocrx_word' id='word_1_275' title='bbox 564 1991 781 2035; x_wconf 76' lang='lat' dir='ltr'>praesentibus</span> <span class='ocrx_word' id='word_1_276' title='bbox 808 2014 817 2029; x_wconf 88' lang='lat'>‚</span> <span class='ocrx_word' id='word_1_277' title='bbox 840 1999 873 2024; x_wconf 91' lang='lat' dir='ltr'>et</span> <span class='ocrx_word' id='word_1_278' title='bbox 905 1990 1029 2025; x_wconf 86' lang='lat' dir='ltr'>futuris</span> <span class='ocrx_word' id='word_1_279' title='bbox 1062 2013 1071 2028; x_wconf 96' lang='lat'>,</span> <span class='ocrx_word' id='word_1_280' title='bbox 1101 1999 1138 2024; x_wconf 91' lang='lat' dir='ltr'>ut</span> <span class='ocrx_word' id='word_1_281' title='bbox 1167 1988 1228 2033; x_wconf 89' lang='lat' dir='ltr'>ipsi</span> <span class='ocrx_word' id='word_1_282' title='bbox 1246 1999 1362 2022; x_wconf 89' lang='lat' dir='ltr'>omnes</span> <span class='ocrx_word' id='word_1_283' title='bbox 1379 2011 1390 2026; x_wconf 89' lang='lat'>,</span> <span class='ocrx_word' id='word_1_284' title='bbox 1421 1994 1454 2020; x_wconf 91' lang='lat' dir='ltr'>et</span> <span class='ocrx_word' id='word_1_285' title='bbox 1478 1982 1606 2028; x_wconf 87' lang='lat' dir='ltr'>singuli</span> 
     </span>
     <span class='ocr_line' id='line_1_32' title="bbox 121 2032 1610 2085; baseline -0.001 -15"><span class='ocrx_word' id='word_1_286' title='bbox 121 2036 238 2071; x_wconf 88' lang='lat' dir='ltr'>Galeri</span> <span class='ocrx_word' id='word_1_287' title='bbox 271 2039 506 2074; x_wconf 88' lang='lat' dir='ltr'>redimiculum</span> <span class='ocrx_word' id='word_1_288' title='bbox 534 2050 649 2073; x_wconf 86' lang='lat' dir='ltr'>corone</span> <span class='ocrx_word' id='word_1_289' title='bbox 677 2038 862 2085; x_wconf 83' lang='lat' dir='ltr'>vulgariter</span> <span class='ocrx_word' id='word_1_290' title='bbox 889 2047 1117 2084; x_wconf 77' lang='lat' dir='ltr'>nuncupatum</span> <span class='ocrx_word' id='word_1_291' title='bbox 1143 2036 1265 2073; x_wconf 85' lang='lat' dir='ltr'>coloris</span> <span class='ocrx_word' id='word_1_292' title='bbox 1293 2035 1437 2070; x_wconf 87' lang='lat' dir='ltr'>violacei</span> <span class='ocrx_word' id='word_1_293' title='bbox 1471 2033 1504 2067; x_wconf 88' lang='lat' dir='ltr'>in</span> <span class='ocrx_word' id='word_1_294' title='bbox 1532 2032 1610 2078; x_wconf 82' lang='lat' dir='ltr'>qui-</span> 
     </span>
     <span class='ocr_line' id='line_1_33' title="bbox 123 2084 1611 2132; baseline -0.003 -12"><span class='ocrx_word' id='word_1_295' title='bbox 123 2085 238 2122; x_wconf 89' lang='lat' dir='ltr'>busvis</span> <span class='ocrx_word' id='word_1_296' title='bbox 263 2087 522 2126; x_wconf 87' lang='lat' dir='ltr'>functionibus,</span> <span class='ocrx_word' id='word_1_297' title='bbox 551 2098 582 2121; x_wconf 90' lang='lat' dir='ltr'>et</span> <span class='ocrx_word' id='word_1_298' title='bbox 597 2088 724 2121; x_wconf 85' lang='lat' dir='ltr'>actibus</span> <span class='ocrx_word' id='word_1_299' title='bbox 751 2086 922 2131; x_wconf 81' lang='lat' dir='ltr'>publicis,</span> <span class='ocrx_word' id='word_1_300' title='bbox 957 2100 993 2121; x_wconf 91' lang='lat' dir='ltr'>ac</span> <span class='ocrx_word' id='word_1_301' title='bbox 1024 2087 1164 2132; x_wconf 84' lang='lat' dir='ltr'>privatis</span> <span class='ocrx_word' id='word_1_302' title='bbox 1190 2112 1200 2127; x_wconf 94' lang='lat'>,</span> <span class='ocrx_word' id='word_1_303' title='bbox 1228 2085 1355 2131; x_wconf 85' lang='lat' dir='ltr'>ubique</span> <span class='ocrx_word' id='word_1_304' title='bbox 1387 2084 1549 2122; x_wconf 87' lang='lat' dir='ltr'>deferre,</span> <span class='ocrx_word' id='word_1_305' title='bbox 1579 2088 1611 2115; x_wconf 87' lang='lat' dir='ltr'>et</span> 
     </span>
     <span class='ocr_line' id='line_1_34' title="bbox 125 2129 1613 2181; baseline -0.003 -13"><span class='ocrx_word' id='word_1_306' title='bbox 125 2143 254 2180; x_wconf 87' lang='lat' dir='ltr'>gestare</span> <span class='ocrx_word' id='word_1_307' title='bbox 283 2135 386 2170; x_wconf 85' lang='lat' dir='ltr'>libere</span> <span class='ocrx_word' id='word_1_308' title='bbox 413 2160 424 2176; x_wconf 91' lang='lat'>,</span> <span class='ocrx_word' id='word_1_309' title='bbox 454 2144 487 2170; x_wconf 89' lang='lat' dir='ltr'>et</span> <span class='ocrx_word' id='word_1_310' title='bbox 518 2135 607 2170; x_wconf 86' lang='lat' dir='ltr'>licite</span> <span class='ocrx_word' id='word_1_311' title='bbox 636 2135 786 2181; x_wconf 83' lang='lat' dir='ltr'>possint,</span> <span class='ocrx_word' id='word_1_312' title='bbox 815 2143 848 2169; x_wconf 92' lang='lat' dir='ltr'>et</span> <span class='ocrx_word' id='word_1_313' title='bbox 875 2134 1035 2174; x_wconf 87' lang='lat' dir='ltr'>valeant,</span> <span class='ocrx_word' id='word_1_314' title='bbox 1065 2143 1181 2170; x_wconf 87' lang='lat' dir='ltr'>tenore</span> <span class='ocrx_word' id='word_1_315' title='bbox 1203 2133 1419 2181; x_wconf 69' lang='lat' dir='ltr'>praesentium</span> <span class='ocrx_word' id='word_1_316' title='bbox 1450 2129 1613 2167; x_wconf 87' lang='lat' dir='ltr'>concedi-</span> 
     </span>
     <span class='ocr_line' id='line_1_35' title="bbox 125 2184 534 2230; baseline 0.005 -13"><span class='ocrx_word' id='word_1_317' title='bbox 125 2193 221 2224; x_wconf 86' lang='lat' dir='ltr'>mus,</span> <span class='ocrx_word' id='word_1_318' title='bbox 248 2193 280 2219; x_wconf 88' lang='lat' dir='ltr'>et</span> <span class='ocrx_word' id='word_1_319' title='bbox 295 2184 534 2230; x_wconf 84' lang='lat' dir='ltr'>indulgemus.</span> 
     </span>
    </p>

    <p class='ocr_par' dir='ltr' id='par_1_7' title="bbox 129 2230 1620 2572">
     <span class='ocr_line' id='line_1_36' title="bbox 172 2230 1612 2280; baseline 0 -15"><span class='ocrx_word' id='word_1_320' title='bbox 172 2231 219 2265; x_wconf 89' lang='lat'>11.</span> <span class='ocrx_word' id='word_1_321' title='bbox 257 2234 489 2268; x_wconf 88' lang='lat' dir='ltr'>Decernentes</span> <span class='ocrx_word' id='word_1_322' title='bbox 512 2234 642 2268; x_wconf 86' lang='lat' dir='ltr'>easdem</span> <span class='ocrx_word' id='word_1_323' title='bbox 672 2242 849 2278; x_wconf 84' lang='lat' dir='ltr'>praesentes</span> <span class='ocrx_word' id='word_1_324' title='bbox 876 2233 1014 2273; x_wconf 86' lang='lat' dir='ltr'>literas,</span> <span class='ocrx_word' id='word_1_325' title='bbox 1047 2244 1180 2280; x_wconf 87' lang='lat' dir='ltr'>semper</span> <span class='ocrx_word' id='word_1_326' title='bbox 1212 2234 1324 2268; x_wconf 85' lang='lat' dir='ltr'>firmas</span> <span class='ocrx_word' id='word_1_327' title='bbox 1353 2256 1363 2271; x_wconf 95' lang='lat'>,</span> <span class='ocrx_word' id='word_1_328' title='bbox 1396 2230 1547 2269; x_wconf 84' lang='lat' dir='ltr'>validas,</span> <span class='ocrx_word' id='word_1_329' title='bbox 1579 2235 1612 2262; x_wconf 81' lang='lat' dir='ltr'>et</span> 
     </span>
     <span class='ocr_line' id='line_1_37' title="bbox 129 2276 1614 2326; baseline 0.002 -13"><span class='ocrx_word' id='word_1_330' title='bbox 129 2279 449 2317; x_wconf 71' lang='lat' dir='ltr'>efficaces’existere</span> <span class='ocrx_word' id='word_1_331' title='bbox 467 2307 476 2321; x_wconf 92' lang='lat'>,</span> <span class='ocrx_word' id='word_1_332' title='bbox 501 2290 533 2316; x_wconf 85' lang='lat' dir='ltr'>et</span> <span class='ocrx_word' id='word_1_333' title='bbox 554 2283 626 2316; x_wconf 90' lang='lat' dir='ltr'>fore</span> <span class='ocrx_word' id='word_1_334' title='bbox 643 2306 654 2321; x_wconf 93' lang='lat'>,</span> <span class='ocrx_word' id='word_1_335' title='bbox 680 2293 828 2326; x_wconf 86' lang='lat' dir='ltr'>suosque</span> <span class='ocrx_word' id='word_1_336' title='bbox 856 2281 1044 2326; x_wconf 85' lang='lat' dir='ltr'>plenarios,</span> <span class='ocrx_word' id='word_1_337' title='bbox 1076 2291 1110 2316; x_wconf 93' lang='lat' dir='ltr'>et</span> <span class='ocrx_word' id='word_1_338' title='bbox 1129 2282 1278 2325; x_wconf 72' lang='lat' dir='ltr'>integros</span> <span class='ocrx_word' id='word_1_339' title='bbox 1306 2280 1443 2317; x_wconf 83' lang='lat' dir='ltr'>effectus</span> <span class='ocrx_word' id='word_1_340' title='bbox 1473 2276 1614 2316; x_wconf 73' lang='lat' dir='ltr'>sortiri:</span> 
     </span>
     <span class='ocr_line' id='line_1_38' title="bbox 131 2325 1615 2376; baseline 0.001 -15"><span class='ocrx_word' id='word_1_341' title='bbox 131 2336 164 2361; x_wconf 90' lang='lat' dir='ltr'>et</span> <span class='ocrx_word' id='word_1_342' title='bbox 183 2328 332 2365; x_wconf 88' lang='lat' dir='ltr'>obtinere</span> <span class='ocrx_word' id='word_1_343' title='bbox 347 2355 358 2371; x_wconf 91' lang='lat'>,</span> <span class='ocrx_word' id='word_1_344' title='bbox 385 2344 421 2367; x_wconf 83' lang='lat' dir='ltr'>ae</span> <span class='ocrx_word' id='word_1_345' title='bbox 439 2330 502 2366; x_wconf 90' lang='lat' dir='ltr'>illis</span> <span class='ocrx_word' id='word_1_346' title='bbox 518 2355 528 2370; x_wconf 94' lang='lat'>,</span> <span class='ocrx_word' id='word_1_347' title='bbox 554 2332 592 2365; x_wconf 87' lang='lat' dir='ltr'>ad</span> <span class='ocrx_word' id='word_1_348' title='bbox 609 2342 693 2376; x_wconf 89' lang='lat' dir='ltr'>quos</span> <span class='ocrx_word' id='word_1_349' title='bbox 719 2337 870 2374; x_wconf 84' lang='lat' dir='ltr'>spectat,</span> <span class='ocrx_word' id='word_1_350' title='bbox 899 2339 933 2364; x_wconf 93' lang='lat' dir='ltr'>et</span> <span class='ocrx_word' id='word_1_351' title='bbox 948 2341 1010 2374; x_wconf 86' lang='lat' dir='ltr'>pro</span> <span class='ocrx_word' id='word_1_352' title='bbox 1028 2339 1185 2375; x_wconf 88' lang='lat' dir='ltr'>tempore</span> <span class='ocrx_word' id='word_1_353' title='bbox 1205 2325 1369 2375; x_wconf 86' lang='lat' dir='ltr'>spectabit</span> <span class='ocrx_word' id='word_1_354' title='bbox 1397 2328 1429 2363; x_wconf 92' lang='lat' dir='ltr'>in</span> <span class='ocrx_word' id='word_1_355' title='bbox 1445 2327 1615 2366; x_wconf 87' lang='lat' dir='ltr'>omnibus,</span> 
     </span>
     <span class='ocr_line' id='line_1_39' title="bbox 132 2376 1615 2425; baseline 0 -15"><span class='ocrx_word' id='word_1_356' title='bbox 132 2385 167 2410; x_wconf 87' lang='lat' dir='ltr'>et</span> <span class='ocrx_word' id='word_1_357' title='bbox 187 2388 246 2422; x_wconf 88' lang='lat' dir='ltr'>per</span> <span class='ocrx_word' id='word_1_358' title='bbox 265 2380 374 2414; x_wconf 84' lang='lat' dir='ltr'>omnia</span> <span class='ocrx_word' id='word_1_359' title='bbox 389 2379 580 2425; x_wconf 87' lang='lat' dir='ltr'>plenissime</span> <span class='ocrx_word' id='word_1_360' title='bbox 596 2379 795 2425; x_wconf 80' lang='lat' dir='ltr'>suffragari3</span> <span class='ocrx_word' id='word_1_361' title='bbox 825 2377 940 2424; x_wconf 90' lang='lat' dir='ltr'>sicque</span> <span class='ocrx_word' id='word_1_362' title='bbox 961 2379 991 2412; x_wconf 91' lang='lat' dir='ltr'>in</span> <span class='ocrx_word' id='word_1_363' title='bbox 1009 2379 1188 2423; x_wconf 85' lang='lat' dir='ltr'>praemissis</span> <span class='ocrx_word' id='word_1_364' title='bbox 1219 2390 1278 2423; x_wconf 84' lang='lat' dir='ltr'>per</span> <span class='ocrx_word' id='word_1_365' title='bbox 1297 2388 1530 2424; x_wconf 86' lang='lat' dir='ltr'>quoscumque</span> <span class='ocrx_word' id='word_1_366' title='bbox 1559 2376 1615 2417; x_wconf 89' lang='lat' dir='ltr'>Ju-</span> 
     </span>
     <span class='ocr_line' id='line_1_40' title="bbox 133 2425 1618 2473; baseline 0 -13"><span class='ocrx_word' id='word_1_367' title='bbox 133 2425 225 2460; x_wconf 89' lang='lat' dir='ltr'>dices</span> <span class='ocrx_word' id='word_1_368' title='bbox 255 2450 265 2466; x_wconf 86' lang='lat'>,</span> <span class='ocrx_word' id='word_1_369' title='bbox 286 2427 509 2468; x_wconf 87' lang='lat' dir='ltr'>Ordinarios,</span> <span class='ocrx_word' id='word_1_370' title='bbox 537 2438 571 2463; x_wconf 88' lang='lat' dir='ltr'>et</span> <span class='ocrx_word' id='word_1_371' title='bbox 587 2427 795 2473; x_wconf 86' lang='lat' dir='ltr'>Delegatos,</span> <span class='ocrx_word' id='word_1_372' title='bbox 822 2427 920 2461; x_wconf 88' lang='lat' dir='ltr'>etiam</span> <span class='ocrx_word' id='word_1_373' title='bbox 949 2434 1120 2462; x_wconf 81' lang='lat' dir='ltr'>causarum</span> <span class='ocrx_word' id='word_1_374' title='bbox 1140 2427 1259 2462; x_wconf 85' lang='lat' dir='ltr'>Palatii</span> <span class='ocrx_word' id='word_1_375' title='bbox 1293 2425 1483 2472; x_wconf 86' lang='lat' dir='ltr'>Apostolici</span> <span class='ocrx_word' id='word_1_376' title='bbox 1512 2425 1618 2460; x_wconf 87' lang='lat' dir='ltr'>Audi-</span> 
     </span>
     <span class='ocr_line' id='line_1_41' title="bbox 133 2474 1620 2522; baseline 0.001 -13"><span class='ocrx_word' id='word_1_377' title='bbox 133 2482 250 2515; x_wconf 86' lang='lat' dir='ltr'>tores,</span> <span class='ocrx_word' id='word_1_378' title='bbox 280 2487 316 2510; x_wconf 83' lang='lat' dir='ltr'>ac</span> <span class='ocrx_word' id='word_1_379' title='bbox 332 2476 364 2510; x_wconf 88' lang='lat' dir='ltr'>S.</span> <span class='ocrx_word' id='word_1_380' title='bbox 381 2477 420 2510; x_wconf 83' lang='lat' dir='ltr'>R.</span> <span class='ocrx_word' id='word_1_381' title='bbox 433 2479 469 2511; x_wconf 86' lang='lat' dir='ltr'>E.</span> <span class='ocrx_word' id='word_1_382' title='bbox 501 2476 695 2513; x_wconf 87' lang='lat' dir='ltr'>Cardinales</span> <span class='ocrx_word' id='word_1_383' title='bbox 723 2477 820 2511; x_wconf 84' lang='lat' dir='ltr'>etiam</span> <span class='ocrx_word' id='word_1_384' title='bbox 851 2476 892 2510; x_wconf 91' lang='lat' dir='ltr'>de</span> <span class='ocrx_word' id='word_1_385' title='bbox 923 2476 1026 2510; x_wconf 86' lang='lat' dir='ltr'>latere</span> <span class='ocrx_word' id='word_1_386' title='bbox 1051 2476 1193 2522; x_wconf 84' lang='lat' dir='ltr'>Legatos</span> <span class='ocrx_word' id='word_1_387' title='bbox 1222 2501 1232 2516; x_wconf 90' lang='lat'>,</span> <span class='ocrx_word' id='word_1_388' title='bbox 1265 2484 1298 2510; x_wconf 90' lang='lat' dir='ltr'>et</span> <span class='ocrx_word' id='word_1_389' title='bbox 1334 2476 1417 2511; x_wconf 90' lang='lat' dir='ltr'>alios</span> <span class='ocrx_word' id='word_1_390' title='bbox 1448 2474 1620 2521; x_wconf 89' lang='lat' dir='ltr'>quoslibet</span> 
     </span>
     <span class='ocr_line' id='line_1_42' title="bbox 137 2524 1620 2572; baseline 0.001 -14"><span class='ocrx_word' id='word_1_391' title='bbox 137 2535 348 2571; x_wconf 86' lang='lat' dir='ltr'>quacumque</span> <span class='ocrx_word' id='word_1_392' title='bbox 377 2526 628 2572; x_wconf 70' lang='lat' dir='ltr'>praeminentia,</span> <span class='ocrx_word' id='word_1_393' title='bbox 657 2534 689 2560; x_wconf 90' lang='lat' dir='ltr'>et</span> <span class='ocrx_word' id='word_1_394' title='bbox 720 2533 885 2572; x_wconf 86' lang='lat' dir='ltr'>potestate</span> <span class='ocrx_word' id='word_1_395' title='bbox 917 2524 1096 2571; x_wconf 80' lang='lat' dir='ltr'>fungentes</span> <span class='ocrx_word' id='word_1_396' title='bbox 1131 2550 1143 2566; x_wconf 93' lang='lat'>,</span> <span class='ocrx_word' id='word_1_397' title='bbox 1174 2534 1208 2561; x_wconf 92' lang='lat' dir='ltr'>et</span> <span class='ocrx_word' id='word_1_398' title='bbox 1232 2525 1408 2561; x_wconf 82' lang='lat' dir='ltr'>functuros</span> <span class='ocrx_word' id='word_1_399' title='bbox 1437 2549 1448 2566; x_wconf 83' lang='grc'>,</span> <span class='ocrx_word' id='word_1_400' title='bbox 1493 2525 1620 2561; x_wconf 86' lang='lat' dir='ltr'>sublata</span> 
     </span>
    </p>
   </div>
   <div class='ocr_carea' id='block_1_6' title="bbox 1181 2574 1620 2622">
    <p class='ocr_par' dir='ltr' id='par_1_8' title="bbox 1181 2574 1620 2622">
     <span class='ocr_line' id='line_1_43' title="bbox 1181 2574 1620 2622; baseline -0.005 -11"><span class='ocrx_word' id='word_1_401' title='bbox 1181 2588 1202 2622; x_wconf 82' lang='lat' dir='ltr'>g</span> <span class='ocrx_word' id='word_1_402' title='bbox 1474 2583 1477 2585; x_wconf 88' lang='grc'><strong><em>·</em></strong></span> <span class='ocrx_word' id='word_1_403' title='bbox 1546 2574 1620 2616; x_wconf 85' lang='lat' dir='ltr'>eis,</span> 
     </span>
    </p>
   </div>
  </div>
 </body>
</html>
