2075 3167
514 239 570 288 ιβ
810 235 887 278 DE
912 233 1049 283 JURE
1068 229 1418 276 SIGNATURAE
1447 227 1703 279 JusTlTlAE

513 311 609 343 mm
636 295 900 354 promovendi
919 326 933 345 ,
962 308 1057 337 cum
1098 292 1247 335 eisdem
1293 289 1571 350 prerogativis
1585 320 1600 340 ,
1632 288 1784 344 quibus
1830 286 1895 328 alii
1942 286 1986 328 in

516 353 796 407 Bononiensi,
823 352 1031 396 parisiensi
1050 381 1063 400 ‚
1093 350 1337 396 Lovaniensi
1353 384 1367 403 ,
1381 349 1632 397 Tholosana.
1649 362 1695 390 ac
1713 345 1867 389 caeteris
1881 345 1986 387 Uni-

465 454 473 459 .
514 415 773 462 versitatibus
787 413 986 473 promoti,
1017 411 1137 454 etiarn
1167 411 1209 453 in
1226 408 1527 468 'assequutioue
1544 407 1838 453 Beneficiorum
1858 403 1985 446 Eccle-

512 474 763 519 siasticorurn
782 502 796 521 ,
828 485 1004 515 utuntur
1024 501 1035 512 .

640 531 936 575 commendata
956 528 1205 572 Monasteria
1223 558 1238 578 ,
1265 542 1446 584 quorum
1470 525 1647 586 {chates
1667 523 1789 565 Mitra
1807 552 1822 571 ,
1853 534 1898 562 ac
1916 532 1993 561 cae·

515 590 609 635 teris
642 590 942 634 pontificalibus
969 588 1031 630 usi
1063 600 1191 636 sunt,
1220 587 1252 628 si
1282 587 1378 629 dicti
1407 584 1678 627 Referendarii
1696 580 1994 643 obtinuissent3

519 651 666 692 eisdem
693 647 893 692 concessit
908 647 952 688 in
969 646 1065 704 ipsis
1080 644 1343 688 Monasteriis
1359 676 1373 694 ,
1401 643 1571 702 perinde
1605 643 1705 686 acsi
1725 643 1903 684 Abbates
1920 637 1994 702 ipsi

513 722 729 765 praeessent
745 736 762 756 ‚
794 706 924 749 Mitra
943 734 957 754 ‚
988 704 1158 754 Annio,
1184 717 1225 746 et
1252 705 1406 746 Baculo
1422 702 1615 744 Pastorali
1633 730 1649 749 ‚
1678 716 1719 744 et
1735 700 1822 743 aliis
1853 701 1994 759 Pomt-

510 766 699 809 ficalibus
717 766 775 809 uti
792 795 806 813 ‚
839 780 886 807 ac
905 765 1121 808 solemnem
1137 763 1465 805 Benedictionem
1490 775 1580 818 post
1596 761 1816 803 Missamm
1830 789 1845 808 ‚
1872 771 1919 798 ac
1941 755 1998 796 dn-

511 826 707 868 vinorum
725 824 969 866 Officiorum
985 823 1175 866 solemnia
1193 820 1388 879 impartiri
1403 852 1418 872 ,
1433 821 1656 862 dummodo
1667 819 1731 862 vel
1744 817 1890 872 aliquis
1905 817 2000 856 An-

514 882 637 933 tistes,
653 884 872 940 Legatusve
891 885 931 925 S.
952 883 1063 925 Sedis
1077 881 1179 924 inibi
1197 896 1284 923 non
1303 880 1477 930 intersit,
1503 894 1632 937 eoque
1664 878 1919 920 interessenoe
1949 872 1999 914 de

518 939 625 981 illius
641 955 805 984 assensu
824 971 835 981 .
1536 975 1538 977 ,

633 999 826 1041 Decrevit
854 998 1056 1045 ulterius,
1084 1010 1136 1037 ut
1167 996 1315 1051 singuli
1351 993 1627 1035 Referendarii
1670 991 1849 1031 habeant
1893 987 2000 1029 duos

513 1053 729 1096 familiares
745 1056 788 1095 in
813 1056 949 1096 rotulo
971 1051 1136 1096 familiae
1153 1052 1374 1094 Pontificioe
1390 1051 1610 1102 descriptos
1624 1078 1639 1096 ,
1668 1062 1711 1088 et
1723 1048 1800 1102 ἱρά
1812 1045 2005 1087 Referen-

518 1112 622 1154 darii
638 1110 939 1167 expeditionem
956 1120 1314 1162 quarumcumque
1327 1108 1548 1148 litterarum
1564 1104 1907 1162 Apostolicarum,
1920 1117 2002 1145 tam

517 1169 720 1226 gratiam,
750 1181 875 1223 quam
906 1165 1098 1222 justitiam
1130 1161 1497 1212 concernentium,
1527 1177 1691 1204 necnon
1708 1163 2005 1205 instrumento-

516 1242 609 1268 rurn
626 1257 643 1275 ,
681 1239 722 1267 et
769 1225 941 1266 aliarum
982 1237 1338 1279 quarumcumque
1388 1237 1525 1264 rerum
1570 1222 1728 1275 ubique
1775 1221 1818 1263 in
1863 1221 2004 1263 omni-

518 1287 598 1327 bus
617 1283 778 1330 Officiis
795 1298 877 1325 tam
894 1281 1178 1330 Cancellariae,
1196 1295 1320 1335 quam
1336 1279 1646 1333 Sollicitatorurn
1664 1281 1868 1322 literarum
1882 1281 2004 1338 Apo-

517 1343 780 1393 stolicarum,
812 1341 1002 1389 Gamerae
1021 1338 1293 1398 Apostolicae‚
1333 1353 1371 1382 et
1400 1340 1443 1381 in
1474 1340 1696 1383 Auditorio
1716 1341 1857 1389 Rotae,
1888 1353 1928 1381 et
1960 1338 2004 1380 in

515 1403 736 1456 quibusvis
775 1401 859 1444 aliis
889 1400 1239 1449 Ordinariorum,
1268 1412 1310 1441 et
1351 1398 1772 1442 extraordinariorum
1806 1398 2004 1446 judicum

517 1459 817 1504 Tribuualibus
838 1459 960 1517 gratis
970 1459 1162 1507 habeant,
1177 1472 1301 1515 prout
1318 1458 1383 1500 alii
1398 1457 1676 1505 familiares,ac
1695 1457 1883 1500 continui
1898 1471 2005 1499 oom-

518 1519 714 1562 mensales
743 1520 788 1563 in
819 1519 954 1562 rotulo
988 1517 1205 1574 descripti,
1236 1530 1276 1560 et
1307 1517 1543 1560 Causarum
1591 1516 1734 1560 Palatii
1780 1513 2015 1575 Apostolici*

519 1578 749 1621 Auditores
768 1609 780 1620 .

636 1635 854 1680 Concessit
886 1632 1009 1678 etiarn
1025 1667 1046 1685 ι
1070 1647 1119 1678 ut
1134 1647 1286 1682 eornm
1304 1634 1457 1693 singuli
1475 1635 1697 1691 quotannis
1711 1648 1787 1692 pro
1814 1632 2007 1692 peculiari

522 1708 603 1736 usu
633 1709 682 1737 ex
712 1695 812 1753 Ripa
831 1724 844 1741 ‚
876 1709 915 1737 et
928 1696 1089 1751 Ripetta
1112 1693 1235 1737 Urbis
1262 1695 1469 1741 extrahere
1492 1695 1647 1754 possint
1671 1709 1738 1737 sex
1757 1707 1909 1750 vegetes
1922 1691 2011 1736 vini

523 1755 754 1795 communis
767 1753 887 1811 gratis
905 1782 919 1801 ,
951 1752 1005 1794 ad
1020 1753 1146 1801 instar
1164 1751 1422 1796 Clericorum
1451 1753 1642 1796 Camerae
1659 1784 1670 1793 .
1706 1754 1833 1794 Exem
1933 1751 2013 1791 de-

519 1810 614 1853 inde
636 1826 705 1854 eos
738 1811 953 1854 declaravit
974 1814 1028 1858 ab
1055 1810 1170 1852 omni
1200 1812 1488 1861 jurisdictione
1520 1809 1765 1857 Ordinarii,
1796 1809 1810 1848 i
1855 1822 1902 1851 ut
1920 1821 2012 1850 om·

514 1868 585 1910 nia
603 1901 618 1919 ,
650 1882 689 1910 et
726 1869 887 1923 singula
922 1868 1118 1910 Beneficia
1139 1897 1153 1914 ‚
1183 1867 1266 1909 sive
1306 1867 1443 1909 officia
1471 1867 1743 1908 Ecclesiastica
1777 1865 1831 1905 ab
1862 1864 2013 1907 eisdem

515 1926 685 1969 obtenta
701 1957 717 1976 ,
748 1927 854 1967 acin
869 1925 1063 1967 futurum
1088 1921 1346 1971 obtinenda,
1376 1935 1417 1964 et
1440 1923 1483 1964 in
1514 1921 1589 1963 illis
1600 1935 1675 1978 pro
1692 1935 1869 1978 tempore
1882 1922 2012 1966 deser-

512 1985 667 2030 vientes
697 1983 909 2043 Capellani
927 2012 941 2031 ,
973 1982 1206 2026 Familiares
1227 2011 1242 2032 ,
1265 1993 1308 2022 et
1322 1979 1546 2024 Servitores
1563 1980 1627 2021 sui
1650 2009 1664 2028 ‚
1696 1994 1734 2022 et
1750 1980 1913 2038 propria
1926 2012 1941 2031 ‚
1959 1996 2009 2024 ac

511 2042 682 2091 illorum>
713 2044 825 2086 bona
841 2074 856 2093 ‚
877 2039 1030 2097 =quoad
1054 2039 1231 2085 vixerint
1263 2038 1462 2087 immunia
1487 2039 1625 2081 forent
1644 2040 1697 2082 ab
1712 2040 1823 2081 omni
1837 2038 2013 2087 jurisdi-

483 2122 487 2123 ⁷
515 2100 650 2145 ctione
682 2131 698 2150 ,
744 2102 1024 2152 correctione,
1053 2095 1283 2143 visitatione
1311 2127 1325 2145 ,
1371 2097 1560 2140 dominio
1578 2126 1593 2146 ,
1630 2113 1677 2141 ac
1709 2112 1901 2155 potestate
1932 2098 2011 2141 Ar-

502 2160 892 2217 ·chiepiscoporum,
921 2157 1246 2216 Episcoporum,
1278 2155 1548 2200 praelatorum
1569 2188 1585 2207 ,
1628 2171 1669 2200 et
1693 2157 2022 2203 Ordinatiorumr

514 2216 698 2261 locorum
727 2230 1113 2274 quorumcumque,
1142 2214 1393 2257 Officialium
1413 2246 1429 2265 ,
1460 2213 1505 2258 &
1534 2214 1758 2265 judicum,
1788 2217 1942 2260 etiama
1963 2216 2006 2257 S.

516 2276 616 2318 Sede
638 2278 943 2334 delegatorum3
972 2289 1124 2330 eosque
1158 2273 1202 2314 in
1230 2274 1350 2315 rebus
1369 2305 1382 2323 ‚
1422 2285 1462 2317 et
1491 2275 1612 2318 bonis
1643 2276 1815 2334 propriis
1849 2276 2012 2318 dumta-

514 2348 609 2384 xat,
640 2349 679 2378 et
699 2348 807 2379 ‘cum
837 2338 892 2379 eis
919 2335 1230 2382 contrahentes,
1260 2346 1286 2373 a
1316 2333 1560 2384 solutione,
1589 2346 1629 2376 et
1661 2335 1871 2378 exactione
1900 2348 2011 2390 qua-

521 2406 786 2449 rumcumque
819 2394 1063 2451 gabessarum
1079 2421 1093 2439 ,
1124 2391 1385 2435 bouet-,taram
1408 2424 1422 2442 ‚
1453 2393 1703 2436 decimarum
1723 2423 1738 2442 ,
1768 2407 1808 2437 et
1832 2391 2012 2449 cujusvis

513 2451 684 2499 alterius
714 2454 848 2494 oneris
864 2468 947 2496 tarn
977 2449 1203 2502 ordinarii,
1233 2464 1359 2508 quam
1385 2451 1734 2503 extraordinarii,
1761 2453 2012 2506 ubicumque
2065 2446 2075 2457 ¹
