1993 3195
83 322 187 359 dictas
216 322 319 355 ’raxas
349 329 654 363 recognoscamus,
683 326 716 352 et
742 321 837 356 jutta
882 321 984 353 nostri
1026 320 1155 356 arbitrii
1187 320 1325 354 modum
1355 331 1408 353 cas
1451 284 1580 363 appro.5

88 369 227 406 bationis
259 365 443 401 munimine
468 368 689 404 roboremus3
723 364 799 399 alias
829 366 920 400 dicto
946 375 1097 410 tempore
1126 368 1238 410 elapso
1266 376 1570 402 teneanturserva.

90 431 126 453 re
144 421 174 452 in
201 426 317 450 eorum
348 414 585 450 Tribunalibus
612 415 720 447 Taxas
748 413 841 447 Pauli
867 414 905 448 V.
923 438 933 453 ,
961 425 1019 448 nec
1049 413 1135 449 ultra
1169 415 1302 450 Not-arii
1336 415 1460 458 aliquid
1503 417 1575 449 exi-

90 477 169 512 gere
199 475 259 508 pro
288 474 498 508 quacumque
528 461 746 506 expeditione
775 463 919 496 audeant
943 471 1106 505 praetextu
1134 461 1282 500 cujusvis
1311 462 1574 503 consuetudinis,

90 514 152 549 sub
181 524 277 558 poena
309 520 481 546 scutorum
515 512 656 549 decem,
684 519 716 543 et
745 508 816 544 aliis
845 511 983 544 arbitrio
1027 519 1274 551 executurum,
1301 510 1402 545 etiam
1442 522 1581 556 suspen-

87 561 187 597 sionis
218 561 258 595 ab
287 559 397 595 officio
425 569 486 604 pro
520 569 732 604 quacumque
760 559 1021 604 transgressione
1052 584 1062 594 .

427 688 492 730 De
527 683 780 748 Curybribus,
815 688 870 731 ἐξ
907 686 1182 732 Mandatariis
1198 718 1211 732 .

201 802 365 840 Ursores,
392 810 425 835 et
453 801 648 836 Mandatarii
683 800 892 846 quicumque
931 813 1049 836 eorum
1093 803 1243 837 officium
1273 800 1441 840 fideliter,
1468 809 1501 835 et
1540 813 1580 835 ea

189 863 253 896 qua
280 851 376 883 decet
405 849 616 895 integritate,
644 849 839 894 diligentia,
867 851 1006 895 peritia,
1034 859 1068 884 et
1094 850 1298 885 discretione
1325 857 1526 883 exerceant.

187 901 241 933 Ad
271 898 361 932 dicta
387 897 497 933 officia
538 910 602 932 non
633 898 852 932 admittantur
889 909 1037 942 personae
1073 909 1235 943 suspecta:
1267 898 1306 931 de
1350 896 1514 936 falsitate,
1543 904 1576 930 et

90 948 147 993 qui
164 947 316 981 nesciunt
332 946 468 991 legere,
496 946 549 980 vel
566 946 710 981 scribere
726 944 849 985 latine,
877 956 988 980 ernon
1023 948 1164 981 habeant
1195 944 1443 989 intelligibilem
1461 947 1581 979 chara-

91 1007 245 1034 cterem,
273 1006 382 1039 neque
415 994 534 1030 infirmi
563 1006 626 1028 non
658 994 803 1028 valentes
831 995 1000 1029 ambulare
1025 995 1172 1039 propriis
1217 995 1356 1038 pedibus
1378 1017 1388 1032 ‚
1417 992 1470 1026 vel
1484 1003 1578 1026 senes

91 1046 292 1079 excedentes
325 1054 446 1077 annum
474 1042 742 1088 sexagesimum:
779 1053 809 1076 et
835 1042 860 1076 si
885 1044 958 1087 quis
979 1049 1027 1077 'ex
1052 1042 1116 1077 illis
1145 1052 1258 1088 postea
1288 1041 1577 1076 fueritinfirmita-

91 1103 125 1127 te
155 1093 332 1130 detentus,
362 1091 446 1125 itaut
479 1100 621 1135 nequeat
645 1102 704 1136 per
729 1102 764 1124 se
791 1091 899 1134 ipsum
929 1103 1049 1125 munus
1062 1092 1181 1130 obire,
1209 1100 1287 1125 tunc
1319 1090 1349 1122 in
1379 1092 1448 1129 ejus
1466 1089 1581 1123 locum

95 1149 237 1186 nequeat
265 1139 348 1173 alter
375 1141 554 1172 succedere
581 1139 621 1173 ad
651 1140 874 1174 exercendum
905 1139 1052 1173 officium
1081 1163 1091 1179 ,
1118 1139 1179 1173 nisi
1209 1137 1310 1173 fuerit
1338 1139 1538 1182 approbatus
1557 1137 1574 1169 ὰ

93 1189 277 1234 Superiore
309 1185 496 1221 Tribunalis
519 1209 528 1219 .

193 1237 364 1270 Cui-sores
403 1234 560 1274 solitam,
588 1245 623 1270 et
649 1235 796 1270 debitam
842 1236 1061 1272 assistentiam
1104 1233 1443 1281 irreprehensibiliter
1472 1236 1584 1268 obscr-

95 1293 199 1324 vent,
230 1283 446 1318 Consistoria
479 1283 632 1328 publica,
661 1294 694 1318 et
723 1294 876 1325 secreta,
904 1297 1031 1320 necnon
1060 1286 1138 1320 alias
1177 1284 1405 1319 solemnitates
1423 1309 1432 1323 ,
1462 1291 1493 1316 et
1523 1280 1586 1315 Di-

93 1332 172 1367 vina
206 1332 329 1366 Officia
348 1356 358 1371 ,
385 1343 422 1366 ac
457 1332 756 1378 Congregationes
783 1333 930 1368 intimari
956 1333 1093 1374 solitas,
1123 1333 1267 1368 fideliter
1284 1331 1401 1366 debito
1428 1339 1586 1375 ternpore

93 1381 135 1415 de
164 1390 257 1415 more
288 1380 443 1413 intiinent
471 1379 734 1420 cardinalibus,
763 1390 797 1414 et
835 1381 906 1416 aliis
934 1384 1058 1426 quibus
1093 1391 1273 1416 tenentur.
1473 1396 1476 1401 v

194 1426 412 1466 Citationes,
440 1435 474 1460 et
502 1427 728 1463 intimationes
746 1430 939 1472 personales
956 1453 965 1467 ‚
994 1428 1046 1463 vel
1077 1431 1118 1462 ad
1132 1431 1271 1462 domum
1290 1450 1300 1465 ‚
1328 1426 1382 1460 vel
1411 1425 1442 1459 in
1465 1425 1584 1464 valvis,

90 1484 123 1511 et
150 1475 234 1510 locis
266 1474 437 1519 publicis,
466 1484 530 1509 tam
559 1477 726 1510 Cursores
747 1500 756 1511 ,
788 1488 886 1520 quam
905 1476 1100 1511 Mandatarii
1122 1487 1182 1521 pro
1209 1486 1327 1510 eorum
1361 1474 1491 1507 Officio
1511 1498 1521 1513 ‚
1552 1481 1587 1509 et

93 1523 211 1559 Curiis
243 1524 366 1568 quibus
401 1525 576 1563 serviunt,
603 1523 768 1563 fideliter,
799 1535 831 1559 et
860 1534 989 1560 mature
1027 1534 1263 1570 exequantur,
1291 1533 1323 1558 et
1354 1531 1510 1557 executas
1527 1532 1582 1556 re-

91 1573 196 1607 ferant
213 1595 223 1611 ,
250 1580 284 1605 et
307 1580 432 1606 contra
462 1572 615 1616 proprias
642 1584 798 1618 personas
816 1597 826 1612 ‚
860 1586 924 1608 non
956 1575 1169 1618 suppositas,
1198 1573 1252 1607 vel
1283 1571 1376 1606 falsas
1393 1595 1403 1609 ‚
1428 1579 1484 1605 aut
1514 1581 1579 1603 non

93 1620 244 1666 cognitas
277 1631 336 1664 per
363 1631 418 1654 eos
448 1644 458 1659 ,
485 1620 547 1654 sub
586 1632 682 1664 poena
721 1621 908 1656 amissionis
950 1622 1092 1656 Officii.
1125 1622 1163 1655 Et
1201 1621 1333 1665 quando
1362 1629 1509 1660 personae
1535 1617 1583 1651 ci-

96 1671 202 1703 tandae
229 1668 275 1703 eis
300 1677 388 1702 notae
420 1679 484 1702 non
511 1677 610 1707 sunt,
641 1680 706 1703 non
732 1669 907 1703 assertioni
937 1669 1068 1709 Partis,
1096 1672 1152 1704 sed
1180 1670 1322 1703 duorum
1358 1667 1509 1701 Testium
1525 1666 1586 1700 de-

94 1716 255 1762 positioni
291 1719 333 1751 de
360 1716 510 1760 personis
532 1716 670 1751 citandis
708 1727 818 1751 veram
850 1717 1000 1752 notitiam
1039 1718 1258 1757 habentium,
1298 1727 1384 1750 stare
1411 1715 1585 1754 debeant,

94 1765 176 1800 alias
206 1766 436 1800 executionem
466 1765 633 1799 citationis
662 1766 797 1802 facere,
827 1766 876 1799 vel
907 1767 1025 1800 factam
1057 1766 1179 1800 referre
1207 1777 1271 1799 non
1302 1764 1461 1802 debeant3
1492 1763 1584 1797 etde

94 1812 263 1858 personali
293 1813 557 1859 apprehensione
586 1813 618 1846 in
658 1813 727 1858 ipsa
770 1812 929 1848 relatione
971 1815 1178 1848 mentionem
1218 1813 1330 1848 facere
1376 1819 1584 1850 teneantur,

95 1862 316 1906 exprimendo
343 1862 373 1895 in
406 1874 443 1896 ea
457 1861 560 1904 --feci
580 1861 796 1908 personaliter
809 1879 834 1890 --
851 1862 912 1896 sub
939 1874 1036 1907 poena
1071 1861 1321 1906 suspensionis,
1350 1870 1382 1895 et
1405 1859 1480 1895 aliis
1511 1871 1587 1894 cor-

95 1910 266 1954 poralibus
292 1910 435 1945 arbitrio
462 1910 652 1954 Superioris
679 1910 870 1945 Tribunalis
892 1934 902 1949 ,
931 1922 990 1946 nec
1020 1912 1081 1946 sub
1115 1919 1280 1955 praetextu
1313 1910 1406 1954 quod
1450 1908 1584 1943 citatio-

92 1968 148 1991 nes
179 1961 310 1994 executi
337 1959 465 1994 fuerint
495 1959 525 1993 in
545 1958 695 1993 manibus
722 1959 891 1999 Juvenum
923 1962 1167 2004 cujuscumque
1196 1957 1429 1992 Procuratoris
1457 1958 1489 1990 in
1507 1968 1585 1990 cau⁴

93 2016 126 2039 sa
153 2008 378 2052 comparentis
401 2031 412 2048 ‚
450 2008 505 2042 vel
535 2007 565 2041 in
594 2008 743 2042 manibus
772 2006 1036 2042 Sollicitatorum
1062 2033 1072 2048 ‚
1103 2004 1242 2042 audeant
1273 2007 1371 2040 fidem
1404 2005 1514 2040 facere
1542 2005 1584 2038 de

95 2055 294 2090 executione
317 2064 449 2100 peracta
475 2056 626 2090 Personae
657 2055 913 2096 procuratoris,
940 2058 1003 2091 sub
1032 2068 1130 2102 poena
1158 2056 1231 2090 falsi
1251 2079 1261 2096 ‚
1291 2053 1433 2099 aliisque
1463 2061 1500 2087 ut
1532 2064 1587 2087 su-

93 2112 153 2146 pra
176 2103 316 2139 arbitrio
342 2104 532 2149 Superioris
566 2103 756 2137 Tribunalis
784 2128 794 2137 .

186 2153 254 2187 Sub
276 2154 393 2187 eadem
429 2164 524 2196 poena
553 2160 719 2193 nequeant
746 2151 1003 2198 Cursores,vel
1029 2151 1225 2187 Mandatarii
1254 2150 1431 2185 citationes
1459 2150 1498 2183 ab
1513 2148 1584 2183 aliis

95 2197 298 2235 Cursoribus
316 2225 325 2239 ,
351 2201 404 2234 vel
423 2199 639 2234 Mandatariis
666 2208 823 2234 executas
840 2200 1051 2235 subscribere
1071 2224 1081 2240 ,
1097 2201 1196 2235 etiam
1226 2201 1317 2244 quod
1347 2199 1434 2232 inter
1453 2209 1486 2231 se
1502 2196 1583 2232 cita-

96 2245 223 2288 tiones,
248 2248 301 2283 vel
318 2248 414 2284 Urbis
433 2248 586 2292 regiones
603 2246 830 2287 distribuant,
857 2251 914 2282 sed
938 2247 1064 2283 illemet
1079 2250 1236 2287 Cursor,
1263 2246 1316 2281 vel
1333 2245 1586 2283 Mandatariu55

96 2294 155 2338 qui
170 2294 359 2333 citationem
381 2305 429 2331 est
441 2305 604 2330 executus
620 2317 630 2333 ‚
651 2295 683 2328 in
706 2297 794 2338 pede
818 2296 965 2334 ejusdem
995 2297 1116 2330 debeat
1132 2297 1229 2330 fidem
1247 2319 1258 2334 ,
1275 2304 1310 2329 et
1327 2295 1520 2329 relationem
1535 2292 1587 2326 fa·

98 2352 173 2376 cere
192 2346 398 2381 executionis
415 2356 474 2390 per
486 2356 559 2378 eum
576 2343 671 2378 factae
687 2366 696 2375 .
1566 2360 1570 2361 ν

194 2392 265 2427 Prae
289 2394 415 2430 caeteris
444 2402 580 2428 curent,
607 2401 639 2425 et
655 2390 788 2425 assidat>
816 2390 1016 2436 invigilent,
1051 2391 1142 2436 quod
1168 2390 1274 2434 copiae
1291 2390 1488 2425 citationum
1508 2399 1588 2423 exe-

99 2442 331 2483 quendarum‚
365 2440 419 2476 vel
437 2439 677 2486 personaliter,
711 2438 762 2472 vel
779 2439 870 2473 domi
886 2439 1022 2474 dimissa
1053 2439 1173 2482 copia,
1204 2449 1261 2473 aut
1292 2439 1324 2472 in
1343 2438 1493 2472 manibus
1523 2439 1588 2472 do-

98 2489 337 2531 mesticorum,
369 2489 434 2524 sint
445 2489 581 2524 omnino
607 2487 803 2533 conscriptae
821 2488 934 2527 bono,
966 2496 999 2522 et
1014 2489 1052 2522 ab
1068 2487 1225 2522 omnibus
1243 2486 1447 2534 intelligibili
1481 2488 1591 2522 chara-

1110 2547 1119 2570 ι
1528 2543 1596 2570 cte-
